[
    {
        "ASIN": "B07VW3YSWH",
        "title": "Tree Hut Vitamin C Shea Sugar Scrub, 18 oz, Ultra Hydrating and Exfoliating Scrub for Nourishing Essential Body Care",
        "price": "$7.94 ($0.44 / Ounce)",
        "listPrice": "$8.99 ($0.50 / Ounce)",
        "imageUrl": "https://m.media-amazon.com/images/I/41m8o84tRAL._SL160_.jpg",
        "detailPageURL": "https://www.amazon.com/dp/B07VW3YSWH",
        "rating": "4.7",
        "totalReviews": "8618",
        "subtitle": "Tree Hut",
        "isPrimeEligible": "1"
    },
    {
        "ASIN": "B0B4T81J1Q",
        "title": "Body Scrub \u2013 Moisturizing and Softening with Nourishing Body Oils -Exfoliating Salt Scrub For Body - Win Against Aging, Acne, Eczema, Psoriasis & Dead Skin Scars- 10 oz (Pomegranate)",
        "price": "$6.95 ($0.70 / Fl Oz)",
        "listPrice": "$9.95 ($1.00 / Fl Oz)",
        "imageUrl": "https://m.media-amazon.com/images/I/518KI0C0JvL._SL160_.jpg",
        "detailPageURL": "https://www.amazon.com/dp/B0B4T81J1Q",
        "rating": "3.2",
        "totalReviews": "23",
        "subtitle": "Artnaturals",
        "isPrimeEligible": "1"
    },
    {
        "ASIN": "B08T4FLJQZ",
        "title": "Dove Scrub Brown Sugar & Coconut Butter For Silky Smooth Skin Body Scrub Exfoliates & Restores Skin's Natural Nutrients 10.5 oz",
        "price": "$7.32 ($0.70 / Ounce)",
        "listPrice": "",
        "imageUrl": "https://m.media-amazon.com/images/I/41-X6Uj5c2L._SL160_.jpg",
        "detailPageURL": "https://www.amazon.com/dp/B08T4FLJQZ",
        "rating": "4.7",
        "totalReviews": "4205",
        "subtitle": "Dove",
        "isPrimeEligible": "1"
    },
    {
        "ASIN": "B0794N16ZD",
        "title": "Dove Scrub Macadamia & Rice Milk Reveals Visibly Smoother Skin Body Scrub That Nourishes Skin 10.5 oz",
        "price": "$6.97 ($0.66 / Ounce)",
        "listPrice": "",
        "imageUrl": "https://m.media-amazon.com/images/I/6153Cm1SPLL._SL160_.jpg",
        "detailPageURL": "https://www.amazon.com/dp/B0794N16ZD",
        "rating": "4.7",
        "totalReviews": "29177",
        "subtitle": "",
        "isPrimeEligible": "1"
    },
    {
        "ASIN": "B09VH8PNC9",
        "title": "Dr Teal's Shea Sugar Body Scrub, Rose with Essential Oil, 19 oz (Pack of 3) (Packaging May Vary)",
        "price": "$20.94 ($0.37 / Ounce)",
        "listPrice": "$23.99 ($0.42 / Ounce)",
        "imageUrl": "https://m.media-amazon.com/images/I/419wIqfMz-L._SL160_.jpg",
        "detailPageURL": "https://www.amazon.com/dp/B09VH8PNC9",
        "rating": "4.8",
        "totalReviews": "1995",
        "subtitle": "Dr Teal's",
        "isPrimeEligible": "1"
    },
    {
        "ASIN": "B07TH9YNL7",
        "title": "Brooklyn Botany Dead Sea Salt and Coconut Milk Body Scrub - Moisturizing and Exfoliating Body, Face, Hand, Foot Scrub - Fights Stretch Marks, Fine Lines, Wrinkles - Great Gifts for Women & Men - 10 oz",
        "price": "$9.99 ($0.95 / Ounce)",
        "listPrice": "$21.99 ($2.09 / Ounce)",
        "imageUrl": "https://m.media-amazon.com/images/I/4152M3OTu9L._SL160_.jpg",
        "detailPageURL": "https://www.amazon.com/dp/B07TH9YNL7",
        "rating": "4.2",
        "totalReviews": "4383",
        "subtitle": "Brooklyn Botany",
        "isPrimeEligible": "1"
    },
    {
        "ASIN": "B09YH2HCWC",
        "title": "Grapefruit Body Scrub - Moisturizing Jojoba, Aloe Vera & Nourishing Body Oils - Exfoliating Salt Scrub For Body & Face -Win Against Aging, Stretch Marks, Cellulite, Acne & Dead Skin Scars- 10 oz",
        "price": "$14.95 ($1.50 / Ounce)",
        "listPrice": "",
        "imageUrl": "https://m.media-amazon.com/images/I/51zmSWjwrxL._SL160_.jpg",
        "detailPageURL": "https://www.amazon.com/dp/B09YH2HCWC",
        "rating": "4.2",
        "totalReviews": "607",
        "subtitle": "Artnaturals",
        "isPrimeEligible": "1"
    },
    {
        "ASIN": "B07Q9C3YTQ",
        "title": "SheaMoisture Body Scrub for Dull Skin Illuminating Coconut and Hibiscus Cruelty-Free Skin Care 12 oz",
        "price": "$9.42 ($0.78 / Ounce)",
        "listPrice": "",
        "imageUrl": "https://m.media-amazon.com/images/I/31L0XCMqHoL._SL160_.jpg",
        "detailPageURL": "https://www.amazon.com/dp/B07Q9C3YTQ",
        "rating": "4.4",
        "totalReviews": "5832",
        "subtitle": "SheaMoisture",
        "isPrimeEligible": "1"
    },
    {
        "ASIN": "B07CTSS14R",
        "title": "OGX Coffee Scrub and Wash, Coconut 19.5 Fl Oz",
        "price": "$6.97 ($0.36 / Fl Oz)",
        "listPrice": "$9.29 ($0.48 / Fl Oz)",
        "imageUrl": "https://m.media-amazon.com/images/I/41+f17a1tuL._SL160_.jpg",
        "detailPageURL": "https://www.amazon.com/dp/B07CTSS14R",
        "rating": "4.7",
        "totalReviews": "49394",
        "subtitle": "OGX",
        "isPrimeEligible": "1"
    },
    {
        "ASIN": "B076DSRB6B",
        "title": "Himalayan Salt Scrub Face Foot & Body Exfoliator Infused with Collagen and Stem Cell Natural Exfoliating Salt Body Scrub for Toning Skin Cellulite Skin Care Body Exfoliant by M3 Naturals",
        "price": "$19.72 ($1.64 / Ounce)",
        "listPrice": "$34.81 ($2.90 / Ounce)",
        "imageUrl": "https://m.media-amazon.com/images/I/51yR4rNBCcL._SL160_.jpg",
        "detailPageURL": "https://www.amazon.com/dp/B076DSRB6B",
        "rating": "4.4",
        "totalReviews": "25041",
        "subtitle": "M3 Naturals",
        "isPrimeEligible": "1"
    },
    {
        "ASIN": "B0B4T81J1Q",
        "title": "Body Scrub \u2013 Moisturizing and Softening with Nourishing Body Oils -Exfoliating Salt Scrub For Body - Win Against Aging, Acne, Eczema, Psoriasis & Dead Skin Scars- 10 oz (Pomegranate)",
        "price": "$6.95 ($0.70 / Fl Oz)",
        "listPrice": "$9.95 ($1.00 / Fl Oz)",
        "imageUrl": "https://m.media-amazon.com/images/I/518KI0C0JvL._SL160_.jpg",
        "detailPageURL": "https://www.amazon.com/dp/B0B4T81J1Q",
        "rating": "3.2",
        "totalReviews": "23",
        "subtitle": "Artnaturals",
        "isPrimeEligible": "1"
    },
    {
        "ASIN": "B08T4FLJQZ",
        "title": "Dove Scrub Brown Sugar & Coconut Butter For Silky Smooth Skin Body Scrub Exfoliates & Restores Skin's Natural Nutrients 10.5 oz",
        "price": "$7.32 ($0.70 / Ounce)",
        "listPrice": "",
        "imageUrl": "https://m.media-amazon.com/images/I/41-X6Uj5c2L._SL160_.jpg",
        "detailPageURL": "https://www.amazon.com/dp/B08T4FLJQZ",
        "rating": "4.7",
        "totalReviews": "4205",
        "subtitle": "Dove",
        "isPrimeEligible": "1"
    },
    {
        "ASIN": "B0794N16ZD",
        "title": "Dove Scrub Macadamia & Rice Milk Reveals Visibly Smoother Skin Body Scrub That Nourishes Skin 10.5 oz",
        "price": "$6.97 ($0.66 / Ounce)",
        "listPrice": "",
        "imageUrl": "https://m.media-amazon.com/images/I/6153Cm1SPLL._SL160_.jpg",
        "detailPageURL": "https://www.amazon.com/dp/B0794N16ZD",
        "rating": "4.7",
        "totalReviews": "29177",
        "subtitle": "",
        "isPrimeEligible": "1"
    },
    {
        "ASIN": "B09VH8PNC9",
        "title": "Dr Teal's Shea Sugar Body Scrub, Rose with Essential Oil, 19 oz (Pack of 3) (Packaging May Vary)",
        "price": "$20.94 ($0.37 / Ounce)",
        "listPrice": "$23.99 ($0.42 / Ounce)",
        "imageUrl": "https://m.media-amazon.com/images/I/419wIqfMz-L._SL160_.jpg",
        "detailPageURL": "https://www.amazon.com/dp/B09VH8PNC9",
        "rating": "4.8",
        "totalReviews": "1995",
        "subtitle": "Dr Teal's",
        "isPrimeEligible": "1"
    },
    {
        "ASIN": "B07TH9YNL7",
        "title": "Brooklyn Botany Dead Sea Salt and Coconut Milk Body Scrub - Moisturizing and Exfoliating Body, Face, Hand, Foot Scrub - Fights Stretch Marks, Fine Lines, Wrinkles - Great Gifts for Women & Men - 10 oz",
        "price": "$9.99 ($0.95 / Ounce)",
        "listPrice": "$21.99 ($2.09 / Ounce)",
        "imageUrl": "https://m.media-amazon.com/images/I/4152M3OTu9L._SL160_.jpg",
        "detailPageURL": "https://www.amazon.com/dp/B07TH9YNL7",
        "rating": "4.2",
        "totalReviews": "4383",
        "subtitle": "Brooklyn Botany",
        "isPrimeEligible": "1"
    },
    {
        "ASIN": "B09YH2HCWC",
        "title": "Grapefruit Body Scrub - Moisturizing Jojoba, Aloe Vera & Nourishing Body Oils - Exfoliating Salt Scrub For Body & Face -Win Against Aging, Stretch Marks, Cellulite, Acne & Dead Skin Scars- 10 oz",
        "price": "$14.95 ($1.50 / Ounce)",
        "listPrice": "",
        "imageUrl": "https://m.media-amazon.com/images/I/51zmSWjwrxL._SL160_.jpg",
        "detailPageURL": "https://www.amazon.com/dp/B09YH2HCWC",
        "rating": "4.2",
        "totalReviews": "607",
        "subtitle": "Artnaturals",
        "isPrimeEligible": "1"
    },
    {
        "ASIN": "B07Q9C3YTQ",
        "title": "SheaMoisture Body Scrub for Dull Skin Illuminating Coconut and Hibiscus Cruelty-Free Skin Care 12 oz",
        "price": "$9.42 ($0.78 / Ounce)",
        "listPrice": "",
        "imageUrl": "https://m.media-amazon.com/images/I/31L0XCMqHoL._SL160_.jpg",
        "detailPageURL": "https://www.amazon.com/dp/B07Q9C3YTQ",
        "rating": "4.4",
        "totalReviews": "5832",
        "subtitle": "SheaMoisture",
        "isPrimeEligible": "1"
    },
    {
        "ASIN": "B07CTSS14R",
        "title": "OGX Coffee Scrub and Wash, Coconut 19.5 Fl Oz",
        "price": "$6.97 ($0.36 / Fl Oz)",
        "listPrice": "$9.29 ($0.48 / Fl Oz)",
        "imageUrl": "https://m.media-amazon.com/images/I/41+f17a1tuL._SL160_.jpg",
        "detailPageURL": "https://www.amazon.com/dp/B07CTSS14R",
        "rating": "4.7",
        "totalReviews": "49394",
        "subtitle": "OGX",
        "isPrimeEligible": "1"
    },
    {
        "ASIN": "B076DSRB6B",
        "title": "Himalayan Salt Scrub Face Foot & Body Exfoliator Infused with Collagen and Stem Cell Natural Exfoliating Salt Body Scrub for Toning Skin Cellulite Skin Care Body Exfoliant by M3 Naturals",
        "price": "$19.72 ($1.64 / Ounce)",
        "listPrice": "$34.81 ($2.90 / Ounce)",
        "imageUrl": "https://m.media-amazon.com/images/I/51yR4rNBCcL._SL160_.jpg",
        "detailPageURL": "https://www.amazon.com/dp/B076DSRB6B",
        "rating": "4.4",
        "totalReviews": "25041",
        "subtitle": "M3 Naturals",
        "isPrimeEligible": "1"
    },
    {
        "ASIN": "B0CFM8LGB2",
        "title": "The Spathecary Brown Sugar + Honey Smoothing Body Scrub, 21 oz, Ultra Hydrating and Exfoliating Scrub for Nourishing Essential Body Care",
        "price": "$7.99 ($0.38 / Ounce)",
        "listPrice": "",
        "imageUrl": "https://m.media-amazon.com/images/I/41mkkmtMHEL._SL160_.jpg",
        "detailPageURL": "https://www.amazon.com/dp/B0CFM8LGB2",
        "rating": "4.8",
        "totalReviews": "14",
        "subtitle": "The Spathecary",
        "isPrimeEligible": "1"
    },
    {
        "ASIN": "B08T4FLJQZ",
        "title": "Dove Scrub Brown Sugar & Coconut Butter For Silky Smooth Skin Body Scrub Exfoliates & Restores Skin's Natural Nutrients 10.5 oz",
        "price": "$7.32 ($0.70 / Ounce)",
        "listPrice": "",
        "imageUrl": "https://m.media-amazon.com/images/I/41-X6Uj5c2L._SL160_.jpg",
        "detailPageURL": "https://www.amazon.com/dp/B08T4FLJQZ",
        "rating": "4.7",
        "totalReviews": "4205",
        "subtitle": "Dove",
        "isPrimeEligible": "1"
    },
    {
        "ASIN": "B0794N16ZD",
        "title": "Dove Scrub Macadamia & Rice Milk Reveals Visibly Smoother Skin Body Scrub That Nourishes Skin 10.5 oz",
        "price": "$6.97 ($0.66 / Ounce)",
        "listPrice": "",
        "imageUrl": "https://m.media-amazon.com/images/I/6153Cm1SPLL._SL160_.jpg",
        "detailPageURL": "https://www.amazon.com/dp/B0794N16ZD",
        "rating": "4.7",
        "totalReviews": "29177",
        "subtitle": "",
        "isPrimeEligible": "1"
    },
    {
        "ASIN": "B09VH8PNC9",
        "title": "Dr Teal's Shea Sugar Body Scrub, Rose with Essential Oil, 19 oz (Pack of 3) (Packaging May Vary)",
        "price": "$20.94 ($0.37 / Ounce)",
        "listPrice": "$23.99 ($0.42 / Ounce)",
        "imageUrl": "https://m.media-amazon.com/images/I/419wIqfMz-L._SL160_.jpg",
        "detailPageURL": "https://www.amazon.com/dp/B09VH8PNC9",
        "rating": "4.8",
        "totalReviews": "1995",
        "subtitle": "Dr Teal's",
        "isPrimeEligible": "1"
    },
    {
        "ASIN": "B07TH9YNL7",
        "title": "Brooklyn Botany Dead Sea Salt and Coconut Milk Body Scrub - Moisturizing and Exfoliating Body, Face, Hand, Foot Scrub - Fights Stretch Marks, Fine Lines, Wrinkles - Great Gifts for Women & Men - 10 oz",
        "price": "$9.99 ($0.95 / Ounce)",
        "listPrice": "$21.99 ($2.09 / Ounce)",
        "imageUrl": "https://m.media-amazon.com/images/I/4152M3OTu9L._SL160_.jpg",
        "detailPageURL": "https://www.amazon.com/dp/B07TH9YNL7",
        "rating": "4.2",
        "totalReviews": "4383",
        "subtitle": "Brooklyn Botany",
        "isPrimeEligible": "1"
    },
    {
        "ASIN": "B09YH2HCWC",
        "title": "Grapefruit Body Scrub - Moisturizing Jojoba, Aloe Vera & Nourishing Body Oils - Exfoliating Salt Scrub For Body & Face -Win Against Aging, Stretch Marks, Cellulite, Acne & Dead Skin Scars- 10 oz",
        "price": "$14.95 ($1.50 / Ounce)",
        "listPrice": "",
        "imageUrl": "https://m.media-amazon.com/images/I/51zmSWjwrxL._SL160_.jpg",
        "detailPageURL": "https://www.amazon.com/dp/B09YH2HCWC",
        "rating": "4.2",
        "totalReviews": "607",
        "subtitle": "Artnaturals",
        "isPrimeEligible": "1"
    },
    {
        "ASIN": "B07Q9C3YTQ",
        "title": "SheaMoisture Body Scrub for Dull Skin Illuminating Coconut and Hibiscus Cruelty-Free Skin Care 12 oz",
        "price": "$9.42 ($0.78 / Ounce)",
        "listPrice": "",
        "imageUrl": "https://m.media-amazon.com/images/I/31L0XCMqHoL._SL160_.jpg",
        "detailPageURL": "https://www.amazon.com/dp/B07Q9C3YTQ",
        "rating": "4.4",
        "totalReviews": "5832",
        "subtitle": "SheaMoisture",
        "isPrimeEligible": "1"
    },
    {
        "ASIN": "B07CTSS14R",
        "title": "OGX Coffee Scrub and Wash, Coconut 19.5 Fl Oz",
        "price": "$6.97 ($0.36 / Fl Oz)",
        "listPrice": "$9.29 ($0.48 / Fl Oz)",
        "imageUrl": "https://m.media-amazon.com/images/I/41+f17a1tuL._SL160_.jpg",
        "detailPageURL": "https://www.amazon.com/dp/B07CTSS14R",
        "rating": "4.7",
        "totalReviews": "49394",
        "subtitle": "OGX",
        "isPrimeEligible": "1"
    },
    {
        "ASIN": "B076DSRB6B",
        "title": "Himalayan Salt Scrub Face Foot & Body Exfoliator Infused with Collagen and Stem Cell Natural Exfoliating Salt Body Scrub for Toning Skin Cellulite Skin Care Body Exfoliant by M3 Naturals",
        "price": "$19.72 ($1.64 / Ounce)",
        "listPrice": "$34.81 ($2.90 / Ounce)",
        "imageUrl": "https://m.media-amazon.com/images/I/51yR4rNBCcL._SL160_.jpg",
        "detailPageURL": "https://www.amazon.com/dp/B076DSRB6B",
        "rating": "4.4",
        "totalReviews": "25041",
        "subtitle": "M3 Naturals",
        "isPrimeEligible": "1"
    },
    {
        "ASIN": "B0CFM8LGB2",
        "title": "The Spathecary Brown Sugar + Honey Smoothing Body Scrub, 21 oz, Ultra Hydrating and Exfoliating Scrub for Nourishing Essential Body Care",
        "price": "$7.99 ($0.38 / Ounce)",
        "listPrice": "",
        "imageUrl": "https://m.media-amazon.com/images/I/41mkkmtMHEL._SL160_.jpg",
        "detailPageURL": "https://www.amazon.com/dp/B0CFM8LGB2",
        "rating": "4.8",
        "totalReviews": "14",
        "subtitle": "The Spathecary",
        "isPrimeEligible": "1"
    },
    {
        "ASIN": "B07YYYSHVB",
        "title": "OGX Hydration + Sea Kelp & Hyaluronic Acid Sulfate-Free Lightly Moisturizing Body Scrub with Black Rice, Gentle Exfoliating Daily Body Wash to Soften & Smooth Skin, 19.5 Fl Oz",
        "price": "$6.99 ($0.36 / Fl Oz)",
        "listPrice": "$9.29 ($0.48 / Fl Oz)",
        "imageUrl": "https://m.media-amazon.com/images/I/4177gBiH5+L._SL160_.jpg",
        "detailPageURL": "https://www.amazon.com/dp/B07YYYSHVB",
        "rating": "4.6",
        "totalReviews": "12698",
        "subtitle": "OGX",
        "isPrimeEligible": "1"
    },
    {
        "ASIN": "B0794N16ZD",
        "title": "Dove Scrub Macadamia & Rice Milk Reveals Visibly Smoother Skin Body Scrub That Nourishes Skin 10.5 oz",
        "price": "$6.97 ($0.66 / Ounce)",
        "listPrice": "",
        "imageUrl": "https://m.media-amazon.com/images/I/6153Cm1SPLL._SL160_.jpg",
        "detailPageURL": "https://www.amazon.com/dp/B0794N16ZD",
        "rating": "4.7",
        "totalReviews": "29177",
        "subtitle": "",
        "isPrimeEligible": "1"
    },
    {
        "ASIN": "B09VH8PNC9",
        "title": "Dr Teal's Shea Sugar Body Scrub, Rose with Essential Oil, 19 oz (Pack of 3) (Packaging May Vary)",
        "price": "$20.94 ($0.37 / Ounce)",
        "listPrice": "$23.99 ($0.42 / Ounce)",
        "imageUrl": "https://m.media-amazon.com/images/I/419wIqfMz-L._SL160_.jpg",
        "detailPageURL": "https://www.amazon.com/dp/B09VH8PNC9",
        "rating": "4.8",
        "totalReviews": "1995",
        "subtitle": "Dr Teal's",
        "isPrimeEligible": "1"
    },
    {
        "ASIN": "B07TH9YNL7",
        "title": "Brooklyn Botany Dead Sea Salt and Coconut Milk Body Scrub - Moisturizing and Exfoliating Body, Face, Hand, Foot Scrub - Fights Stretch Marks, Fine Lines, Wrinkles - Great Gifts for Women & Men - 10 oz",
        "price": "$9.99 ($0.95 / Ounce)",
        "listPrice": "$21.99 ($2.09 / Ounce)",
        "imageUrl": "https://m.media-amazon.com/images/I/4152M3OTu9L._SL160_.jpg",
        "detailPageURL": "https://www.amazon.com/dp/B07TH9YNL7",
        "rating": "4.2",
        "totalReviews": "4383",
        "subtitle": "Brooklyn Botany",
        "isPrimeEligible": "1"
    },
    {
        "ASIN": "B09YH2HCWC",
        "title": "Grapefruit Body Scrub - Moisturizing Jojoba, Aloe Vera & Nourishing Body Oils - Exfoliating Salt Scrub For Body & Face -Win Against Aging, Stretch Marks, Cellulite, Acne & Dead Skin Scars- 10 oz",
        "price": "$14.95 ($1.50 / Ounce)",
        "listPrice": "",
        "imageUrl": "https://m.media-amazon.com/images/I/51zmSWjwrxL._SL160_.jpg",
        "detailPageURL": "https://www.amazon.com/dp/B09YH2HCWC",
        "rating": "4.2",
        "totalReviews": "607",
        "subtitle": "Artnaturals",
        "isPrimeEligible": "1"
    },
    {
        "ASIN": "B07Q9C3YTQ",
        "title": "SheaMoisture Body Scrub for Dull Skin Illuminating Coconut and Hibiscus Cruelty-Free Skin Care 12 oz",
        "price": "$9.42 ($0.78 / Ounce)",
        "listPrice": "",
        "imageUrl": "https://m.media-amazon.com/images/I/31L0XCMqHoL._SL160_.jpg",
        "detailPageURL": "https://www.amazon.com/dp/B07Q9C3YTQ",
        "rating": "4.4",
        "totalReviews": "5832",
        "subtitle": "SheaMoisture",
        "isPrimeEligible": "1"
    },
    {
        "ASIN": "B07CTSS14R",
        "title": "OGX Coffee Scrub and Wash, Coconut 19.5 Fl Oz",
        "price": "$6.97 ($0.36 / Fl Oz)",
        "listPrice": "$9.29 ($0.48 / Fl Oz)",
        "imageUrl": "https://m.media-amazon.com/images/I/41+f17a1tuL._SL160_.jpg",
        "detailPageURL": "https://www.amazon.com/dp/B07CTSS14R",
        "rating": "4.7",
        "totalReviews": "49394",
        "subtitle": "OGX",
        "isPrimeEligible": "1"
    },
    {
        "ASIN": "B076DSRB6B",
        "title": "Himalayan Salt Scrub Face Foot & Body Exfoliator Infused with Collagen and Stem Cell Natural Exfoliating Salt Body Scrub for Toning Skin Cellulite Skin Care Body Exfoliant by M3 Naturals",
        "price": "$19.72 ($1.64 / Ounce)",
        "listPrice": "$34.81 ($2.90 / Ounce)",
        "imageUrl": "https://m.media-amazon.com/images/I/51yR4rNBCcL._SL160_.jpg",
        "detailPageURL": "https://www.amazon.com/dp/B076DSRB6B",
        "rating": "4.4",
        "totalReviews": "25041",
        "subtitle": "M3 Naturals",
        "isPrimeEligible": "1"
    },
    {
        "ASIN": "B0CFM8LGB2",
        "title": "The Spathecary Brown Sugar + Honey Smoothing Body Scrub, 21 oz, Ultra Hydrating and Exfoliating Scrub for Nourishing Essential Body Care",
        "price": "$7.99 ($0.38 / Ounce)",
        "listPrice": "",
        "imageUrl": "https://m.media-amazon.com/images/I/41mkkmtMHEL._SL160_.jpg",
        "detailPageURL": "https://www.amazon.com/dp/B0CFM8LGB2",
        "rating": "4.8",
        "totalReviews": "14",
        "subtitle": "The Spathecary",
        "isPrimeEligible": "1"
    },
    {
        "ASIN": "B07YYYSHVB",
        "title": "OGX Hydration + Sea Kelp & Hyaluronic Acid Sulfate-Free Lightly Moisturizing Body Scrub with Black Rice, Gentle Exfoliating Daily Body Wash to Soften & Smooth Skin, 19.5 Fl Oz",
        "price": "$6.99 ($0.36 / Fl Oz)",
        "listPrice": "$9.29 ($0.48 / Fl Oz)",
        "imageUrl": "https://m.media-amazon.com/images/I/4177gBiH5+L._SL160_.jpg",
        "detailPageURL": "https://www.amazon.com/dp/B07YYYSHVB",
        "rating": "4.6",
        "totalReviews": "12698",
        "subtitle": "OGX",
        "isPrimeEligible": "1"
    },
    {
        "ASIN": "B07GJR4KXM",
        "title": "Brooklyn Botany Brown Sugar Body Scrub - Moisturizing and Exfoliating Body, Face, Hand, Foot Scrub - Fights Acne, Fine Lines & Wrinkles, Great Gifts For Women & Men - 10 oz",
        "price": "$9.99 ($1.00 / Ounce)",
        "listPrice": "$16.99 ($1.70 / Ounce)",
        "imageUrl": "https://m.media-amazon.com/images/I/41Zl1DjrGpL._SL160_.jpg",
        "detailPageURL": "https://www.amazon.com/dp/B07GJR4KXM",
        "rating": "4.2",
        "totalReviews": "15096",
        "subtitle": "Brooklyn Botany",
        "isPrimeEligible": "1"
    },
    {
        "ASIN": "B09VH8PNC9",
        "title": "Dr Teal's Shea Sugar Body Scrub, Rose with Essential Oil, 19 oz (Pack of 3) (Packaging May Vary)",
        "price": "$20.94 ($0.37 / Ounce)",
        "listPrice": "$23.99 ($0.42 / Ounce)",
        "imageUrl": "https://m.media-amazon.com/images/I/419wIqfMz-L._SL160_.jpg",
        "detailPageURL": "https://www.amazon.com/dp/B09VH8PNC9",
        "rating": "4.8",
        "totalReviews": "1995",
        "subtitle": "Dr Teal's",
        "isPrimeEligible": "1"
    },
    {
        "ASIN": "B07TH9YNL7",
        "title": "Brooklyn Botany Dead Sea Salt and Coconut Milk Body Scrub - Moisturizing and Exfoliating Body, Face, Hand, Foot Scrub - Fights Stretch Marks, Fine Lines, Wrinkles - Great Gifts for Women & Men - 10 oz",
        "price": "$9.99 ($0.95 / Ounce)",
        "listPrice": "$21.99 ($2.09 / Ounce)",
        "imageUrl": "https://m.media-amazon.com/images/I/4152M3OTu9L._SL160_.jpg",
        "detailPageURL": "https://www.amazon.com/dp/B07TH9YNL7",
        "rating": "4.2",
        "totalReviews": "4383",
        "subtitle": "Brooklyn Botany",
        "isPrimeEligible": "1"
    },
    {
        "ASIN": "B09YH2HCWC",
        "title": "Grapefruit Body Scrub - Moisturizing Jojoba, Aloe Vera & Nourishing Body Oils - Exfoliating Salt Scrub For Body & Face -Win Against Aging, Stretch Marks, Cellulite, Acne & Dead Skin Scars- 10 oz",
        "price": "$14.95 ($1.50 / Ounce)",
        "listPrice": "",
        "imageUrl": "https://m.media-amazon.com/images/I/51zmSWjwrxL._SL160_.jpg",
        "detailPageURL": "https://www.amazon.com/dp/B09YH2HCWC",
        "rating": "4.2",
        "totalReviews": "607",
        "subtitle": "Artnaturals",
        "isPrimeEligible": "1"
    },
    {
        "ASIN": "B07Q9C3YTQ",
        "title": "SheaMoisture Body Scrub for Dull Skin Illuminating Coconut and Hibiscus Cruelty-Free Skin Care 12 oz",
        "price": "$9.42 ($0.78 / Ounce)",
        "listPrice": "",
        "imageUrl": "https://m.media-amazon.com/images/I/31L0XCMqHoL._SL160_.jpg",
        "detailPageURL": "https://www.amazon.com/dp/B07Q9C3YTQ",
        "rating": "4.4",
        "totalReviews": "5832",
        "subtitle": "SheaMoisture",
        "isPrimeEligible": "1"
    },
    {
        "ASIN": "B07CTSS14R",
        "title": "OGX Coffee Scrub and Wash, Coconut 19.5 Fl Oz",
        "price": "$6.97 ($0.36 / Fl Oz)",
        "listPrice": "$9.29 ($0.48 / Fl Oz)",
        "imageUrl": "https://m.media-amazon.com/images/I/41+f17a1tuL._SL160_.jpg",
        "detailPageURL": "https://www.amazon.com/dp/B07CTSS14R",
        "rating": "4.7",
        "totalReviews": "49394",
        "subtitle": "OGX",
        "isPrimeEligible": "1"
    },
    {
        "ASIN": "B076DSRB6B",
        "title": "Himalayan Salt Scrub Face Foot & Body Exfoliator Infused with Collagen and Stem Cell Natural Exfoliating Salt Body Scrub for Toning Skin Cellulite Skin Care Body Exfoliant by M3 Naturals",
        "price": "$19.72 ($1.64 / Ounce)",
        "listPrice": "$34.81 ($2.90 / Ounce)",
        "imageUrl": "https://m.media-amazon.com/images/I/51yR4rNBCcL._SL160_.jpg",
        "detailPageURL": "https://www.amazon.com/dp/B076DSRB6B",
        "rating": "4.4",
        "totalReviews": "25041",
        "subtitle": "M3 Naturals",
        "isPrimeEligible": "1"
    },
    {
        "ASIN": "B0CFM8LGB2",
        "title": "The Spathecary Brown Sugar + Honey Smoothing Body Scrub, 21 oz, Ultra Hydrating and Exfoliating Scrub for Nourishing Essential Body Care",
        "price": "$7.99 ($0.38 / Ounce)",
        "listPrice": "",
        "imageUrl": "https://m.media-amazon.com/images/I/41mkkmtMHEL._SL160_.jpg",
        "detailPageURL": "https://www.amazon.com/dp/B0CFM8LGB2",
        "rating": "4.8",
        "totalReviews": "14",
        "subtitle": "The Spathecary",
        "isPrimeEligible": "1"
    },
    {
        "ASIN": "B07YYYSHVB",
        "title": "OGX Hydration + Sea Kelp & Hyaluronic Acid Sulfate-Free Lightly Moisturizing Body Scrub with Black Rice, Gentle Exfoliating Daily Body Wash to Soften & Smooth Skin, 19.5 Fl Oz",
        "price": "$6.99 ($0.36 / Fl Oz)",
        "listPrice": "$9.29 ($0.48 / Fl Oz)",
        "imageUrl": "https://m.media-amazon.com/images/I/4177gBiH5+L._SL160_.jpg",
        "detailPageURL": "https://www.amazon.com/dp/B07YYYSHVB",
        "rating": "4.6",
        "totalReviews": "12698",
        "subtitle": "OGX",
        "isPrimeEligible": "1"
    },
    {
        "ASIN": "B07GJR4KXM",
        "title": "Brooklyn Botany Brown Sugar Body Scrub - Moisturizing and Exfoliating Body, Face, Hand, Foot Scrub - Fights Acne, Fine Lines & Wrinkles, Great Gifts For Women & Men - 10 oz",
        "price": "$9.99 ($1.00 / Ounce)",
        "listPrice": "$16.99 ($1.70 / Ounce)",
        "imageUrl": "https://m.media-amazon.com/images/I/41Zl1DjrGpL._SL160_.jpg",
        "detailPageURL": "https://www.amazon.com/dp/B07GJR4KXM",
        "rating": "4.2",
        "totalReviews": "15096",
        "subtitle": "Brooklyn Botany",
        "isPrimeEligible": "1"
    },
    {
        "ASIN": "B08GNS58PQ",
        "title": "First Aid Beauty KP Bump Eraser Body Scrub Exfoliant for Keratosis Pilaris with 10% AHA 2 oz.",
        "price": "$12.00 ($6.00 / Ounce)",
        "listPrice": "",
        "imageUrl": "https://m.media-amazon.com/images/I/316RNrKAVAL._SL160_.jpg",
        "detailPageURL": "https://www.amazon.com/dp/B08GNS58PQ",
        "rating": "4.4",
        "totalReviews": "31435",
        "subtitle": "First Aid Beauty",
        "isPrimeEligible": "1"
    },
    {
        "ASIN": "B07TH9YNL7",
        "title": "Brooklyn Botany Dead Sea Salt and Coconut Milk Body Scrub - Moisturizing and Exfoliating Body, Face, Hand, Foot Scrub - Fights Stretch Marks, Fine Lines, Wrinkles - Great Gifts for Women & Men - 10 oz",
        "price": "$9.99 ($0.95 / Ounce)",
        "listPrice": "$21.99 ($2.09 / Ounce)",
        "imageUrl": "https://m.media-amazon.com/images/I/4152M3OTu9L._SL160_.jpg",
        "detailPageURL": "https://www.amazon.com/dp/B07TH9YNL7",
        "rating": "4.2",
        "totalReviews": "4383",
        "subtitle": "Brooklyn Botany",
        "isPrimeEligible": "1"
    },
    {
        "ASIN": "B09YH2HCWC",
        "title": "Grapefruit Body Scrub - Moisturizing Jojoba, Aloe Vera & Nourishing Body Oils - Exfoliating Salt Scrub For Body & Face -Win Against Aging, Stretch Marks, Cellulite, Acne & Dead Skin Scars- 10 oz",
        "price": "$14.95 ($1.50 / Ounce)",
        "listPrice": "",
        "imageUrl": "https://m.media-amazon.com/images/I/51zmSWjwrxL._SL160_.jpg",
        "detailPageURL": "https://www.amazon.com/dp/B09YH2HCWC",
        "rating": "4.2",
        "totalReviews": "607",
        "subtitle": "Artnaturals",
        "isPrimeEligible": "1"
    },
    {
        "ASIN": "B07Q9C3YTQ",
        "title": "SheaMoisture Body Scrub for Dull Skin Illuminating Coconut and Hibiscus Cruelty-Free Skin Care 12 oz",
        "price": "$9.42 ($0.78 / Ounce)",
        "listPrice": "",
        "imageUrl": "https://m.media-amazon.com/images/I/31L0XCMqHoL._SL160_.jpg",
        "detailPageURL": "https://www.amazon.com/dp/B07Q9C3YTQ",
        "rating": "4.4",
        "totalReviews": "5832",
        "subtitle": "SheaMoisture",
        "isPrimeEligible": "1"
    },
    {
        "ASIN": "B07CTSS14R",
        "title": "OGX Coffee Scrub and Wash, Coconut 19.5 Fl Oz",
        "price": "$6.97 ($0.36 / Fl Oz)",
        "listPrice": "$9.29 ($0.48 / Fl Oz)",
        "imageUrl": "https://m.media-amazon.com/images/I/41+f17a1tuL._SL160_.jpg",
        "detailPageURL": "https://www.amazon.com/dp/B07CTSS14R",
        "rating": "4.7",
        "totalReviews": "49394",
        "subtitle": "OGX",
        "isPrimeEligible": "1"
    },
    {
        "ASIN": "B076DSRB6B",
        "title": "Himalayan Salt Scrub Face Foot & Body Exfoliator Infused with Collagen and Stem Cell Natural Exfoliating Salt Body Scrub for Toning Skin Cellulite Skin Care Body Exfoliant by M3 Naturals",
        "price": "$19.72 ($1.64 / Ounce)",
        "listPrice": "$34.81 ($2.90 / Ounce)",
        "imageUrl": "https://m.media-amazon.com/images/I/51yR4rNBCcL._SL160_.jpg",
        "detailPageURL": "https://www.amazon.com/dp/B076DSRB6B",
        "rating": "4.4",
        "totalReviews": "25041",
        "subtitle": "M3 Naturals",
        "isPrimeEligible": "1"
    },
    {
        "ASIN": "B0CFM8LGB2",
        "title": "The Spathecary Brown Sugar + Honey Smoothing Body Scrub, 21 oz, Ultra Hydrating and Exfoliating Scrub for Nourishing Essential Body Care",
        "price": "$7.99 ($0.38 / Ounce)",
        "listPrice": "",
        "imageUrl": "https://m.media-amazon.com/images/I/41mkkmtMHEL._SL160_.jpg",
        "detailPageURL": "https://www.amazon.com/dp/B0CFM8LGB2",
        "rating": "4.8",
        "totalReviews": "14",
        "subtitle": "The Spathecary",
        "isPrimeEligible": "1"
    },
    {
        "ASIN": "B07YYYSHVB",
        "title": "OGX Hydration + Sea Kelp & Hyaluronic Acid Sulfate-Free Lightly Moisturizing Body Scrub with Black Rice, Gentle Exfoliating Daily Body Wash to Soften & Smooth Skin, 19.5 Fl Oz",
        "price": "$6.99 ($0.36 / Fl Oz)",
        "listPrice": "$9.29 ($0.48 / Fl Oz)",
        "imageUrl": "https://m.media-amazon.com/images/I/4177gBiH5+L._SL160_.jpg",
        "detailPageURL": "https://www.amazon.com/dp/B07YYYSHVB",
        "rating": "4.6",
        "totalReviews": "12698",
        "subtitle": "OGX",
        "isPrimeEligible": "1"
    },
    {
        "ASIN": "B07GJR4KXM",
        "title": "Brooklyn Botany Brown Sugar Body Scrub - Moisturizing and Exfoliating Body, Face, Hand, Foot Scrub - Fights Acne, Fine Lines & Wrinkles, Great Gifts For Women & Men - 10 oz",
        "price": "$9.99 ($1.00 / Ounce)",
        "listPrice": "$16.99 ($1.70 / Ounce)",
        "imageUrl": "https://m.media-amazon.com/images/I/41Zl1DjrGpL._SL160_.jpg",
        "detailPageURL": "https://www.amazon.com/dp/B07GJR4KXM",
        "rating": "4.2",
        "totalReviews": "15096",
        "subtitle": "Brooklyn Botany",
        "isPrimeEligible": "1"
    },
    {
        "ASIN": "B08GNS58PQ",
        "title": "First Aid Beauty KP Bump Eraser Body Scrub Exfoliant for Keratosis Pilaris with 10% AHA 2 oz.",
        "price": "$12.00 ($6.00 / Ounce)",
        "listPrice": "",
        "imageUrl": "https://m.media-amazon.com/images/I/316RNrKAVAL._SL160_.jpg",
        "detailPageURL": "https://www.amazon.com/dp/B08GNS58PQ",
        "rating": "4.4",
        "totalReviews": "31435",
        "subtitle": "First Aid Beauty",
        "isPrimeEligible": "1"
    },
    {
        "ASIN": "B083NHCFCQ",
        "title": "Dove Scrub Crushed Almond & Mango Butter For Silky Smooth Skin Body Scrub Exfoliates & Restores Skin's Natural Nutrients 10.5 oz",
        "price": "$6.97 ($0.66 / Ounce)",
        "listPrice": "",
        "imageUrl": "https://m.media-amazon.com/images/I/61XAFs94drL._SL160_.jpg",
        "detailPageURL": "https://www.amazon.com/dp/B083NHCFCQ",
        "rating": "4.6",
        "totalReviews": "1742",
        "subtitle": "Dove",
        "isPrimeEligible": "1"
    },
    {
        "ASIN": "B09YH2HCWC",
        "title": "Grapefruit Body Scrub - Moisturizing Jojoba, Aloe Vera & Nourishing Body Oils - Exfoliating Salt Scrub For Body & Face -Win Against Aging, Stretch Marks, Cellulite, Acne & Dead Skin Scars- 10 oz",
        "price": "$14.95 ($1.50 / Ounce)",
        "listPrice": "",
        "imageUrl": "https://m.media-amazon.com/images/I/51zmSWjwrxL._SL160_.jpg",
        "detailPageURL": "https://www.amazon.com/dp/B09YH2HCWC",
        "rating": "4.2",
        "totalReviews": "607",
        "subtitle": "Artnaturals",
        "isPrimeEligible": "1"
    },
    {
        "ASIN": "B07Q9C3YTQ",
        "title": "SheaMoisture Body Scrub for Dull Skin Illuminating Coconut and Hibiscus Cruelty-Free Skin Care 12 oz",
        "price": "$9.42 ($0.78 / Ounce)",
        "listPrice": "",
        "imageUrl": "https://m.media-amazon.com/images/I/31L0XCMqHoL._SL160_.jpg",
        "detailPageURL": "https://www.amazon.com/dp/B07Q9C3YTQ",
        "rating": "4.4",
        "totalReviews": "5832",
        "subtitle": "SheaMoisture",
        "isPrimeEligible": "1"
    },
    {
        "ASIN": "B07CTSS14R",
        "title": "OGX Coffee Scrub and Wash, Coconut 19.5 Fl Oz",
        "price": "$6.97 ($0.36 / Fl Oz)",
        "listPrice": "$9.29 ($0.48 / Fl Oz)",
        "imageUrl": "https://m.media-amazon.com/images/I/41+f17a1tuL._SL160_.jpg",
        "detailPageURL": "https://www.amazon.com/dp/B07CTSS14R",
        "rating": "4.7",
        "totalReviews": "49394",
        "subtitle": "OGX",
        "isPrimeEligible": "1"
    },
    {
        "ASIN": "B076DSRB6B",
        "title": "Himalayan Salt Scrub Face Foot & Body Exfoliator Infused with Collagen and Stem Cell Natural Exfoliating Salt Body Scrub for Toning Skin Cellulite Skin Care Body Exfoliant by M3 Naturals",
        "price": "$19.72 ($1.64 / Ounce)",
        "listPrice": "$34.81 ($2.90 / Ounce)",
        "imageUrl": "https://m.media-amazon.com/images/I/51yR4rNBCcL._SL160_.jpg",
        "detailPageURL": "https://www.amazon.com/dp/B076DSRB6B",
        "rating": "4.4",
        "totalReviews": "25041",
        "subtitle": "M3 Naturals",
        "isPrimeEligible": "1"
    },
    {
        "ASIN": "B0CFM8LGB2",
        "title": "The Spathecary Brown Sugar + Honey Smoothing Body Scrub, 21 oz, Ultra Hydrating and Exfoliating Scrub for Nourishing Essential Body Care",
        "price": "$7.99 ($0.38 / Ounce)",
        "listPrice": "",
        "imageUrl": "https://m.media-amazon.com/images/I/41mkkmtMHEL._SL160_.jpg",
        "detailPageURL": "https://www.amazon.com/dp/B0CFM8LGB2",
        "rating": "4.8",
        "totalReviews": "14",
        "subtitle": "The Spathecary",
        "isPrimeEligible": "1"
    },
    {
        "ASIN": "B07YYYSHVB",
        "title": "OGX Hydration + Sea Kelp & Hyaluronic Acid Sulfate-Free Lightly Moisturizing Body Scrub with Black Rice, Gentle Exfoliating Daily Body Wash to Soften & Smooth Skin, 19.5 Fl Oz",
        "price": "$6.99 ($0.36 / Fl Oz)",
        "listPrice": "$9.29 ($0.48 / Fl Oz)",
        "imageUrl": "https://m.media-amazon.com/images/I/4177gBiH5+L._SL160_.jpg",
        "detailPageURL": "https://www.amazon.com/dp/B07YYYSHVB",
        "rating": "4.6",
        "totalReviews": "12698",
        "subtitle": "OGX",
        "isPrimeEligible": "1"
    },
    {
        "ASIN": "B07GJR4KXM",
        "title": "Brooklyn Botany Brown Sugar Body Scrub - Moisturizing and Exfoliating Body, Face, Hand, Foot Scrub - Fights Acne, Fine Lines & Wrinkles, Great Gifts For Women & Men - 10 oz",
        "price": "$9.99 ($1.00 / Ounce)",
        "listPrice": "$16.99 ($1.70 / Ounce)",
        "imageUrl": "https://m.media-amazon.com/images/I/41Zl1DjrGpL._SL160_.jpg",
        "detailPageURL": "https://www.amazon.com/dp/B07GJR4KXM",
        "rating": "4.2",
        "totalReviews": "15096",
        "subtitle": "Brooklyn Botany",
        "isPrimeEligible": "1"
    },
    {
        "ASIN": "B08GNS58PQ",
        "title": "First Aid Beauty KP Bump Eraser Body Scrub Exfoliant for Keratosis Pilaris with 10% AHA 2 oz.",
        "price": "$12.00 ($6.00 / Ounce)",
        "listPrice": "",
        "imageUrl": "https://m.media-amazon.com/images/I/316RNrKAVAL._SL160_.jpg",
        "detailPageURL": "https://www.amazon.com/dp/B08GNS58PQ",
        "rating": "4.4",
        "totalReviews": "31435",
        "subtitle": "First Aid Beauty",
        "isPrimeEligible": "1"
    },
    {
        "ASIN": "B083NHCFCQ",
        "title": "Dove Scrub Crushed Almond & Mango Butter For Silky Smooth Skin Body Scrub Exfoliates & Restores Skin's Natural Nutrients 10.5 oz",
        "price": "$6.97 ($0.66 / Ounce)",
        "listPrice": "",
        "imageUrl": "https://m.media-amazon.com/images/I/61XAFs94drL._SL160_.jpg",
        "detailPageURL": "https://www.amazon.com/dp/B083NHCFCQ",
        "rating": "4.6",
        "totalReviews": "1742",
        "subtitle": "Dove",
        "isPrimeEligible": "1"
    },
    {
        "ASIN": "B01K8PEZMU",
        "title": "MAJESTIC PURE Himalayan Salt Body Scrub with Lychee Oil, Exfoliating Salt Scrub to Exfoliate & Moisturize Skin, Deep Cleansing - 10 oz",
        "price": "$14.95 ($1.50 / Fl Oz)",
        "listPrice": "$16.45 ($1.64 / Fl Oz)",
        "imageUrl": "https://m.media-amazon.com/images/I/51-1N5Bks9L._SL160_.jpg",
        "detailPageURL": "https://www.amazon.com/dp/B01K8PEZMU",
        "rating": "4.3",
        "totalReviews": "20559",
        "subtitle": "MAJESTIC PURE",
        "isPrimeEligible": "1"
    },
    {
        "ASIN": "B07Q9C3YTQ",
        "title": "SheaMoisture Body Scrub for Dull Skin Illuminating Coconut and Hibiscus Cruelty-Free Skin Care 12 oz",
        "price": "$9.42 ($0.78 / Ounce)",
        "listPrice": "",
        "imageUrl": "https://m.media-amazon.com/images/I/31L0XCMqHoL._SL160_.jpg",
        "detailPageURL": "https://www.amazon.com/dp/B07Q9C3YTQ",
        "rating": "4.4",
        "totalReviews": "5832",
        "subtitle": "SheaMoisture",
        "isPrimeEligible": "1"
    },
    {
        "ASIN": "B07CTSS14R",
        "title": "OGX Coffee Scrub and Wash, Coconut 19.5 Fl Oz",
        "price": "$6.97 ($0.36 / Fl Oz)",
        "listPrice": "$9.29 ($0.48 / Fl Oz)",
        "imageUrl": "https://m.media-amazon.com/images/I/41+f17a1tuL._SL160_.jpg",
        "detailPageURL": "https://www.amazon.com/dp/B07CTSS14R",
        "rating": "4.7",
        "totalReviews": "49394",
        "subtitle": "OGX",
        "isPrimeEligible": "1"
    },
    {
        "ASIN": "B076DSRB6B",
        "title": "Himalayan Salt Scrub Face Foot & Body Exfoliator Infused with Collagen and Stem Cell Natural Exfoliating Salt Body Scrub for Toning Skin Cellulite Skin Care Body Exfoliant by M3 Naturals",
        "price": "$19.72 ($1.64 / Ounce)",
        "listPrice": "$34.81 ($2.90 / Ounce)",
        "imageUrl": "https://m.media-amazon.com/images/I/51yR4rNBCcL._SL160_.jpg",
        "detailPageURL": "https://www.amazon.com/dp/B076DSRB6B",
        "rating": "4.4",
        "totalReviews": "25041",
        "subtitle": "M3 Naturals",
        "isPrimeEligible": "1"
    },
    {
        "ASIN": "B0CFM8LGB2",
        "title": "The Spathecary Brown Sugar + Honey Smoothing Body Scrub, 21 oz, Ultra Hydrating and Exfoliating Scrub for Nourishing Essential Body Care",
        "price": "$7.99 ($0.38 / Ounce)",
        "listPrice": "",
        "imageUrl": "https://m.media-amazon.com/images/I/41mkkmtMHEL._SL160_.jpg",
        "detailPageURL": "https://www.amazon.com/dp/B0CFM8LGB2",
        "rating": "4.8",
        "totalReviews": "14",
        "subtitle": "The Spathecary",
        "isPrimeEligible": "1"
    },
    {
        "ASIN": "B07YYYSHVB",
        "title": "OGX Hydration + Sea Kelp & Hyaluronic Acid Sulfate-Free Lightly Moisturizing Body Scrub with Black Rice, Gentle Exfoliating Daily Body Wash to Soften & Smooth Skin, 19.5 Fl Oz",
        "price": "$6.99 ($0.36 / Fl Oz)",
        "listPrice": "$9.29 ($0.48 / Fl Oz)",
        "imageUrl": "https://m.media-amazon.com/images/I/4177gBiH5+L._SL160_.jpg",
        "detailPageURL": "https://www.amazon.com/dp/B07YYYSHVB",
        "rating": "4.6",
        "totalReviews": "12698",
        "subtitle": "OGX",
        "isPrimeEligible": "1"
    },
    {
        "ASIN": "B07GJR4KXM",
        "title": "Brooklyn Botany Brown Sugar Body Scrub - Moisturizing and Exfoliating Body, Face, Hand, Foot Scrub - Fights Acne, Fine Lines & Wrinkles, Great Gifts For Women & Men - 10 oz",
        "price": "$9.99 ($1.00 / Ounce)",
        "listPrice": "$16.99 ($1.70 / Ounce)",
        "imageUrl": "https://m.media-amazon.com/images/I/41Zl1DjrGpL._SL160_.jpg",
        "detailPageURL": "https://www.amazon.com/dp/B07GJR4KXM",
        "rating": "4.2",
        "totalReviews": "15096",
        "subtitle": "Brooklyn Botany",
        "isPrimeEligible": "1"
    },
    {
        "ASIN": "B08GNS58PQ",
        "title": "First Aid Beauty KP Bump Eraser Body Scrub Exfoliant for Keratosis Pilaris with 10% AHA 2 oz.",
        "price": "$12.00 ($6.00 / Ounce)",
        "listPrice": "",
        "imageUrl": "https://m.media-amazon.com/images/I/316RNrKAVAL._SL160_.jpg",
        "detailPageURL": "https://www.amazon.com/dp/B08GNS58PQ",
        "rating": "4.4",
        "totalReviews": "31435",
        "subtitle": "First Aid Beauty",
        "isPrimeEligible": "1"
    },
    {
        "ASIN": "B083NHCFCQ",
        "title": "Dove Scrub Crushed Almond & Mango Butter For Silky Smooth Skin Body Scrub Exfoliates & Restores Skin's Natural Nutrients 10.5 oz",
        "price": "$6.97 ($0.66 / Ounce)",
        "listPrice": "",
        "imageUrl": "https://m.media-amazon.com/images/I/61XAFs94drL._SL160_.jpg",
        "detailPageURL": "https://www.amazon.com/dp/B083NHCFCQ",
        "rating": "4.6",
        "totalReviews": "1742",
        "subtitle": "Dove",
        "isPrimeEligible": "1"
    },
    {
        "ASIN": "B01K8PEZMU",
        "title": "MAJESTIC PURE Himalayan Salt Body Scrub with Lychee Oil, Exfoliating Salt Scrub to Exfoliate & Moisturize Skin, Deep Cleansing - 10 oz",
        "price": "$14.95 ($1.50 / Fl Oz)",
        "listPrice": "$16.45 ($1.64 / Fl Oz)",
        "imageUrl": "https://m.media-amazon.com/images/I/51-1N5Bks9L._SL160_.jpg",
        "detailPageURL": "https://www.amazon.com/dp/B01K8PEZMU",
        "rating": "4.3",
        "totalReviews": "20559",
        "subtitle": "MAJESTIC PURE",
        "isPrimeEligible": "1"
    },
    {
        "ASIN": "B0BWYWRP5R",
        "title": "Peauamie Exfoliating Body Scrub Marshmallow Scrub for Acne, Dark Spots, Hyperpigmentation, Smooth Skin,Moisturizing and Exfoliating Body, Face, Hand, Foot Scrub,Deep Cleansing",
        "price": "$5.99 ($0.68 / Ounce)",
        "listPrice": "",
        "imageUrl": "https://m.media-amazon.com/images/I/41b2HDE7eeL._SL160_.jpg",
        "detailPageURL": "https://www.amazon.com/dp/B0BWYWRP5R",
        "rating": "4.4",
        "totalReviews": "33",
        "subtitle": "PEAUAMIE",
        "isPrimeEligible": "1"
    },
    {
        "ASIN": "B07CTSS14R",
        "title": "OGX Coffee Scrub and Wash, Coconut 19.5 Fl Oz",
        "price": "$6.97 ($0.36 / Fl Oz)",
        "listPrice": "$9.29 ($0.48 / Fl Oz)",
        "imageUrl": "https://m.media-amazon.com/images/I/41+f17a1tuL._SL160_.jpg",
        "detailPageURL": "https://www.amazon.com/dp/B07CTSS14R",
        "rating": "4.7",
        "totalReviews": "49394",
        "subtitle": "OGX",
        "isPrimeEligible": "1"
    },
    {
        "ASIN": "B076DSRB6B",
        "title": "Himalayan Salt Scrub Face Foot & Body Exfoliator Infused with Collagen and Stem Cell Natural Exfoliating Salt Body Scrub for Toning Skin Cellulite Skin Care Body Exfoliant by M3 Naturals",
        "price": "$19.72 ($1.64 / Ounce)",
        "listPrice": "$34.81 ($2.90 / Ounce)",
        "imageUrl": "https://m.media-amazon.com/images/I/51yR4rNBCcL._SL160_.jpg",
        "detailPageURL": "https://www.amazon.com/dp/B076DSRB6B",
        "rating": "4.4",
        "totalReviews": "25041",
        "subtitle": "M3 Naturals",
        "isPrimeEligible": "1"
    },
    {
        "ASIN": "B0CFM8LGB2",
        "title": "The Spathecary Brown Sugar + Honey Smoothing Body Scrub, 21 oz, Ultra Hydrating and Exfoliating Scrub for Nourishing Essential Body Care",
        "price": "$7.99 ($0.38 / Ounce)",
        "listPrice": "",
        "imageUrl": "https://m.media-amazon.com/images/I/41mkkmtMHEL._SL160_.jpg",
        "detailPageURL": "https://www.amazon.com/dp/B0CFM8LGB2",
        "rating": "4.8",
        "totalReviews": "14",
        "subtitle": "The Spathecary",
        "isPrimeEligible": "1"
    },
    {
        "ASIN": "B07YYYSHVB",
        "title": "OGX Hydration + Sea Kelp & Hyaluronic Acid Sulfate-Free Lightly Moisturizing Body Scrub with Black Rice, Gentle Exfoliating Daily Body Wash to Soften & Smooth Skin, 19.5 Fl Oz",
        "price": "$6.99 ($0.36 / Fl Oz)",
        "listPrice": "$9.29 ($0.48 / Fl Oz)",
        "imageUrl": "https://m.media-amazon.com/images/I/4177gBiH5+L._SL160_.jpg",
        "detailPageURL": "https://www.amazon.com/dp/B07YYYSHVB",
        "rating": "4.6",
        "totalReviews": "12698",
        "subtitle": "OGX",
        "isPrimeEligible": "1"
    },
    {
        "ASIN": "B07GJR4KXM",
        "title": "Brooklyn Botany Brown Sugar Body Scrub - Moisturizing and Exfoliating Body, Face, Hand, Foot Scrub - Fights Acne, Fine Lines & Wrinkles, Great Gifts For Women & Men - 10 oz",
        "price": "$9.99 ($1.00 / Ounce)",
        "listPrice": "$16.99 ($1.70 / Ounce)",
        "imageUrl": "https://m.media-amazon.com/images/I/41Zl1DjrGpL._SL160_.jpg",
        "detailPageURL": "https://www.amazon.com/dp/B07GJR4KXM",
        "rating": "4.2",
        "totalReviews": "15096",
        "subtitle": "Brooklyn Botany",
        "isPrimeEligible": "1"
    },
    {
        "ASIN": "B08GNS58PQ",
        "title": "First Aid Beauty KP Bump Eraser Body Scrub Exfoliant for Keratosis Pilaris with 10% AHA 2 oz.",
        "price": "$12.00 ($6.00 / Ounce)",
        "listPrice": "",
        "imageUrl": "https://m.media-amazon.com/images/I/316RNrKAVAL._SL160_.jpg",
        "detailPageURL": "https://www.amazon.com/dp/B08GNS58PQ",
        "rating": "4.4",
        "totalReviews": "31435",
        "subtitle": "First Aid Beauty",
        "isPrimeEligible": "1"
    },
    {
        "ASIN": "B083NHCFCQ",
        "title": "Dove Scrub Crushed Almond & Mango Butter For Silky Smooth Skin Body Scrub Exfoliates & Restores Skin's Natural Nutrients 10.5 oz",
        "price": "$6.97 ($0.66 / Ounce)",
        "listPrice": "",
        "imageUrl": "https://m.media-amazon.com/images/I/61XAFs94drL._SL160_.jpg",
        "detailPageURL": "https://www.amazon.com/dp/B083NHCFCQ",
        "rating": "4.6",
        "totalReviews": "1742",
        "subtitle": "Dove",
        "isPrimeEligible": "1"
    },
    {
        "ASIN": "B01K8PEZMU",
        "title": "MAJESTIC PURE Himalayan Salt Body Scrub with Lychee Oil, Exfoliating Salt Scrub to Exfoliate & Moisturize Skin, Deep Cleansing - 10 oz",
        "price": "$14.95 ($1.50 / Fl Oz)",
        "listPrice": "$16.45 ($1.64 / Fl Oz)",
        "imageUrl": "https://m.media-amazon.com/images/I/51-1N5Bks9L._SL160_.jpg",
        "detailPageURL": "https://www.amazon.com/dp/B01K8PEZMU",
        "rating": "4.3",
        "totalReviews": "20559",
        "subtitle": "MAJESTIC PURE",
        "isPrimeEligible": "1"
    },
    {
        "ASIN": "B0BWYWRP5R",
        "title": "Peauamie Exfoliating Body Scrub Marshmallow Scrub for Acne, Dark Spots, Hyperpigmentation, Smooth Skin,Moisturizing and Exfoliating Body, Face, Hand, Foot Scrub,Deep Cleansing",
        "price": "$5.99 ($0.68 / Ounce)",
        "listPrice": "",
        "imageUrl": "https://m.media-amazon.com/images/I/41b2HDE7eeL._SL160_.jpg",
        "detailPageURL": "https://www.amazon.com/dp/B0BWYWRP5R",
        "rating": "4.4",
        "totalReviews": "33",
        "subtitle": "PEAUAMIE",
        "isPrimeEligible": "1"
    },
    {
        "ASIN": "B0BF23PM61",
        "title": "Bella & Bear Pineapple Body Scrub Exfoliator - Vegan Travel Size (3.4oz)",
        "price": "$4.99 ($1.47 / Ounce)",
        "listPrice": "",
        "imageUrl": "https://m.media-amazon.com/images/I/41J2cF-THGL._SL160_.jpg",
        "detailPageURL": "https://www.amazon.com/dp/B0BF23PM61",
        "rating": "4.3",
        "totalReviews": "354",
        "subtitle": "Bella and Bear",
        "isPrimeEligible": "1"
    },
    {
        "ASIN": "B076DSRB6B",
        "title": "Himalayan Salt Scrub Face Foot & Body Exfoliator Infused with Collagen and Stem Cell Natural Exfoliating Salt Body Scrub for Toning Skin Cellulite Skin Care Body Exfoliant by M3 Naturals",
        "price": "$19.72 ($1.64 / Ounce)",
        "listPrice": "$34.81 ($2.90 / Ounce)",
        "imageUrl": "https://m.media-amazon.com/images/I/51yR4rNBCcL._SL160_.jpg",
        "detailPageURL": "https://www.amazon.com/dp/B076DSRB6B",
        "rating": "4.4",
        "totalReviews": "25041",
        "subtitle": "M3 Naturals",
        "isPrimeEligible": "1"
    },
    {
        "ASIN": "B0CFM8LGB2",
        "title": "The Spathecary Brown Sugar + Honey Smoothing Body Scrub, 21 oz, Ultra Hydrating and Exfoliating Scrub for Nourishing Essential Body Care",
        "price": "$7.99 ($0.38 / Ounce)",
        "listPrice": "",
        "imageUrl": "https://m.media-amazon.com/images/I/41mkkmtMHEL._SL160_.jpg",
        "detailPageURL": "https://www.amazon.com/dp/B0CFM8LGB2",
        "rating": "4.8",
        "totalReviews": "14",
        "subtitle": "The Spathecary",
        "isPrimeEligible": "1"
    },
    {
        "ASIN": "B07YYYSHVB",
        "title": "OGX Hydration + Sea Kelp & Hyaluronic Acid Sulfate-Free Lightly Moisturizing Body Scrub with Black Rice, Gentle Exfoliating Daily Body Wash to Soften & Smooth Skin, 19.5 Fl Oz",
        "price": "$6.99 ($0.36 / Fl Oz)",
        "listPrice": "$9.29 ($0.48 / Fl Oz)",
        "imageUrl": "https://m.media-amazon.com/images/I/4177gBiH5+L._SL160_.jpg",
        "detailPageURL": "https://www.amazon.com/dp/B07YYYSHVB",
        "rating": "4.6",
        "totalReviews": "12698",
        "subtitle": "OGX",
        "isPrimeEligible": "1"
    },
    {
        "ASIN": "B07GJR4KXM",
        "title": "Brooklyn Botany Brown Sugar Body Scrub - Moisturizing and Exfoliating Body, Face, Hand, Foot Scrub - Fights Acne, Fine Lines & Wrinkles, Great Gifts For Women & Men - 10 oz",
        "price": "$9.99 ($1.00 / Ounce)",
        "listPrice": "$16.99 ($1.70 / Ounce)",
        "imageUrl": "https://m.media-amazon.com/images/I/41Zl1DjrGpL._SL160_.jpg",
        "detailPageURL": "https://www.amazon.com/dp/B07GJR4KXM",
        "rating": "4.2",
        "totalReviews": "15096",
        "subtitle": "Brooklyn Botany",
        "isPrimeEligible": "1"
    },
    {
        "ASIN": "B08GNS58PQ",
        "title": "First Aid Beauty KP Bump Eraser Body Scrub Exfoliant for Keratosis Pilaris with 10% AHA 2 oz.",
        "price": "$12.00 ($6.00 / Ounce)",
        "listPrice": "",
        "imageUrl": "https://m.media-amazon.com/images/I/316RNrKAVAL._SL160_.jpg",
        "detailPageURL": "https://www.amazon.com/dp/B08GNS58PQ",
        "rating": "4.4",
        "totalReviews": "31435",
        "subtitle": "First Aid Beauty",
        "isPrimeEligible": "1"
    },
    {
        "ASIN": "B083NHCFCQ",
        "title": "Dove Scrub Crushed Almond & Mango Butter For Silky Smooth Skin Body Scrub Exfoliates & Restores Skin's Natural Nutrients 10.5 oz",
        "price": "$6.97 ($0.66 / Ounce)",
        "listPrice": "",
        "imageUrl": "https://m.media-amazon.com/images/I/61XAFs94drL._SL160_.jpg",
        "detailPageURL": "https://www.amazon.com/dp/B083NHCFCQ",
        "rating": "4.6",
        "totalReviews": "1742",
        "subtitle": "Dove",
        "isPrimeEligible": "1"
    },
    {
        "ASIN": "B01K8PEZMU",
        "title": "MAJESTIC PURE Himalayan Salt Body Scrub with Lychee Oil, Exfoliating Salt Scrub to Exfoliate & Moisturize Skin, Deep Cleansing - 10 oz",
        "price": "$14.95 ($1.50 / Fl Oz)",
        "listPrice": "$16.45 ($1.64 / Fl Oz)",
        "imageUrl": "https://m.media-amazon.com/images/I/51-1N5Bks9L._SL160_.jpg",
        "detailPageURL": "https://www.amazon.com/dp/B01K8PEZMU",
        "rating": "4.3",
        "totalReviews": "20559",
        "subtitle": "MAJESTIC PURE",
        "isPrimeEligible": "1"
    },
    {
        "ASIN": "B0BWYWRP5R",
        "title": "Peauamie Exfoliating Body Scrub Marshmallow Scrub for Acne, Dark Spots, Hyperpigmentation, Smooth Skin,Moisturizing and Exfoliating Body, Face, Hand, Foot Scrub,Deep Cleansing",
        "price": "$5.99 ($0.68 / Ounce)",
        "listPrice": "",
        "imageUrl": "https://m.media-amazon.com/images/I/41b2HDE7eeL._SL160_.jpg",
        "detailPageURL": "https://www.amazon.com/dp/B0BWYWRP5R",
        "rating": "4.4",
        "totalReviews": "33",
        "subtitle": "PEAUAMIE",
        "isPrimeEligible": "1"
    },
    {
        "ASIN": "B0BF23PM61",
        "title": "Bella & Bear Pineapple Body Scrub Exfoliator - Vegan Travel Size (3.4oz)",
        "price": "$4.99 ($1.47 / Ounce)",
        "listPrice": "",
        "imageUrl": "https://m.media-amazon.com/images/I/41J2cF-THGL._SL160_.jpg",
        "detailPageURL": "https://www.amazon.com/dp/B0BF23PM61",
        "rating": "4.3",
        "totalReviews": "354",
        "subtitle": "Bella and Bear",
        "isPrimeEligible": "1"
    },
    {
        "ASIN": "B09X6CVS53",
        "title": "Exfoliating Body Scrub | Turmeric Body Scrub and Skin Exfoliator with Collagen and Coconut Oil | Gently Exfoliate Face Body Hand and Foot Scrub| Moisturizing Body SkinCare products by M3 Naturals",
        "price": "$19.72 ($1.64 / Fl Oz)",
        "listPrice": "$24.65 ($2.05 / Fl Oz)",
        "imageUrl": "https://m.media-amazon.com/images/I/51wg56b-7UL._SL160_.jpg",
        "detailPageURL": "https://www.amazon.com/dp/B09X6CVS53",
        "rating": "4.4",
        "totalReviews": "14381",
        "subtitle": "M3 Naturals",
        "isPrimeEligible": "1"
    },
    {
        "ASIN": "B0CFM8LGB2",
        "title": "The Spathecary Brown Sugar + Honey Smoothing Body Scrub, 21 oz, Ultra Hydrating and Exfoliating Scrub for Nourishing Essential Body Care",
        "price": "$7.99 ($0.38 / Ounce)",
        "listPrice": "",
        "imageUrl": "https://m.media-amazon.com/images/I/41mkkmtMHEL._SL160_.jpg",
        "detailPageURL": "https://www.amazon.com/dp/B0CFM8LGB2",
        "rating": "4.8",
        "totalReviews": "14",
        "subtitle": "The Spathecary",
        "isPrimeEligible": "1"
    },
    {
        "ASIN": "B07YYYSHVB",
        "title": "OGX Hydration + Sea Kelp & Hyaluronic Acid Sulfate-Free Lightly Moisturizing Body Scrub with Black Rice, Gentle Exfoliating Daily Body Wash to Soften & Smooth Skin, 19.5 Fl Oz",
        "price": "$6.99 ($0.36 / Fl Oz)",
        "listPrice": "$9.29 ($0.48 / Fl Oz)",
        "imageUrl": "https://m.media-amazon.com/images/I/4177gBiH5+L._SL160_.jpg",
        "detailPageURL": "https://www.amazon.com/dp/B07YYYSHVB",
        "rating": "4.6",
        "totalReviews": "12698",
        "subtitle": "OGX",
        "isPrimeEligible": "1"
    },
    {
        "ASIN": "B07GJR4KXM",
        "title": "Brooklyn Botany Brown Sugar Body Scrub - Moisturizing and Exfoliating Body, Face, Hand, Foot Scrub - Fights Acne, Fine Lines & Wrinkles, Great Gifts For Women & Men - 10 oz",
        "price": "$9.99 ($1.00 / Ounce)",
        "listPrice": "$16.99 ($1.70 / Ounce)",
        "imageUrl": "https://m.media-amazon.com/images/I/41Zl1DjrGpL._SL160_.jpg",
        "detailPageURL": "https://www.amazon.com/dp/B07GJR4KXM",
        "rating": "4.2",
        "totalReviews": "15096",
        "subtitle": "Brooklyn Botany",
        "isPrimeEligible": "1"
    },
    {
        "ASIN": "B08GNS58PQ",
        "title": "First Aid Beauty KP Bump Eraser Body Scrub Exfoliant for Keratosis Pilaris with 10% AHA 2 oz.",
        "price": "$12.00 ($6.00 / Ounce)",
        "listPrice": "",
        "imageUrl": "https://m.media-amazon.com/images/I/316RNrKAVAL._SL160_.jpg",
        "detailPageURL": "https://www.amazon.com/dp/B08GNS58PQ",
        "rating": "4.4",
        "totalReviews": "31435",
        "subtitle": "First Aid Beauty",
        "isPrimeEligible": "1"
    },
    {
        "ASIN": "B083NHCFCQ",
        "title": "Dove Scrub Crushed Almond & Mango Butter For Silky Smooth Skin Body Scrub Exfoliates & Restores Skin's Natural Nutrients 10.5 oz",
        "price": "$6.97 ($0.66 / Ounce)",
        "listPrice": "",
        "imageUrl": "https://m.media-amazon.com/images/I/61XAFs94drL._SL160_.jpg",
        "detailPageURL": "https://www.amazon.com/dp/B083NHCFCQ",
        "rating": "4.6",
        "totalReviews": "1742",
        "subtitle": "Dove",
        "isPrimeEligible": "1"
    },
    {
        "ASIN": "B01K8PEZMU",
        "title": "MAJESTIC PURE Himalayan Salt Body Scrub with Lychee Oil, Exfoliating Salt Scrub to Exfoliate & Moisturize Skin, Deep Cleansing - 10 oz",
        "price": "$14.95 ($1.50 / Fl Oz)",
        "listPrice": "$16.45 ($1.64 / Fl Oz)",
        "imageUrl": "https://m.media-amazon.com/images/I/51-1N5Bks9L._SL160_.jpg",
        "detailPageURL": "https://www.amazon.com/dp/B01K8PEZMU",
        "rating": "4.3",
        "totalReviews": "20559",
        "subtitle": "MAJESTIC PURE",
        "isPrimeEligible": "1"
    },
    {
        "ASIN": "B0BWYWRP5R",
        "title": "Peauamie Exfoliating Body Scrub Marshmallow Scrub for Acne, Dark Spots, Hyperpigmentation, Smooth Skin,Moisturizing and Exfoliating Body, Face, Hand, Foot Scrub,Deep Cleansing",
        "price": "$5.99 ($0.68 / Ounce)",
        "listPrice": "",
        "imageUrl": "https://m.media-amazon.com/images/I/41b2HDE7eeL._SL160_.jpg",
        "detailPageURL": "https://www.amazon.com/dp/B0BWYWRP5R",
        "rating": "4.4",
        "totalReviews": "33",
        "subtitle": "PEAUAMIE",
        "isPrimeEligible": "1"
    },
    {
        "ASIN": "B0BF23PM61",
        "title": "Bella & Bear Pineapple Body Scrub Exfoliator - Vegan Travel Size (3.4oz)",
        "price": "$4.99 ($1.47 / Ounce)",
        "listPrice": "",
        "imageUrl": "https://m.media-amazon.com/images/I/41J2cF-THGL._SL160_.jpg",
        "detailPageURL": "https://www.amazon.com/dp/B0BF23PM61",
        "rating": "4.3",
        "totalReviews": "354",
        "subtitle": "Bella and Bear",
        "isPrimeEligible": "1"
    },
    {
        "ASIN": "B09X6CVS53",
        "title": "Exfoliating Body Scrub | Turmeric Body Scrub and Skin Exfoliator with Collagen and Coconut Oil | Gently Exfoliate Face Body Hand and Foot Scrub| Moisturizing Body SkinCare products by M3 Naturals",
        "price": "$19.72 ($1.64 / Fl Oz)",
        "listPrice": "$24.65 ($2.05 / Fl Oz)",
        "imageUrl": "https://m.media-amazon.com/images/I/51wg56b-7UL._SL160_.jpg",
        "detailPageURL": "https://www.amazon.com/dp/B09X6CVS53",
        "rating": "4.4",
        "totalReviews": "14381",
        "subtitle": "M3 Naturals",
        "isPrimeEligible": "1"
    },
    {
        "ASIN": "B08TM4QBDT",
        "title": "Himalayan Salt Body Scrub with Collagen and Stem Cells - Natural Exfoliating Salt Scrub & Body and Face Souffle helps with Moisturizing Skin, Acne, Cellulite, Dead Skin Scars, Wrinkles (11 oz)",
        "price": "$13.89 ($1.26 / Ounce)",
        "listPrice": "$24.95 ($2.27 / Ounce)",
        "imageUrl": "https://m.media-amazon.com/images/I/51ToKkQ3fMS._SL160_.jpg",
        "detailPageURL": "https://www.amazon.com/dp/B08TM4QBDT",
        "rating": "4.3",
        "totalReviews": "6825",
        "subtitle": "First Botany",
        "isPrimeEligible": "1"
    },
    {
        "ASIN": "B07YYYSHVB",
        "title": "OGX Hydration + Sea Kelp & Hyaluronic Acid Sulfate-Free Lightly Moisturizing Body Scrub with Black Rice, Gentle Exfoliating Daily Body Wash to Soften & Smooth Skin, 19.5 Fl Oz",
        "price": "$6.99 ($0.36 / Fl Oz)",
        "listPrice": "$9.29 ($0.48 / Fl Oz)",
        "imageUrl": "https://m.media-amazon.com/images/I/4177gBiH5+L._SL160_.jpg",
        "detailPageURL": "https://www.amazon.com/dp/B07YYYSHVB",
        "rating": "4.6",
        "totalReviews": "12698",
        "subtitle": "OGX",
        "isPrimeEligible": "1"
    },
    {
        "ASIN": "B07GJR4KXM",
        "title": "Brooklyn Botany Brown Sugar Body Scrub - Moisturizing and Exfoliating Body, Face, Hand, Foot Scrub - Fights Acne, Fine Lines & Wrinkles, Great Gifts For Women & Men - 10 oz",
        "price": "$9.99 ($1.00 / Ounce)",
        "listPrice": "$16.99 ($1.70 / Ounce)",
        "imageUrl": "https://m.media-amazon.com/images/I/41Zl1DjrGpL._SL160_.jpg",
        "detailPageURL": "https://www.amazon.com/dp/B07GJR4KXM",
        "rating": "4.2",
        "totalReviews": "15096",
        "subtitle": "Brooklyn Botany",
        "isPrimeEligible": "1"
    },
    {
        "ASIN": "B08GNS58PQ",
        "title": "First Aid Beauty KP Bump Eraser Body Scrub Exfoliant for Keratosis Pilaris with 10% AHA 2 oz.",
        "price": "$12.00 ($6.00 / Ounce)",
        "listPrice": "",
        "imageUrl": "https://m.media-amazon.com/images/I/316RNrKAVAL._SL160_.jpg",
        "detailPageURL": "https://www.amazon.com/dp/B08GNS58PQ",
        "rating": "4.4",
        "totalReviews": "31435",
        "subtitle": "First Aid Beauty",
        "isPrimeEligible": "1"
    },
    {
        "ASIN": "B083NHCFCQ",
        "title": "Dove Scrub Crushed Almond & Mango Butter For Silky Smooth Skin Body Scrub Exfoliates & Restores Skin's Natural Nutrients 10.5 oz",
        "price": "$6.97 ($0.66 / Ounce)",
        "listPrice": "",
        "imageUrl": "https://m.media-amazon.com/images/I/61XAFs94drL._SL160_.jpg",
        "detailPageURL": "https://www.amazon.com/dp/B083NHCFCQ",
        "rating": "4.6",
        "totalReviews": "1742",
        "subtitle": "Dove",
        "isPrimeEligible": "1"
    },
    {
        "ASIN": "B01K8PEZMU",
        "title": "MAJESTIC PURE Himalayan Salt Body Scrub with Lychee Oil, Exfoliating Salt Scrub to Exfoliate & Moisturize Skin, Deep Cleansing - 10 oz",
        "price": "$14.95 ($1.50 / Fl Oz)",
        "listPrice": "$16.45 ($1.64 / Fl Oz)",
        "imageUrl": "https://m.media-amazon.com/images/I/51-1N5Bks9L._SL160_.jpg",
        "detailPageURL": "https://www.amazon.com/dp/B01K8PEZMU",
        "rating": "4.3",
        "totalReviews": "20559",
        "subtitle": "MAJESTIC PURE",
        "isPrimeEligible": "1"
    },
    {
        "ASIN": "B0BWYWRP5R",
        "title": "Peauamie Exfoliating Body Scrub Marshmallow Scrub for Acne, Dark Spots, Hyperpigmentation, Smooth Skin,Moisturizing and Exfoliating Body, Face, Hand, Foot Scrub,Deep Cleansing",
        "price": "$5.99 ($0.68 / Ounce)",
        "listPrice": "",
        "imageUrl": "https://m.media-amazon.com/images/I/41b2HDE7eeL._SL160_.jpg",
        "detailPageURL": "https://www.amazon.com/dp/B0BWYWRP5R",
        "rating": "4.4",
        "totalReviews": "33",
        "subtitle": "PEAUAMIE",
        "isPrimeEligible": "1"
    },
    {
        "ASIN": "B0BF23PM61",
        "title": "Bella & Bear Pineapple Body Scrub Exfoliator - Vegan Travel Size (3.4oz)",
        "price": "$4.99 ($1.47 / Ounce)",
        "listPrice": "",
        "imageUrl": "https://m.media-amazon.com/images/I/41J2cF-THGL._SL160_.jpg",
        "detailPageURL": "https://www.amazon.com/dp/B0BF23PM61",
        "rating": "4.3",
        "totalReviews": "354",
        "subtitle": "Bella and Bear",
        "isPrimeEligible": "1"
    },
    {
        "ASIN": "B09X6CVS53",
        "title": "Exfoliating Body Scrub | Turmeric Body Scrub and Skin Exfoliator with Collagen and Coconut Oil | Gently Exfoliate Face Body Hand and Foot Scrub| Moisturizing Body SkinCare products by M3 Naturals",
        "price": "$19.72 ($1.64 / Fl Oz)",
        "listPrice": "$24.65 ($2.05 / Fl Oz)",
        "imageUrl": "https://m.media-amazon.com/images/I/51wg56b-7UL._SL160_.jpg",
        "detailPageURL": "https://www.amazon.com/dp/B09X6CVS53",
        "rating": "4.4",
        "totalReviews": "14381",
        "subtitle": "M3 Naturals",
        "isPrimeEligible": "1"
    },
    {
        "ASIN": "B08TM4QBDT",
        "title": "Himalayan Salt Body Scrub with Collagen and Stem Cells - Natural Exfoliating Salt Scrub & Body and Face Souffle helps with Moisturizing Skin, Acne, Cellulite, Dead Skin Scars, Wrinkles (11 oz)",
        "price": "$13.89 ($1.26 / Ounce)",
        "listPrice": "$24.95 ($2.27 / Ounce)",
        "imageUrl": "https://m.media-amazon.com/images/I/51ToKkQ3fMS._SL160_.jpg",
        "detailPageURL": "https://www.amazon.com/dp/B08TM4QBDT",
        "rating": "4.3",
        "totalReviews": "6825",
        "subtitle": "First Botany",
        "isPrimeEligible": "1"
    },
    {
        "ASIN": "B0BCDL46NP",
        "title": "Sud Scrub\u00ae Antimicrobial Silicone Body Scrubber, Exfoliating Body Scrubber for Sensitive Skin, Eco Friendly Shower Scrubber for Body, Silicone Body Brush for Showering, Charcoal",
        "price": "$29.99 ($29.99 / Count)",
        "listPrice": "",
        "imageUrl": "https://m.media-amazon.com/images/I/41osAH8WSwL._SL160_.jpg",
        "detailPageURL": "https://www.amazon.com/dp/B0BCDL46NP",
        "rating": "4.3",
        "totalReviews": "1589",
        "subtitle": "Sud Scrub",
        "isPrimeEligible": "1"
    },
    {
        "ASIN": "B07GJR4KXM",
        "title": "Brooklyn Botany Brown Sugar Body Scrub - Moisturizing and Exfoliating Body, Face, Hand, Foot Scrub - Fights Acne, Fine Lines & Wrinkles, Great Gifts For Women & Men - 10 oz",
        "price": "$9.99 ($1.00 / Ounce)",
        "listPrice": "$16.99 ($1.70 / Ounce)",
        "imageUrl": "https://m.media-amazon.com/images/I/41Zl1DjrGpL._SL160_.jpg",
        "detailPageURL": "https://www.amazon.com/dp/B07GJR4KXM",
        "rating": "4.2",
        "totalReviews": "15096",
        "subtitle": "Brooklyn Botany",
        "isPrimeEligible": "1"
    },
    {
        "ASIN": "B08GNS58PQ",
        "title": "First Aid Beauty KP Bump Eraser Body Scrub Exfoliant for Keratosis Pilaris with 10% AHA 2 oz.",
        "price": "$12.00 ($6.00 / Ounce)",
        "listPrice": "",
        "imageUrl": "https://m.media-amazon.com/images/I/316RNrKAVAL._SL160_.jpg",
        "detailPageURL": "https://www.amazon.com/dp/B08GNS58PQ",
        "rating": "4.4",
        "totalReviews": "31435",
        "subtitle": "First Aid Beauty",
        "isPrimeEligible": "1"
    },
    {
        "ASIN": "B083NHCFCQ",
        "title": "Dove Scrub Crushed Almond & Mango Butter For Silky Smooth Skin Body Scrub Exfoliates & Restores Skin's Natural Nutrients 10.5 oz",
        "price": "$6.97 ($0.66 / Ounce)",
        "listPrice": "",
        "imageUrl": "https://m.media-amazon.com/images/I/61XAFs94drL._SL160_.jpg",
        "detailPageURL": "https://www.amazon.com/dp/B083NHCFCQ",
        "rating": "4.6",
        "totalReviews": "1742",
        "subtitle": "Dove",
        "isPrimeEligible": "1"
    },
    {
        "ASIN": "B01K8PEZMU",
        "title": "MAJESTIC PURE Himalayan Salt Body Scrub with Lychee Oil, Exfoliating Salt Scrub to Exfoliate & Moisturize Skin, Deep Cleansing - 10 oz",
        "price": "$14.95 ($1.50 / Fl Oz)",
        "listPrice": "$16.45 ($1.64 / Fl Oz)",
        "imageUrl": "https://m.media-amazon.com/images/I/51-1N5Bks9L._SL160_.jpg",
        "detailPageURL": "https://www.amazon.com/dp/B01K8PEZMU",
        "rating": "4.3",
        "totalReviews": "20559",
        "subtitle": "MAJESTIC PURE",
        "isPrimeEligible": "1"
    },
    {
        "ASIN": "B0BWYWRP5R",
        "title": "Peauamie Exfoliating Body Scrub Marshmallow Scrub for Acne, Dark Spots, Hyperpigmentation, Smooth Skin,Moisturizing and Exfoliating Body, Face, Hand, Foot Scrub,Deep Cleansing",
        "price": "$5.99 ($0.68 / Ounce)",
        "listPrice": "",
        "imageUrl": "https://m.media-amazon.com/images/I/41b2HDE7eeL._SL160_.jpg",
        "detailPageURL": "https://www.amazon.com/dp/B0BWYWRP5R",
        "rating": "4.4",
        "totalReviews": "33",
        "subtitle": "PEAUAMIE",
        "isPrimeEligible": "1"
    },
    {
        "ASIN": "B0BF23PM61",
        "title": "Bella & Bear Pineapple Body Scrub Exfoliator - Vegan Travel Size (3.4oz)",
        "price": "$4.99 ($1.47 / Ounce)",
        "listPrice": "",
        "imageUrl": "https://m.media-amazon.com/images/I/41J2cF-THGL._SL160_.jpg",
        "detailPageURL": "https://www.amazon.com/dp/B0BF23PM61",
        "rating": "4.3",
        "totalReviews": "354",
        "subtitle": "Bella and Bear",
        "isPrimeEligible": "1"
    },
    {
        "ASIN": "B09X6CVS53",
        "title": "Exfoliating Body Scrub | Turmeric Body Scrub and Skin Exfoliator with Collagen and Coconut Oil | Gently Exfoliate Face Body Hand and Foot Scrub| Moisturizing Body SkinCare products by M3 Naturals",
        "price": "$19.72 ($1.64 / Fl Oz)",
        "listPrice": "$24.65 ($2.05 / Fl Oz)",
        "imageUrl": "https://m.media-amazon.com/images/I/51wg56b-7UL._SL160_.jpg",
        "detailPageURL": "https://www.amazon.com/dp/B09X6CVS53",
        "rating": "4.4",
        "totalReviews": "14381",
        "subtitle": "M3 Naturals",
        "isPrimeEligible": "1"
    },
    {
        "ASIN": "B08TM4QBDT",
        "title": "Himalayan Salt Body Scrub with Collagen and Stem Cells - Natural Exfoliating Salt Scrub & Body and Face Souffle helps with Moisturizing Skin, Acne, Cellulite, Dead Skin Scars, Wrinkles (11 oz)",
        "price": "$13.89 ($1.26 / Ounce)",
        "listPrice": "$24.95 ($2.27 / Ounce)",
        "imageUrl": "https://m.media-amazon.com/images/I/51ToKkQ3fMS._SL160_.jpg",
        "detailPageURL": "https://www.amazon.com/dp/B08TM4QBDT",
        "rating": "4.3",
        "totalReviews": "6825",
        "subtitle": "First Botany",
        "isPrimeEligible": "1"
    },
    {
        "ASIN": "B0BCDL46NP",
        "title": "Sud Scrub\u00ae Antimicrobial Silicone Body Scrubber, Exfoliating Body Scrubber for Sensitive Skin, Eco Friendly Shower Scrubber for Body, Silicone Body Brush for Showering, Charcoal",
        "price": "$29.99 ($29.99 / Count)",
        "listPrice": "",
        "imageUrl": "https://m.media-amazon.com/images/I/41osAH8WSwL._SL160_.jpg",
        "detailPageURL": "https://www.amazon.com/dp/B0BCDL46NP",
        "rating": "4.3",
        "totalReviews": "1589",
        "subtitle": "Sud Scrub",
        "isPrimeEligible": "1"
    },
    {
        "ASIN": "B07G7QVSZT",
        "title": "MAJESTIC PURE Arabica Coffee Scrub - All Natural Exfoliating Body Scrub for Skin Care, Stretch Marks, Acne & Cellulite, Reduce the Look of Spider Veins, Eczema, Age Spots & Varicose Veins - 10 Ounces",
        "price": "$10.36 ($1.04 / Ounce)",
        "listPrice": "$16.99 ($1.70 / Ounce)",
        "imageUrl": "https://m.media-amazon.com/images/I/51msBrROZXL._SL160_.jpg",
        "detailPageURL": "https://www.amazon.com/dp/B07G7QVSZT",
        "rating": "4.3",
        "totalReviews": "6327",
        "subtitle": "MAJESTIC PURE",
        "isPrimeEligible": "1"
    },
    {
        "ASIN": "B08GNS58PQ",
        "title": "First Aid Beauty KP Bump Eraser Body Scrub Exfoliant for Keratosis Pilaris with 10% AHA 2 oz.",
        "price": "$12.00 ($6.00 / Ounce)",
        "listPrice": "",
        "imageUrl": "https://m.media-amazon.com/images/I/316RNrKAVAL._SL160_.jpg",
        "detailPageURL": "https://www.amazon.com/dp/B08GNS58PQ",
        "rating": "4.4",
        "totalReviews": "31435",
        "subtitle": "First Aid Beauty",
        "isPrimeEligible": "1"
    },
    {
        "ASIN": "B083NHCFCQ",
        "title": "Dove Scrub Crushed Almond & Mango Butter For Silky Smooth Skin Body Scrub Exfoliates & Restores Skin's Natural Nutrients 10.5 oz",
        "price": "$6.97 ($0.66 / Ounce)",
        "listPrice": "",
        "imageUrl": "https://m.media-amazon.com/images/I/61XAFs94drL._SL160_.jpg",
        "detailPageURL": "https://www.amazon.com/dp/B083NHCFCQ",
        "rating": "4.6",
        "totalReviews": "1742",
        "subtitle": "Dove",
        "isPrimeEligible": "1"
    },
    {
        "ASIN": "B01K8PEZMU",
        "title": "MAJESTIC PURE Himalayan Salt Body Scrub with Lychee Oil, Exfoliating Salt Scrub to Exfoliate & Moisturize Skin, Deep Cleansing - 10 oz",
        "price": "$14.95 ($1.50 / Fl Oz)",
        "listPrice": "$16.45 ($1.64 / Fl Oz)",
        "imageUrl": "https://m.media-amazon.com/images/I/51-1N5Bks9L._SL160_.jpg",
        "detailPageURL": "https://www.amazon.com/dp/B01K8PEZMU",
        "rating": "4.3",
        "totalReviews": "20559",
        "subtitle": "MAJESTIC PURE",
        "isPrimeEligible": "1"
    },
    {
        "ASIN": "B0BWYWRP5R",
        "title": "Peauamie Exfoliating Body Scrub Marshmallow Scrub for Acne, Dark Spots, Hyperpigmentation, Smooth Skin,Moisturizing and Exfoliating Body, Face, Hand, Foot Scrub,Deep Cleansing",
        "price": "$5.99 ($0.68 / Ounce)",
        "listPrice": "",
        "imageUrl": "https://m.media-amazon.com/images/I/41b2HDE7eeL._SL160_.jpg",
        "detailPageURL": "https://www.amazon.com/dp/B0BWYWRP5R",
        "rating": "4.4",
        "totalReviews": "33",
        "subtitle": "PEAUAMIE",
        "isPrimeEligible": "1"
    },
    {
        "ASIN": "B0BF23PM61",
        "title": "Bella & Bear Pineapple Body Scrub Exfoliator - Vegan Travel Size (3.4oz)",
        "price": "$4.99 ($1.47 / Ounce)",
        "listPrice": "",
        "imageUrl": "https://m.media-amazon.com/images/I/41J2cF-THGL._SL160_.jpg",
        "detailPageURL": "https://www.amazon.com/dp/B0BF23PM61",
        "rating": "4.3",
        "totalReviews": "354",
        "subtitle": "Bella and Bear",
        "isPrimeEligible": "1"
    },
    {
        "ASIN": "B09X6CVS53",
        "title": "Exfoliating Body Scrub | Turmeric Body Scrub and Skin Exfoliator with Collagen and Coconut Oil | Gently Exfoliate Face Body Hand and Foot Scrub| Moisturizing Body SkinCare products by M3 Naturals",
        "price": "$19.72 ($1.64 / Fl Oz)",
        "listPrice": "$24.65 ($2.05 / Fl Oz)",
        "imageUrl": "https://m.media-amazon.com/images/I/51wg56b-7UL._SL160_.jpg",
        "detailPageURL": "https://www.amazon.com/dp/B09X6CVS53",
        "rating": "4.4",
        "totalReviews": "14381",
        "subtitle": "M3 Naturals",
        "isPrimeEligible": "1"
    },
    {
        "ASIN": "B08TM4QBDT",
        "title": "Himalayan Salt Body Scrub with Collagen and Stem Cells - Natural Exfoliating Salt Scrub & Body and Face Souffle helps with Moisturizing Skin, Acne, Cellulite, Dead Skin Scars, Wrinkles (11 oz)",
        "price": "$13.89 ($1.26 / Ounce)",
        "listPrice": "$24.95 ($2.27 / Ounce)",
        "imageUrl": "https://m.media-amazon.com/images/I/51ToKkQ3fMS._SL160_.jpg",
        "detailPageURL": "https://www.amazon.com/dp/B08TM4QBDT",
        "rating": "4.3",
        "totalReviews": "6825",
        "subtitle": "First Botany",
        "isPrimeEligible": "1"
    },
    {
        "ASIN": "B0BCDL46NP",
        "title": "Sud Scrub\u00ae Antimicrobial Silicone Body Scrubber, Exfoliating Body Scrubber for Sensitive Skin, Eco Friendly Shower Scrubber for Body, Silicone Body Brush for Showering, Charcoal",
        "price": "$29.99 ($29.99 / Count)",
        "listPrice": "",
        "imageUrl": "https://m.media-amazon.com/images/I/41osAH8WSwL._SL160_.jpg",
        "detailPageURL": "https://www.amazon.com/dp/B0BCDL46NP",
        "rating": "4.3",
        "totalReviews": "1589",
        "subtitle": "Sud Scrub",
        "isPrimeEligible": "1"
    },
    {
        "ASIN": "B07G7QVSZT",
        "title": "MAJESTIC PURE Arabica Coffee Scrub - All Natural Exfoliating Body Scrub for Skin Care, Stretch Marks, Acne & Cellulite, Reduce the Look of Spider Veins, Eczema, Age Spots & Varicose Veins - 10 Ounces",
        "price": "$10.36 ($1.04 / Ounce)",
        "listPrice": "$16.99 ($1.70 / Ounce)",
        "imageUrl": "https://m.media-amazon.com/images/I/51msBrROZXL._SL160_.jpg",
        "detailPageURL": "https://www.amazon.com/dp/B07G7QVSZT",
        "rating": "4.3",
        "totalReviews": "6327",
        "subtitle": "MAJESTIC PURE",
        "isPrimeEligible": "1"
    },
    {
        "ASIN": "B07JH3YZKP",
        "title": "pureSCRUBS Premium Organic Body Scrub Set - Large 16oz UNSCENTED BODY SCRUB - Dead Sea Salt Infused Organic Essential Oils & Nutrients, INCLUDES Wooden Spoon, Loofah & Organic Exfoliating Bar Soap",
        "price": "$28.95 ($1.81 / Ounce)",
        "listPrice": "",
        "imageUrl": "https://m.media-amazon.com/images/I/51mHoNOeEeL._SL160_.jpg",
        "detailPageURL": "https://www.amazon.com/dp/B07JH3YZKP",
        "rating": "4.6",
        "totalReviews": "9948",
        "subtitle": "pureSCRUBS",
        "isPrimeEligible": "1"
    },
    {
        "ASIN": "B083NHCFCQ",
        "title": "Dove Scrub Crushed Almond & Mango Butter For Silky Smooth Skin Body Scrub Exfoliates & Restores Skin's Natural Nutrients 10.5 oz",
        "price": "$6.97 ($0.66 / Ounce)",
        "listPrice": "",
        "imageUrl": "https://m.media-amazon.com/images/I/61XAFs94drL._SL160_.jpg",
        "detailPageURL": "https://www.amazon.com/dp/B083NHCFCQ",
        "rating": "4.6",
        "totalReviews": "1742",
        "subtitle": "Dove",
        "isPrimeEligible": "1"
    },
    {
        "ASIN": "B01K8PEZMU",
        "title": "MAJESTIC PURE Himalayan Salt Body Scrub with Lychee Oil, Exfoliating Salt Scrub to Exfoliate & Moisturize Skin, Deep Cleansing - 10 oz",
        "price": "$14.95 ($1.50 / Fl Oz)",
        "listPrice": "$16.45 ($1.64 / Fl Oz)",
        "imageUrl": "https://m.media-amazon.com/images/I/51-1N5Bks9L._SL160_.jpg",
        "detailPageURL": "https://www.amazon.com/dp/B01K8PEZMU",
        "rating": "4.3",
        "totalReviews": "20559",
        "subtitle": "MAJESTIC PURE",
        "isPrimeEligible": "1"
    },
    {
        "ASIN": "B0BWYWRP5R",
        "title": "Peauamie Exfoliating Body Scrub Marshmallow Scrub for Acne, Dark Spots, Hyperpigmentation, Smooth Skin,Moisturizing and Exfoliating Body, Face, Hand, Foot Scrub,Deep Cleansing",
        "price": "$5.99 ($0.68 / Ounce)",
        "listPrice": "",
        "imageUrl": "https://m.media-amazon.com/images/I/41b2HDE7eeL._SL160_.jpg",
        "detailPageURL": "https://www.amazon.com/dp/B0BWYWRP5R",
        "rating": "4.4",
        "totalReviews": "33",
        "subtitle": "PEAUAMIE",
        "isPrimeEligible": "1"
    },
    {
        "ASIN": "B0BF23PM61",
        "title": "Bella & Bear Pineapple Body Scrub Exfoliator - Vegan Travel Size (3.4oz)",
        "price": "$4.99 ($1.47 / Ounce)",
        "listPrice": "",
        "imageUrl": "https://m.media-amazon.com/images/I/41J2cF-THGL._SL160_.jpg",
        "detailPageURL": "https://www.amazon.com/dp/B0BF23PM61",
        "rating": "4.3",
        "totalReviews": "354",
        "subtitle": "Bella and Bear",
        "isPrimeEligible": "1"
    },
    {
        "ASIN": "B09X6CVS53",
        "title": "Exfoliating Body Scrub | Turmeric Body Scrub and Skin Exfoliator with Collagen and Coconut Oil | Gently Exfoliate Face Body Hand and Foot Scrub| Moisturizing Body SkinCare products by M3 Naturals",
        "price": "$19.72 ($1.64 / Fl Oz)",
        "listPrice": "$24.65 ($2.05 / Fl Oz)",
        "imageUrl": "https://m.media-amazon.com/images/I/51wg56b-7UL._SL160_.jpg",
        "detailPageURL": "https://www.amazon.com/dp/B09X6CVS53",
        "rating": "4.4",
        "totalReviews": "14381",
        "subtitle": "M3 Naturals",
        "isPrimeEligible": "1"
    },
    {
        "ASIN": "B08TM4QBDT",
        "title": "Himalayan Salt Body Scrub with Collagen and Stem Cells - Natural Exfoliating Salt Scrub & Body and Face Souffle helps with Moisturizing Skin, Acne, Cellulite, Dead Skin Scars, Wrinkles (11 oz)",
        "price": "$13.89 ($1.26 / Ounce)",
        "listPrice": "$24.95 ($2.27 / Ounce)",
        "imageUrl": "https://m.media-amazon.com/images/I/51ToKkQ3fMS._SL160_.jpg",
        "detailPageURL": "https://www.amazon.com/dp/B08TM4QBDT",
        "rating": "4.3",
        "totalReviews": "6825",
        "subtitle": "First Botany",
        "isPrimeEligible": "1"
    },
    {
        "ASIN": "B0BCDL46NP",
        "title": "Sud Scrub\u00ae Antimicrobial Silicone Body Scrubber, Exfoliating Body Scrubber for Sensitive Skin, Eco Friendly Shower Scrubber for Body, Silicone Body Brush for Showering, Charcoal",
        "price": "$29.99 ($29.99 / Count)",
        "listPrice": "",
        "imageUrl": "https://m.media-amazon.com/images/I/41osAH8WSwL._SL160_.jpg",
        "detailPageURL": "https://www.amazon.com/dp/B0BCDL46NP",
        "rating": "4.3",
        "totalReviews": "1589",
        "subtitle": "Sud Scrub",
        "isPrimeEligible": "1"
    },
    {
        "ASIN": "B07G7QVSZT",
        "title": "MAJESTIC PURE Arabica Coffee Scrub - All Natural Exfoliating Body Scrub for Skin Care, Stretch Marks, Acne & Cellulite, Reduce the Look of Spider Veins, Eczema, Age Spots & Varicose Veins - 10 Ounces",
        "price": "$10.36 ($1.04 / Ounce)",
        "listPrice": "$16.99 ($1.70 / Ounce)",
        "imageUrl": "https://m.media-amazon.com/images/I/51msBrROZXL._SL160_.jpg",
        "detailPageURL": "https://www.amazon.com/dp/B07G7QVSZT",
        "rating": "4.3",
        "totalReviews": "6327",
        "subtitle": "MAJESTIC PURE",
        "isPrimeEligible": "1"
    },
    {
        "ASIN": "B07JH3YZKP",
        "title": "pureSCRUBS Premium Organic Body Scrub Set - Large 16oz UNSCENTED BODY SCRUB - Dead Sea Salt Infused Organic Essential Oils & Nutrients, INCLUDES Wooden Spoon, Loofah & Organic Exfoliating Bar Soap",
        "price": "$28.95 ($1.81 / Ounce)",
        "listPrice": "",
        "imageUrl": "https://m.media-amazon.com/images/I/51mHoNOeEeL._SL160_.jpg",
        "detailPageURL": "https://www.amazon.com/dp/B07JH3YZKP",
        "rating": "4.6",
        "totalReviews": "9948",
        "subtitle": "pureSCRUBS",
        "isPrimeEligible": "1"
    },
    {
        "ASIN": "B09YZ1SRDF",
        "title": "Himalayan Body Scrub \u2013 Infused by Collagen, Saffron Stem Cell & Nourishing Body Oils -Exfoliating Salt Scrub For Body - Win Against Aging, Acne, Eczema, Psoriasis & Dead Skin Scars- 10 oz",
        "price": "$10.95 ($1.10 / Ounce)",
        "listPrice": "",
        "imageUrl": "https://m.media-amazon.com/images/I/51IRGe7g5gL._SL160_.jpg",
        "detailPageURL": "https://www.amazon.com/dp/B09YZ1SRDF",
        "rating": "4.0",
        "totalReviews": "156",
        "subtitle": "Artnaturals",
        "isPrimeEligible": "1"
    },
    {
        "ASIN": "B01K8PEZMU",
        "title": "MAJESTIC PURE Himalayan Salt Body Scrub with Lychee Oil, Exfoliating Salt Scrub to Exfoliate & Moisturize Skin, Deep Cleansing - 10 oz",
        "price": "$14.95 ($1.50 / Fl Oz)",
        "listPrice": "$16.45 ($1.64 / Fl Oz)",
        "imageUrl": "https://m.media-amazon.com/images/I/51-1N5Bks9L._SL160_.jpg",
        "detailPageURL": "https://www.amazon.com/dp/B01K8PEZMU",
        "rating": "4.3",
        "totalReviews": "20559",
        "subtitle": "MAJESTIC PURE",
        "isPrimeEligible": "1"
    },
    {
        "ASIN": "B0BWYWRP5R",
        "title": "Peauamie Exfoliating Body Scrub Marshmallow Scrub for Acne, Dark Spots, Hyperpigmentation, Smooth Skin,Moisturizing and Exfoliating Body, Face, Hand, Foot Scrub,Deep Cleansing",
        "price": "$5.99 ($0.68 / Ounce)",
        "listPrice": "",
        "imageUrl": "https://m.media-amazon.com/images/I/41b2HDE7eeL._SL160_.jpg",
        "detailPageURL": "https://www.amazon.com/dp/B0BWYWRP5R",
        "rating": "4.4",
        "totalReviews": "33",
        "subtitle": "PEAUAMIE",
        "isPrimeEligible": "1"
    },
    {
        "ASIN": "B0BF23PM61",
        "title": "Bella & Bear Pineapple Body Scrub Exfoliator - Vegan Travel Size (3.4oz)",
        "price": "$4.99 ($1.47 / Ounce)",
        "listPrice": "",
        "imageUrl": "https://m.media-amazon.com/images/I/41J2cF-THGL._SL160_.jpg",
        "detailPageURL": "https://www.amazon.com/dp/B0BF23PM61",
        "rating": "4.3",
        "totalReviews": "354",
        "subtitle": "Bella and Bear",
        "isPrimeEligible": "1"
    },
    {
        "ASIN": "B09X6CVS53",
        "title": "Exfoliating Body Scrub | Turmeric Body Scrub and Skin Exfoliator with Collagen and Coconut Oil | Gently Exfoliate Face Body Hand and Foot Scrub| Moisturizing Body SkinCare products by M3 Naturals",
        "price": "$19.72 ($1.64 / Fl Oz)",
        "listPrice": "$24.65 ($2.05 / Fl Oz)",
        "imageUrl": "https://m.media-amazon.com/images/I/51wg56b-7UL._SL160_.jpg",
        "detailPageURL": "https://www.amazon.com/dp/B09X6CVS53",
        "rating": "4.4",
        "totalReviews": "14381",
        "subtitle": "M3 Naturals",
        "isPrimeEligible": "1"
    },
    {
        "ASIN": "B08TM4QBDT",
        "title": "Himalayan Salt Body Scrub with Collagen and Stem Cells - Natural Exfoliating Salt Scrub & Body and Face Souffle helps with Moisturizing Skin, Acne, Cellulite, Dead Skin Scars, Wrinkles (11 oz)",
        "price": "$13.89 ($1.26 / Ounce)",
        "listPrice": "$24.95 ($2.27 / Ounce)",
        "imageUrl": "https://m.media-amazon.com/images/I/51ToKkQ3fMS._SL160_.jpg",
        "detailPageURL": "https://www.amazon.com/dp/B08TM4QBDT",
        "rating": "4.3",
        "totalReviews": "6825",
        "subtitle": "First Botany",
        "isPrimeEligible": "1"
    },
    {
        "ASIN": "B0BCDL46NP",
        "title": "Sud Scrub\u00ae Antimicrobial Silicone Body Scrubber, Exfoliating Body Scrubber for Sensitive Skin, Eco Friendly Shower Scrubber for Body, Silicone Body Brush for Showering, Charcoal",
        "price": "$29.99 ($29.99 / Count)",
        "listPrice": "",
        "imageUrl": "https://m.media-amazon.com/images/I/41osAH8WSwL._SL160_.jpg",
        "detailPageURL": "https://www.amazon.com/dp/B0BCDL46NP",
        "rating": "4.3",
        "totalReviews": "1589",
        "subtitle": "Sud Scrub",
        "isPrimeEligible": "1"
    },
    {
        "ASIN": "B07G7QVSZT",
        "title": "MAJESTIC PURE Arabica Coffee Scrub - All Natural Exfoliating Body Scrub for Skin Care, Stretch Marks, Acne & Cellulite, Reduce the Look of Spider Veins, Eczema, Age Spots & Varicose Veins - 10 Ounces",
        "price": "$10.36 ($1.04 / Ounce)",
        "listPrice": "$16.99 ($1.70 / Ounce)",
        "imageUrl": "https://m.media-amazon.com/images/I/51msBrROZXL._SL160_.jpg",
        "detailPageURL": "https://www.amazon.com/dp/B07G7QVSZT",
        "rating": "4.3",
        "totalReviews": "6327",
        "subtitle": "MAJESTIC PURE",
        "isPrimeEligible": "1"
    },
    {
        "ASIN": "B07JH3YZKP",
        "title": "pureSCRUBS Premium Organic Body Scrub Set - Large 16oz UNSCENTED BODY SCRUB - Dead Sea Salt Infused Organic Essential Oils & Nutrients, INCLUDES Wooden Spoon, Loofah & Organic Exfoliating Bar Soap",
        "price": "$28.95 ($1.81 / Ounce)",
        "listPrice": "",
        "imageUrl": "https://m.media-amazon.com/images/I/51mHoNOeEeL._SL160_.jpg",
        "detailPageURL": "https://www.amazon.com/dp/B07JH3YZKP",
        "rating": "4.6",
        "totalReviews": "9948",
        "subtitle": "pureSCRUBS",
        "isPrimeEligible": "1"
    },
    {
        "ASIN": "B09YZ1SRDF",
        "title": "Himalayan Body Scrub \u2013 Infused by Collagen, Saffron Stem Cell & Nourishing Body Oils -Exfoliating Salt Scrub For Body - Win Against Aging, Acne, Eczema, Psoriasis & Dead Skin Scars- 10 oz",
        "price": "$10.95 ($1.10 / Ounce)",
        "listPrice": "",
        "imageUrl": "https://m.media-amazon.com/images/I/51IRGe7g5gL._SL160_.jpg",
        "detailPageURL": "https://www.amazon.com/dp/B09YZ1SRDF",
        "rating": "4.0",
        "totalReviews": "156",
        "subtitle": "Artnaturals",
        "isPrimeEligible": "1"
    },
    {
        "ASIN": "B0BW7XXY97",
        "title": "Essentially KateS Strawberry Ice Cream Body & Foot Scrub 10 oz - Pack of 1, Natural Strawberry Seed Exfoliating Formula - Deliciously Fragrant, Refreshing, and Skin-Polishing Care",
        "price": "$7.95 ($0.80 / Ounce)",
        "listPrice": "$13.08 ($1.31 / Ounce)",
        "imageUrl": "https://m.media-amazon.com/images/I/511GGjcQP-L._SL160_.jpg",
        "detailPageURL": "https://www.amazon.com/dp/B0BW7XXY97",
        "rating": "4.5",
        "totalReviews": "222",
        "subtitle": "Essentially KateS",
        "isPrimeEligible": "1"
    },
    {
        "ASIN": "B0BWYWRP5R",
        "title": "Peauamie Exfoliating Body Scrub Marshmallow Scrub for Acne, Dark Spots, Hyperpigmentation, Smooth Skin,Moisturizing and Exfoliating Body, Face, Hand, Foot Scrub,Deep Cleansing",
        "price": "$5.99 ($0.68 / Ounce)",
        "listPrice": "",
        "imageUrl": "https://m.media-amazon.com/images/I/41b2HDE7eeL._SL160_.jpg",
        "detailPageURL": "https://www.amazon.com/dp/B0BWYWRP5R",
        "rating": "4.4",
        "totalReviews": "33",
        "subtitle": "PEAUAMIE",
        "isPrimeEligible": "1"
    },
    {
        "ASIN": "B0BF23PM61",
        "title": "Bella & Bear Pineapple Body Scrub Exfoliator - Vegan Travel Size (3.4oz)",
        "price": "$4.99 ($1.47 / Ounce)",
        "listPrice": "",
        "imageUrl": "https://m.media-amazon.com/images/I/41J2cF-THGL._SL160_.jpg",
        "detailPageURL": "https://www.amazon.com/dp/B0BF23PM61",
        "rating": "4.3",
        "totalReviews": "354",
        "subtitle": "Bella and Bear",
        "isPrimeEligible": "1"
    },
    {
        "ASIN": "B09X6CVS53",
        "title": "Exfoliating Body Scrub | Turmeric Body Scrub and Skin Exfoliator with Collagen and Coconut Oil | Gently Exfoliate Face Body Hand and Foot Scrub| Moisturizing Body SkinCare products by M3 Naturals",
        "price": "$19.72 ($1.64 / Fl Oz)",
        "listPrice": "$24.65 ($2.05 / Fl Oz)",
        "imageUrl": "https://m.media-amazon.com/images/I/51wg56b-7UL._SL160_.jpg",
        "detailPageURL": "https://www.amazon.com/dp/B09X6CVS53",
        "rating": "4.4",
        "totalReviews": "14381",
        "subtitle": "M3 Naturals",
        "isPrimeEligible": "1"
    },
    {
        "ASIN": "B08TM4QBDT",
        "title": "Himalayan Salt Body Scrub with Collagen and Stem Cells - Natural Exfoliating Salt Scrub & Body and Face Souffle helps with Moisturizing Skin, Acne, Cellulite, Dead Skin Scars, Wrinkles (11 oz)",
        "price": "$13.89 ($1.26 / Ounce)",
        "listPrice": "$24.95 ($2.27 / Ounce)",
        "imageUrl": "https://m.media-amazon.com/images/I/51ToKkQ3fMS._SL160_.jpg",
        "detailPageURL": "https://www.amazon.com/dp/B08TM4QBDT",
        "rating": "4.3",
        "totalReviews": "6825",
        "subtitle": "First Botany",
        "isPrimeEligible": "1"
    },
    {
        "ASIN": "B0BCDL46NP",
        "title": "Sud Scrub\u00ae Antimicrobial Silicone Body Scrubber, Exfoliating Body Scrubber for Sensitive Skin, Eco Friendly Shower Scrubber for Body, Silicone Body Brush for Showering, Charcoal",
        "price": "$29.99 ($29.99 / Count)",
        "listPrice": "",
        "imageUrl": "https://m.media-amazon.com/images/I/41osAH8WSwL._SL160_.jpg",
        "detailPageURL": "https://www.amazon.com/dp/B0BCDL46NP",
        "rating": "4.3",
        "totalReviews": "1589",
        "subtitle": "Sud Scrub",
        "isPrimeEligible": "1"
    },
    {
        "ASIN": "B07G7QVSZT",
        "title": "MAJESTIC PURE Arabica Coffee Scrub - All Natural Exfoliating Body Scrub for Skin Care, Stretch Marks, Acne & Cellulite, Reduce the Look of Spider Veins, Eczema, Age Spots & Varicose Veins - 10 Ounces",
        "price": "$10.36 ($1.04 / Ounce)",
        "listPrice": "$16.99 ($1.70 / Ounce)",
        "imageUrl": "https://m.media-amazon.com/images/I/51msBrROZXL._SL160_.jpg",
        "detailPageURL": "https://www.amazon.com/dp/B07G7QVSZT",
        "rating": "4.3",
        "totalReviews": "6327",
        "subtitle": "MAJESTIC PURE",
        "isPrimeEligible": "1"
    },
    {
        "ASIN": "B07JH3YZKP",
        "title": "pureSCRUBS Premium Organic Body Scrub Set - Large 16oz UNSCENTED BODY SCRUB - Dead Sea Salt Infused Organic Essential Oils & Nutrients, INCLUDES Wooden Spoon, Loofah & Organic Exfoliating Bar Soap",
        "price": "$28.95 ($1.81 / Ounce)",
        "listPrice": "",
        "imageUrl": "https://m.media-amazon.com/images/I/51mHoNOeEeL._SL160_.jpg",
        "detailPageURL": "https://www.amazon.com/dp/B07JH3YZKP",
        "rating": "4.6",
        "totalReviews": "9948",
        "subtitle": "pureSCRUBS",
        "isPrimeEligible": "1"
    },
    {
        "ASIN": "B09YZ1SRDF",
        "title": "Himalayan Body Scrub \u2013 Infused by Collagen, Saffron Stem Cell & Nourishing Body Oils -Exfoliating Salt Scrub For Body - Win Against Aging, Acne, Eczema, Psoriasis & Dead Skin Scars- 10 oz",
        "price": "$10.95 ($1.10 / Ounce)",
        "listPrice": "",
        "imageUrl": "https://m.media-amazon.com/images/I/51IRGe7g5gL._SL160_.jpg",
        "detailPageURL": "https://www.amazon.com/dp/B09YZ1SRDF",
        "rating": "4.0",
        "totalReviews": "156",
        "subtitle": "Artnaturals",
        "isPrimeEligible": "1"
    },
    {
        "ASIN": "B0BW7XXY97",
        "title": "Essentially KateS Strawberry Ice Cream Body & Foot Scrub 10 oz - Pack of 1, Natural Strawberry Seed Exfoliating Formula - Deliciously Fragrant, Refreshing, and Skin-Polishing Care",
        "price": "$7.95 ($0.80 / Ounce)",
        "listPrice": "$13.08 ($1.31 / Ounce)",
        "imageUrl": "https://m.media-amazon.com/images/I/511GGjcQP-L._SL160_.jpg",
        "detailPageURL": "https://www.amazon.com/dp/B0BW7XXY97",
        "rating": "4.5",
        "totalReviews": "222",
        "subtitle": "Essentially KateS",
        "isPrimeEligible": "1"
    },
    {
        "ASIN": "B07H52SVM7",
        "title": "OUAI Scalp & Body Scrub - Deep-Cleansing Scrub for Hair & Skin - Removes Build-Up, Exfoliates & Moisturizes with Sugar & Coconut Oil - Free of Parabens, Sulfates & Phthalates - 8.8 fl oz",
        "price": "$40.00 ($4.55 / Ounce)",
        "listPrice": "",
        "imageUrl": "https://m.media-amazon.com/images/I/31GQYpnbLPL._SL160_.jpg",
        "detailPageURL": "https://www.amazon.com/dp/B07H52SVM7",
        "rating": "4.6",
        "totalReviews": "1470",
        "subtitle": "OUAI",
        "isPrimeEligible": "1"
    },
    {
        "ASIN": "B0BF23PM61",
        "title": "Bella & Bear Pineapple Body Scrub Exfoliator - Vegan Travel Size (3.4oz)",
        "price": "$4.99 ($1.47 / Ounce)",
        "listPrice": "",
        "imageUrl": "https://m.media-amazon.com/images/I/41J2cF-THGL._SL160_.jpg",
        "detailPageURL": "https://www.amazon.com/dp/B0BF23PM61",
        "rating": "4.3",
        "totalReviews": "354",
        "subtitle": "Bella and Bear",
        "isPrimeEligible": "1"
    },
    {
        "ASIN": "B09X6CVS53",
        "title": "Exfoliating Body Scrub | Turmeric Body Scrub and Skin Exfoliator with Collagen and Coconut Oil | Gently Exfoliate Face Body Hand and Foot Scrub| Moisturizing Body SkinCare products by M3 Naturals",
        "price": "$19.72 ($1.64 / Fl Oz)",
        "listPrice": "$24.65 ($2.05 / Fl Oz)",
        "imageUrl": "https://m.media-amazon.com/images/I/51wg56b-7UL._SL160_.jpg",
        "detailPageURL": "https://www.amazon.com/dp/B09X6CVS53",
        "rating": "4.4",
        "totalReviews": "14381",
        "subtitle": "M3 Naturals",
        "isPrimeEligible": "1"
    },
    {
        "ASIN": "B08TM4QBDT",
        "title": "Himalayan Salt Body Scrub with Collagen and Stem Cells - Natural Exfoliating Salt Scrub & Body and Face Souffle helps with Moisturizing Skin, Acne, Cellulite, Dead Skin Scars, Wrinkles (11 oz)",
        "price": "$13.89 ($1.26 / Ounce)",
        "listPrice": "$24.95 ($2.27 / Ounce)",
        "imageUrl": "https://m.media-amazon.com/images/I/51ToKkQ3fMS._SL160_.jpg",
        "detailPageURL": "https://www.amazon.com/dp/B08TM4QBDT",
        "rating": "4.3",
        "totalReviews": "6825",
        "subtitle": "First Botany",
        "isPrimeEligible": "1"
    },
    {
        "ASIN": "B0BCDL46NP",
        "title": "Sud Scrub\u00ae Antimicrobial Silicone Body Scrubber, Exfoliating Body Scrubber for Sensitive Skin, Eco Friendly Shower Scrubber for Body, Silicone Body Brush for Showering, Charcoal",
        "price": "$29.99 ($29.99 / Count)",
        "listPrice": "",
        "imageUrl": "https://m.media-amazon.com/images/I/41osAH8WSwL._SL160_.jpg",
        "detailPageURL": "https://www.amazon.com/dp/B0BCDL46NP",
        "rating": "4.3",
        "totalReviews": "1589",
        "subtitle": "Sud Scrub",
        "isPrimeEligible": "1"
    },
    {
        "ASIN": "B07G7QVSZT",
        "title": "MAJESTIC PURE Arabica Coffee Scrub - All Natural Exfoliating Body Scrub for Skin Care, Stretch Marks, Acne & Cellulite, Reduce the Look of Spider Veins, Eczema, Age Spots & Varicose Veins - 10 Ounces",
        "price": "$10.36 ($1.04 / Ounce)",
        "listPrice": "$16.99 ($1.70 / Ounce)",
        "imageUrl": "https://m.media-amazon.com/images/I/51msBrROZXL._SL160_.jpg",
        "detailPageURL": "https://www.amazon.com/dp/B07G7QVSZT",
        "rating": "4.3",
        "totalReviews": "6327",
        "subtitle": "MAJESTIC PURE",
        "isPrimeEligible": "1"
    },
    {
        "ASIN": "B07JH3YZKP",
        "title": "pureSCRUBS Premium Organic Body Scrub Set - Large 16oz UNSCENTED BODY SCRUB - Dead Sea Salt Infused Organic Essential Oils & Nutrients, INCLUDES Wooden Spoon, Loofah & Organic Exfoliating Bar Soap",
        "price": "$28.95 ($1.81 / Ounce)",
        "listPrice": "",
        "imageUrl": "https://m.media-amazon.com/images/I/51mHoNOeEeL._SL160_.jpg",
        "detailPageURL": "https://www.amazon.com/dp/B07JH3YZKP",
        "rating": "4.6",
        "totalReviews": "9948",
        "subtitle": "pureSCRUBS",
        "isPrimeEligible": "1"
    },
    {
        "ASIN": "B09YZ1SRDF",
        "title": "Himalayan Body Scrub \u2013 Infused by Collagen, Saffron Stem Cell & Nourishing Body Oils -Exfoliating Salt Scrub For Body - Win Against Aging, Acne, Eczema, Psoriasis & Dead Skin Scars- 10 oz",
        "price": "$10.95 ($1.10 / Ounce)",
        "listPrice": "",
        "imageUrl": "https://m.media-amazon.com/images/I/51IRGe7g5gL._SL160_.jpg",
        "detailPageURL": "https://www.amazon.com/dp/B09YZ1SRDF",
        "rating": "4.0",
        "totalReviews": "156",
        "subtitle": "Artnaturals",
        "isPrimeEligible": "1"
    },
    {
        "ASIN": "B0BW7XXY97",
        "title": "Essentially KateS Strawberry Ice Cream Body & Foot Scrub 10 oz - Pack of 1, Natural Strawberry Seed Exfoliating Formula - Deliciously Fragrant, Refreshing, and Skin-Polishing Care",
        "price": "$7.95 ($0.80 / Ounce)",
        "listPrice": "$13.08 ($1.31 / Ounce)",
        "imageUrl": "https://m.media-amazon.com/images/I/511GGjcQP-L._SL160_.jpg",
        "detailPageURL": "https://www.amazon.com/dp/B0BW7XXY97",
        "rating": "4.5",
        "totalReviews": "222",
        "subtitle": "Essentially KateS",
        "isPrimeEligible": "1"
    },
    {
        "ASIN": "B07H52SVM7",
        "title": "OUAI Scalp & Body Scrub - Deep-Cleansing Scrub for Hair & Skin - Removes Build-Up, Exfoliates & Moisturizes with Sugar & Coconut Oil - Free of Parabens, Sulfates & Phthalates - 8.8 fl oz",
        "price": "$40.00 ($4.55 / Ounce)",
        "listPrice": "",
        "imageUrl": "https://m.media-amazon.com/images/I/31GQYpnbLPL._SL160_.jpg",
        "detailPageURL": "https://www.amazon.com/dp/B07H52SVM7",
        "rating": "4.6",
        "totalReviews": "1470",
        "subtitle": "OUAI",
        "isPrimeEligible": "1"
    },
    {
        "ASIN": "B01KL26GIQ",
        "title": "Bella & Bear Goddess Sugar Scrub - Travel Size - Vegan 3.4oz (Travel Size)",
        "price": "$4.99 ($1.47 / Fl Oz)",
        "listPrice": "",
        "imageUrl": "https://m.media-amazon.com/images/I/4120C-GLRaL._SL160_.jpg",
        "detailPageURL": "https://www.amazon.com/dp/B01KL26GIQ",
        "rating": "4.3",
        "totalReviews": "3100",
        "subtitle": "Bella and Bear",
        "isPrimeEligible": "1"
    },
    {
        "ASIN": "B09X6CVS53",
        "title": "Exfoliating Body Scrub | Turmeric Body Scrub and Skin Exfoliator with Collagen and Coconut Oil | Gently Exfoliate Face Body Hand and Foot Scrub| Moisturizing Body SkinCare products by M3 Naturals",
        "price": "$19.72 ($1.64 / Fl Oz)",
        "listPrice": "$24.65 ($2.05 / Fl Oz)",
        "imageUrl": "https://m.media-amazon.com/images/I/51wg56b-7UL._SL160_.jpg",
        "detailPageURL": "https://www.amazon.com/dp/B09X6CVS53",
        "rating": "4.4",
        "totalReviews": "14381",
        "subtitle": "M3 Naturals",
        "isPrimeEligible": "1"
    },
    {
        "ASIN": "B08TM4QBDT",
        "title": "Himalayan Salt Body Scrub with Collagen and Stem Cells - Natural Exfoliating Salt Scrub & Body and Face Souffle helps with Moisturizing Skin, Acne, Cellulite, Dead Skin Scars, Wrinkles (11 oz)",
        "price": "$13.89 ($1.26 / Ounce)",
        "listPrice": "$24.95 ($2.27 / Ounce)",
        "imageUrl": "https://m.media-amazon.com/images/I/51ToKkQ3fMS._SL160_.jpg",
        "detailPageURL": "https://www.amazon.com/dp/B08TM4QBDT",
        "rating": "4.3",
        "totalReviews": "6825",
        "subtitle": "First Botany",
        "isPrimeEligible": "1"
    },
    {
        "ASIN": "B0BCDL46NP",
        "title": "Sud Scrub\u00ae Antimicrobial Silicone Body Scrubber, Exfoliating Body Scrubber for Sensitive Skin, Eco Friendly Shower Scrubber for Body, Silicone Body Brush for Showering, Charcoal",
        "price": "$29.99 ($29.99 / Count)",
        "listPrice": "",
        "imageUrl": "https://m.media-amazon.com/images/I/41osAH8WSwL._SL160_.jpg",
        "detailPageURL": "https://www.amazon.com/dp/B0BCDL46NP",
        "rating": "4.3",
        "totalReviews": "1589",
        "subtitle": "Sud Scrub",
        "isPrimeEligible": "1"
    },
    {
        "ASIN": "B07G7QVSZT",
        "title": "MAJESTIC PURE Arabica Coffee Scrub - All Natural Exfoliating Body Scrub for Skin Care, Stretch Marks, Acne & Cellulite, Reduce the Look of Spider Veins, Eczema, Age Spots & Varicose Veins - 10 Ounces",
        "price": "$10.36 ($1.04 / Ounce)",
        "listPrice": "$16.99 ($1.70 / Ounce)",
        "imageUrl": "https://m.media-amazon.com/images/I/51msBrROZXL._SL160_.jpg",
        "detailPageURL": "https://www.amazon.com/dp/B07G7QVSZT",
        "rating": "4.3",
        "totalReviews": "6327",
        "subtitle": "MAJESTIC PURE",
        "isPrimeEligible": "1"
    },
    {
        "ASIN": "B07JH3YZKP",
        "title": "pureSCRUBS Premium Organic Body Scrub Set - Large 16oz UNSCENTED BODY SCRUB - Dead Sea Salt Infused Organic Essential Oils & Nutrients, INCLUDES Wooden Spoon, Loofah & Organic Exfoliating Bar Soap",
        "price": "$28.95 ($1.81 / Ounce)",
        "listPrice": "",
        "imageUrl": "https://m.media-amazon.com/images/I/51mHoNOeEeL._SL160_.jpg",
        "detailPageURL": "https://www.amazon.com/dp/B07JH3YZKP",
        "rating": "4.6",
        "totalReviews": "9948",
        "subtitle": "pureSCRUBS",
        "isPrimeEligible": "1"
    },
    {
        "ASIN": "B09YZ1SRDF",
        "title": "Himalayan Body Scrub \u2013 Infused by Collagen, Saffron Stem Cell & Nourishing Body Oils -Exfoliating Salt Scrub For Body - Win Against Aging, Acne, Eczema, Psoriasis & Dead Skin Scars- 10 oz",
        "price": "$10.95 ($1.10 / Ounce)",
        "listPrice": "",
        "imageUrl": "https://m.media-amazon.com/images/I/51IRGe7g5gL._SL160_.jpg",
        "detailPageURL": "https://www.amazon.com/dp/B09YZ1SRDF",
        "rating": "4.0",
        "totalReviews": "156",
        "subtitle": "Artnaturals",
        "isPrimeEligible": "1"
    },
    {
        "ASIN": "B0BW7XXY97",
        "title": "Essentially KateS Strawberry Ice Cream Body & Foot Scrub 10 oz - Pack of 1, Natural Strawberry Seed Exfoliating Formula - Deliciously Fragrant, Refreshing, and Skin-Polishing Care",
        "price": "$7.95 ($0.80 / Ounce)",
        "listPrice": "$13.08 ($1.31 / Ounce)",
        "imageUrl": "https://m.media-amazon.com/images/I/511GGjcQP-L._SL160_.jpg",
        "detailPageURL": "https://www.amazon.com/dp/B0BW7XXY97",
        "rating": "4.5",
        "totalReviews": "222",
        "subtitle": "Essentially KateS",
        "isPrimeEligible": "1"
    },
    {
        "ASIN": "B07H52SVM7",
        "title": "OUAI Scalp & Body Scrub - Deep-Cleansing Scrub for Hair & Skin - Removes Build-Up, Exfoliates & Moisturizes with Sugar & Coconut Oil - Free of Parabens, Sulfates & Phthalates - 8.8 fl oz",
        "price": "$40.00 ($4.55 / Ounce)",
        "listPrice": "",
        "imageUrl": "https://m.media-amazon.com/images/I/31GQYpnbLPL._SL160_.jpg",
        "detailPageURL": "https://www.amazon.com/dp/B07H52SVM7",
        "rating": "4.6",
        "totalReviews": "1470",
        "subtitle": "OUAI",
        "isPrimeEligible": "1"
    },
    {
        "ASIN": "B01KL26GIQ",
        "title": "Bella & Bear Goddess Sugar Scrub - Travel Size - Vegan 3.4oz (Travel Size)",
        "price": "$4.99 ($1.47 / Fl Oz)",
        "listPrice": "",
        "imageUrl": "https://m.media-amazon.com/images/I/4120C-GLRaL._SL160_.jpg",
        "detailPageURL": "https://www.amazon.com/dp/B01KL26GIQ",
        "rating": "4.3",
        "totalReviews": "3100",
        "subtitle": "Bella and Bear",
        "isPrimeEligible": "1"
    },
    {
        "ASIN": "B0B5PCF9GF",
        "title": "Body Prescriptions \"Love Day\" Vanilla Sugar Body Scrub",
        "price": "$9.99 ($0.47 / Ounce)",
        "listPrice": "",
        "imageUrl": "https://m.media-amazon.com/images/I/4185jNYLY8L._SL160_.jpg",
        "detailPageURL": "https://www.amazon.com/dp/B0B5PCF9GF",
        "rating": "4.3",
        "totalReviews": "672",
        "subtitle": "Body Prescriptions",
        "isPrimeEligible": "1"
    },
    {
        "ASIN": "B08TM4QBDT",
        "title": "Himalayan Salt Body Scrub with Collagen and Stem Cells - Natural Exfoliating Salt Scrub & Body and Face Souffle helps with Moisturizing Skin, Acne, Cellulite, Dead Skin Scars, Wrinkles (11 oz)",
        "price": "$13.89 ($1.26 / Ounce)",
        "listPrice": "$24.95 ($2.27 / Ounce)",
        "imageUrl": "https://m.media-amazon.com/images/I/51ToKkQ3fMS._SL160_.jpg",
        "detailPageURL": "https://www.amazon.com/dp/B08TM4QBDT",
        "rating": "4.3",
        "totalReviews": "6825",
        "subtitle": "First Botany",
        "isPrimeEligible": "1"
    },
    {
        "ASIN": "B0BCDL46NP",
        "title": "Sud Scrub\u00ae Antimicrobial Silicone Body Scrubber, Exfoliating Body Scrubber for Sensitive Skin, Eco Friendly Shower Scrubber for Body, Silicone Body Brush for Showering, Charcoal",
        "price": "$29.99 ($29.99 / Count)",
        "listPrice": "",
        "imageUrl": "https://m.media-amazon.com/images/I/41osAH8WSwL._SL160_.jpg",
        "detailPageURL": "https://www.amazon.com/dp/B0BCDL46NP",
        "rating": "4.3",
        "totalReviews": "1589",
        "subtitle": "Sud Scrub",
        "isPrimeEligible": "1"
    },
    {
        "ASIN": "B07G7QVSZT",
        "title": "MAJESTIC PURE Arabica Coffee Scrub - All Natural Exfoliating Body Scrub for Skin Care, Stretch Marks, Acne & Cellulite, Reduce the Look of Spider Veins, Eczema, Age Spots & Varicose Veins - 10 Ounces",
        "price": "$10.36 ($1.04 / Ounce)",
        "listPrice": "$16.99 ($1.70 / Ounce)",
        "imageUrl": "https://m.media-amazon.com/images/I/51msBrROZXL._SL160_.jpg",
        "detailPageURL": "https://www.amazon.com/dp/B07G7QVSZT",
        "rating": "4.3",
        "totalReviews": "6327",
        "subtitle": "MAJESTIC PURE",
        "isPrimeEligible": "1"
    },
    {
        "ASIN": "B07JH3YZKP",
        "title": "pureSCRUBS Premium Organic Body Scrub Set - Large 16oz UNSCENTED BODY SCRUB - Dead Sea Salt Infused Organic Essential Oils & Nutrients, INCLUDES Wooden Spoon, Loofah & Organic Exfoliating Bar Soap",
        "price": "$28.95 ($1.81 / Ounce)",
        "listPrice": "",
        "imageUrl": "https://m.media-amazon.com/images/I/51mHoNOeEeL._SL160_.jpg",
        "detailPageURL": "https://www.amazon.com/dp/B07JH3YZKP",
        "rating": "4.6",
        "totalReviews": "9948",
        "subtitle": "pureSCRUBS",
        "isPrimeEligible": "1"
    },
    {
        "ASIN": "B09YZ1SRDF",
        "title": "Himalayan Body Scrub \u2013 Infused by Collagen, Saffron Stem Cell & Nourishing Body Oils -Exfoliating Salt Scrub For Body - Win Against Aging, Acne, Eczema, Psoriasis & Dead Skin Scars- 10 oz",
        "price": "$10.95 ($1.10 / Ounce)",
        "listPrice": "",
        "imageUrl": "https://m.media-amazon.com/images/I/51IRGe7g5gL._SL160_.jpg",
        "detailPageURL": "https://www.amazon.com/dp/B09YZ1SRDF",
        "rating": "4.0",
        "totalReviews": "156",
        "subtitle": "Artnaturals",
        "isPrimeEligible": "1"
    },
    {
        "ASIN": "B0BW7XXY97",
        "title": "Essentially KateS Strawberry Ice Cream Body & Foot Scrub 10 oz - Pack of 1, Natural Strawberry Seed Exfoliating Formula - Deliciously Fragrant, Refreshing, and Skin-Polishing Care",
        "price": "$7.95 ($0.80 / Ounce)",
        "listPrice": "$13.08 ($1.31 / Ounce)",
        "imageUrl": "https://m.media-amazon.com/images/I/511GGjcQP-L._SL160_.jpg",
        "detailPageURL": "https://www.amazon.com/dp/B0BW7XXY97",
        "rating": "4.5",
        "totalReviews": "222",
        "subtitle": "Essentially KateS",
        "isPrimeEligible": "1"
    },
    {
        "ASIN": "B07H52SVM7",
        "title": "OUAI Scalp & Body Scrub - Deep-Cleansing Scrub for Hair & Skin - Removes Build-Up, Exfoliates & Moisturizes with Sugar & Coconut Oil - Free of Parabens, Sulfates & Phthalates - 8.8 fl oz",
        "price": "$40.00 ($4.55 / Ounce)",
        "listPrice": "",
        "imageUrl": "https://m.media-amazon.com/images/I/31GQYpnbLPL._SL160_.jpg",
        "detailPageURL": "https://www.amazon.com/dp/B07H52SVM7",
        "rating": "4.6",
        "totalReviews": "1470",
        "subtitle": "OUAI",
        "isPrimeEligible": "1"
    },
    {
        "ASIN": "B01KL26GIQ",
        "title": "Bella & Bear Goddess Sugar Scrub - Travel Size - Vegan 3.4oz (Travel Size)",
        "price": "$4.99 ($1.47 / Fl Oz)",
        "listPrice": "",
        "imageUrl": "https://m.media-amazon.com/images/I/4120C-GLRaL._SL160_.jpg",
        "detailPageURL": "https://www.amazon.com/dp/B01KL26GIQ",
        "rating": "4.3",
        "totalReviews": "3100",
        "subtitle": "Bella and Bear",
        "isPrimeEligible": "1"
    },
    {
        "ASIN": "B0B5PCF9GF",
        "title": "Body Prescriptions \"Love Day\" Vanilla Sugar Body Scrub",
        "price": "$9.99 ($0.47 / Ounce)",
        "listPrice": "",
        "imageUrl": "https://m.media-amazon.com/images/I/4185jNYLY8L._SL160_.jpg",
        "detailPageURL": "https://www.amazon.com/dp/B0B5PCF9GF",
        "rating": "4.3",
        "totalReviews": "672",
        "subtitle": "Body Prescriptions",
        "isPrimeEligible": "1"
    },
    {
        "ASIN": "B005C2NARQ",
        "title": "Shea Moisture Lavender & Wild Orchid Hand & Body Scrub 12 Ounce (U-BB-2934)",
        "price": "$7.77 ($0.65 / Ounce)",
        "listPrice": "",
        "imageUrl": "https://m.media-amazon.com/images/I/51KYzEqwlcL._SL160_.jpg",
        "detailPageURL": "https://www.amazon.com/dp/B005C2NARQ",
        "rating": "4.4",
        "totalReviews": "1038",
        "subtitle": "SheaMoisture",
        "isPrimeEligible": "1"
    },
    {
        "ASIN": "B0BCDL46NP",
        "title": "Sud Scrub\u00ae Antimicrobial Silicone Body Scrubber, Exfoliating Body Scrubber for Sensitive Skin, Eco Friendly Shower Scrubber for Body, Silicone Body Brush for Showering, Charcoal",
        "price": "$29.99 ($29.99 / Count)",
        "listPrice": "",
        "imageUrl": "https://m.media-amazon.com/images/I/41osAH8WSwL._SL160_.jpg",
        "detailPageURL": "https://www.amazon.com/dp/B0BCDL46NP",
        "rating": "4.3",
        "totalReviews": "1589",
        "subtitle": "Sud Scrub",
        "isPrimeEligible": "1"
    },
    {
        "ASIN": "B07G7QVSZT",
        "title": "MAJESTIC PURE Arabica Coffee Scrub - All Natural Exfoliating Body Scrub for Skin Care, Stretch Marks, Acne & Cellulite, Reduce the Look of Spider Veins, Eczema, Age Spots & Varicose Veins - 10 Ounces",
        "price": "$10.36 ($1.04 / Ounce)",
        "listPrice": "$16.99 ($1.70 / Ounce)",
        "imageUrl": "https://m.media-amazon.com/images/I/51msBrROZXL._SL160_.jpg",
        "detailPageURL": "https://www.amazon.com/dp/B07G7QVSZT",
        "rating": "4.3",
        "totalReviews": "6327",
        "subtitle": "MAJESTIC PURE",
        "isPrimeEligible": "1"
    },
    {
        "ASIN": "B07JH3YZKP",
        "title": "pureSCRUBS Premium Organic Body Scrub Set - Large 16oz UNSCENTED BODY SCRUB - Dead Sea Salt Infused Organic Essential Oils & Nutrients, INCLUDES Wooden Spoon, Loofah & Organic Exfoliating Bar Soap",
        "price": "$28.95 ($1.81 / Ounce)",
        "listPrice": "",
        "imageUrl": "https://m.media-amazon.com/images/I/51mHoNOeEeL._SL160_.jpg",
        "detailPageURL": "https://www.amazon.com/dp/B07JH3YZKP",
        "rating": "4.6",
        "totalReviews": "9948",
        "subtitle": "pureSCRUBS",
        "isPrimeEligible": "1"
    },
    {
        "ASIN": "B09YZ1SRDF",
        "title": "Himalayan Body Scrub \u2013 Infused by Collagen, Saffron Stem Cell & Nourishing Body Oils -Exfoliating Salt Scrub For Body - Win Against Aging, Acne, Eczema, Psoriasis & Dead Skin Scars- 10 oz",
        "price": "$10.95 ($1.10 / Ounce)",
        "listPrice": "",
        "imageUrl": "https://m.media-amazon.com/images/I/51IRGe7g5gL._SL160_.jpg",
        "detailPageURL": "https://www.amazon.com/dp/B09YZ1SRDF",
        "rating": "4.0",
        "totalReviews": "156",
        "subtitle": "Artnaturals",
        "isPrimeEligible": "1"
    },
    {
        "ASIN": "B0BW7XXY97",
        "title": "Essentially KateS Strawberry Ice Cream Body & Foot Scrub 10 oz - Pack of 1, Natural Strawberry Seed Exfoliating Formula - Deliciously Fragrant, Refreshing, and Skin-Polishing Care",
        "price": "$7.95 ($0.80 / Ounce)",
        "listPrice": "$13.08 ($1.31 / Ounce)",
        "imageUrl": "https://m.media-amazon.com/images/I/511GGjcQP-L._SL160_.jpg",
        "detailPageURL": "https://www.amazon.com/dp/B0BW7XXY97",
        "rating": "4.5",
        "totalReviews": "222",
        "subtitle": "Essentially KateS",
        "isPrimeEligible": "1"
    },
    {
        "ASIN": "B07H52SVM7",
        "title": "OUAI Scalp & Body Scrub - Deep-Cleansing Scrub for Hair & Skin - Removes Build-Up, Exfoliates & Moisturizes with Sugar & Coconut Oil - Free of Parabens, Sulfates & Phthalates - 8.8 fl oz",
        "price": "$40.00 ($4.55 / Ounce)",
        "listPrice": "",
        "imageUrl": "https://m.media-amazon.com/images/I/31GQYpnbLPL._SL160_.jpg",
        "detailPageURL": "https://www.amazon.com/dp/B07H52SVM7",
        "rating": "4.6",
        "totalReviews": "1470",
        "subtitle": "OUAI",
        "isPrimeEligible": "1"
    },
    {
        "ASIN": "B01KL26GIQ",
        "title": "Bella & Bear Goddess Sugar Scrub - Travel Size - Vegan 3.4oz (Travel Size)",
        "price": "$4.99 ($1.47 / Fl Oz)",
        "listPrice": "",
        "imageUrl": "https://m.media-amazon.com/images/I/4120C-GLRaL._SL160_.jpg",
        "detailPageURL": "https://www.amazon.com/dp/B01KL26GIQ",
        "rating": "4.3",
        "totalReviews": "3100",
        "subtitle": "Bella and Bear",
        "isPrimeEligible": "1"
    },
    {
        "ASIN": "B0B5PCF9GF",
        "title": "Body Prescriptions \"Love Day\" Vanilla Sugar Body Scrub",
        "price": "$9.99 ($0.47 / Ounce)",
        "listPrice": "",
        "imageUrl": "https://m.media-amazon.com/images/I/4185jNYLY8L._SL160_.jpg",
        "detailPageURL": "https://www.amazon.com/dp/B0B5PCF9GF",
        "rating": "4.3",
        "totalReviews": "672",
        "subtitle": "Body Prescriptions",
        "isPrimeEligible": "1"
    },
    {
        "ASIN": "B005C2NARQ",
        "title": "Shea Moisture Lavender & Wild Orchid Hand & Body Scrub 12 Ounce (U-BB-2934)",
        "price": "$7.77 ($0.65 / Ounce)",
        "listPrice": "",
        "imageUrl": "https://m.media-amazon.com/images/I/51KYzEqwlcL._SL160_.jpg",
        "detailPageURL": "https://www.amazon.com/dp/B005C2NARQ",
        "rating": "4.4",
        "totalReviews": "1038",
        "subtitle": "SheaMoisture",
        "isPrimeEligible": "1"
    },
    {
        "ASIN": "B00BEUDWJQ",
        "title": "Rubbermaid Reveal Cordless Battery Power Scrubber, Gray/Red, Multi-Purpose Scrub Brush Cleaner for Grout/Tile/Bathroom/Shower/Bathtub, Water Resistant, Lightweight, Ergonomic Grip (1839685)",
        "price": "$17.38",
        "listPrice": "$19.99",
        "imageUrl": "https://m.media-amazon.com/images/I/21tLyEdEIEL._SL160_.jpg",
        "detailPageURL": "https://www.amazon.com/dp/B00BEUDWJQ",
        "rating": "4.5",
        "totalReviews": "20988",
        "subtitle": "",
        "isPrimeEligible": "1"
    },
    {
        "ASIN": "B07G7QVSZT",
        "title": "MAJESTIC PURE Arabica Coffee Scrub - All Natural Exfoliating Body Scrub for Skin Care, Stretch Marks, Acne & Cellulite, Reduce the Look of Spider Veins, Eczema, Age Spots & Varicose Veins - 10 Ounces",
        "price": "$10.36 ($1.04 / Ounce)",
        "listPrice": "$16.99 ($1.70 / Ounce)",
        "imageUrl": "https://m.media-amazon.com/images/I/51msBrROZXL._SL160_.jpg",
        "detailPageURL": "https://www.amazon.com/dp/B07G7QVSZT",
        "rating": "4.3",
        "totalReviews": "6327",
        "subtitle": "MAJESTIC PURE",
        "isPrimeEligible": "1"
    },
    {
        "ASIN": "B07JH3YZKP",
        "title": "pureSCRUBS Premium Organic Body Scrub Set - Large 16oz UNSCENTED BODY SCRUB - Dead Sea Salt Infused Organic Essential Oils & Nutrients, INCLUDES Wooden Spoon, Loofah & Organic Exfoliating Bar Soap",
        "price": "$28.95 ($1.81 / Ounce)",
        "listPrice": "",
        "imageUrl": "https://m.media-amazon.com/images/I/51mHoNOeEeL._SL160_.jpg",
        "detailPageURL": "https://www.amazon.com/dp/B07JH3YZKP",
        "rating": "4.6",
        "totalReviews": "9948",
        "subtitle": "pureSCRUBS",
        "isPrimeEligible": "1"
    },
    {
        "ASIN": "B09YZ1SRDF",
        "title": "Himalayan Body Scrub \u2013 Infused by Collagen, Saffron Stem Cell & Nourishing Body Oils -Exfoliating Salt Scrub For Body - Win Against Aging, Acne, Eczema, Psoriasis & Dead Skin Scars- 10 oz",
        "price": "$10.95 ($1.10 / Ounce)",
        "listPrice": "",
        "imageUrl": "https://m.media-amazon.com/images/I/51IRGe7g5gL._SL160_.jpg",
        "detailPageURL": "https://www.amazon.com/dp/B09YZ1SRDF",
        "rating": "4.0",
        "totalReviews": "156",
        "subtitle": "Artnaturals",
        "isPrimeEligible": "1"
    },
    {
        "ASIN": "B0BW7XXY97",
        "title": "Essentially KateS Strawberry Ice Cream Body & Foot Scrub 10 oz - Pack of 1, Natural Strawberry Seed Exfoliating Formula - Deliciously Fragrant, Refreshing, and Skin-Polishing Care",
        "price": "$7.95 ($0.80 / Ounce)",
        "listPrice": "$13.08 ($1.31 / Ounce)",
        "imageUrl": "https://m.media-amazon.com/images/I/511GGjcQP-L._SL160_.jpg",
        "detailPageURL": "https://www.amazon.com/dp/B0BW7XXY97",
        "rating": "4.5",
        "totalReviews": "222",
        "subtitle": "Essentially KateS",
        "isPrimeEligible": "1"
    },
    {
        "ASIN": "B07H52SVM7",
        "title": "OUAI Scalp & Body Scrub - Deep-Cleansing Scrub for Hair & Skin - Removes Build-Up, Exfoliates & Moisturizes with Sugar & Coconut Oil - Free of Parabens, Sulfates & Phthalates - 8.8 fl oz",
        "price": "$40.00 ($4.55 / Ounce)",
        "listPrice": "",
        "imageUrl": "https://m.media-amazon.com/images/I/31GQYpnbLPL._SL160_.jpg",
        "detailPageURL": "https://www.amazon.com/dp/B07H52SVM7",
        "rating": "4.6",
        "totalReviews": "1470",
        "subtitle": "OUAI",
        "isPrimeEligible": "1"
    },
    {
        "ASIN": "B01KL26GIQ",
        "title": "Bella & Bear Goddess Sugar Scrub - Travel Size - Vegan 3.4oz (Travel Size)",
        "price": "$4.99 ($1.47 / Fl Oz)",
        "listPrice": "",
        "imageUrl": "https://m.media-amazon.com/images/I/4120C-GLRaL._SL160_.jpg",
        "detailPageURL": "https://www.amazon.com/dp/B01KL26GIQ",
        "rating": "4.3",
        "totalReviews": "3100",
        "subtitle": "Bella and Bear",
        "isPrimeEligible": "1"
    },
    {
        "ASIN": "B0B5PCF9GF",
        "title": "Body Prescriptions \"Love Day\" Vanilla Sugar Body Scrub",
        "price": "$9.99 ($0.47 / Ounce)",
        "listPrice": "",
        "imageUrl": "https://m.media-amazon.com/images/I/4185jNYLY8L._SL160_.jpg",
        "detailPageURL": "https://www.amazon.com/dp/B0B5PCF9GF",
        "rating": "4.3",
        "totalReviews": "672",
        "subtitle": "Body Prescriptions",
        "isPrimeEligible": "1"
    },
    {
        "ASIN": "B005C2NARQ",
        "title": "Shea Moisture Lavender & Wild Orchid Hand & Body Scrub 12 Ounce (U-BB-2934)",
        "price": "$7.77 ($0.65 / Ounce)",
        "listPrice": "",
        "imageUrl": "https://m.media-amazon.com/images/I/51KYzEqwlcL._SL160_.jpg",
        "detailPageURL": "https://www.amazon.com/dp/B005C2NARQ",
        "rating": "4.4",
        "totalReviews": "1038",
        "subtitle": "SheaMoisture",
        "isPrimeEligible": "1"
    },
    {
        "ASIN": "B00BEUDWJQ",
        "title": "Rubbermaid Reveal Cordless Battery Power Scrubber, Gray/Red, Multi-Purpose Scrub Brush Cleaner for Grout/Tile/Bathroom/Shower/Bathtub, Water Resistant, Lightweight, Ergonomic Grip (1839685)",
        "price": "$17.38",
        "listPrice": "$19.99",
        "imageUrl": "https://m.media-amazon.com/images/I/21tLyEdEIEL._SL160_.jpg",
        "detailPageURL": "https://www.amazon.com/dp/B00BEUDWJQ",
        "rating": "4.5",
        "totalReviews": "20988",
        "subtitle": "",
        "isPrimeEligible": "1"
    },
    {
        "ASIN": "B00FEBARJE",
        "title": "Rubbermaid Reveal Spray Microfiber Floor Cleaning Kit for Laminate & Hardwood Floors, Spray Mop with Reusable Washable Pads, Commercial",
        "price": "$47.66",
        "listPrice": "",
        "imageUrl": "https://m.media-amazon.com/images/I/41Yvl59s1EL._SL160_.jpg",
        "detailPageURL": "https://www.amazon.com/dp/B00FEBARJE",
        "rating": "4.5",
        "totalReviews": "14294",
        "subtitle": "",
        "isPrimeEligible": "1"
    },
    {
        "ASIN": "B07JH3YZKP",
        "title": "pureSCRUBS Premium Organic Body Scrub Set - Large 16oz UNSCENTED BODY SCRUB - Dead Sea Salt Infused Organic Essential Oils & Nutrients, INCLUDES Wooden Spoon, Loofah & Organic Exfoliating Bar Soap",
        "price": "$28.95 ($1.81 / Ounce)",
        "listPrice": "",
        "imageUrl": "https://m.media-amazon.com/images/I/51mHoNOeEeL._SL160_.jpg",
        "detailPageURL": "https://www.amazon.com/dp/B07JH3YZKP",
        "rating": "4.6",
        "totalReviews": "9948",
        "subtitle": "pureSCRUBS",
        "isPrimeEligible": "1"
    },
    {
        "ASIN": "B09YZ1SRDF",
        "title": "Himalayan Body Scrub \u2013 Infused by Collagen, Saffron Stem Cell & Nourishing Body Oils -Exfoliating Salt Scrub For Body - Win Against Aging, Acne, Eczema, Psoriasis & Dead Skin Scars- 10 oz",
        "price": "$10.95 ($1.10 / Ounce)",
        "listPrice": "",
        "imageUrl": "https://m.media-amazon.com/images/I/51IRGe7g5gL._SL160_.jpg",
        "detailPageURL": "https://www.amazon.com/dp/B09YZ1SRDF",
        "rating": "4.0",
        "totalReviews": "156",
        "subtitle": "Artnaturals",
        "isPrimeEligible": "1"
    },
    {
        "ASIN": "B0BW7XXY97",
        "title": "Essentially KateS Strawberry Ice Cream Body & Foot Scrub 10 oz - Pack of 1, Natural Strawberry Seed Exfoliating Formula - Deliciously Fragrant, Refreshing, and Skin-Polishing Care",
        "price": "$7.95 ($0.80 / Ounce)",
        "listPrice": "$13.08 ($1.31 / Ounce)",
        "imageUrl": "https://m.media-amazon.com/images/I/511GGjcQP-L._SL160_.jpg",
        "detailPageURL": "https://www.amazon.com/dp/B0BW7XXY97",
        "rating": "4.5",
        "totalReviews": "222",
        "subtitle": "Essentially KateS",
        "isPrimeEligible": "1"
    },
    {
        "ASIN": "B07H52SVM7",
        "title": "OUAI Scalp & Body Scrub - Deep-Cleansing Scrub for Hair & Skin - Removes Build-Up, Exfoliates & Moisturizes with Sugar & Coconut Oil - Free of Parabens, Sulfates & Phthalates - 8.8 fl oz",
        "price": "$40.00 ($4.55 / Ounce)",
        "listPrice": "",
        "imageUrl": "https://m.media-amazon.com/images/I/31GQYpnbLPL._SL160_.jpg",
        "detailPageURL": "https://www.amazon.com/dp/B07H52SVM7",
        "rating": "4.6",
        "totalReviews": "1470",
        "subtitle": "OUAI",
        "isPrimeEligible": "1"
    },
    {
        "ASIN": "B01KL26GIQ",
        "title": "Bella & Bear Goddess Sugar Scrub - Travel Size - Vegan 3.4oz (Travel Size)",
        "price": "$4.99 ($1.47 / Fl Oz)",
        "listPrice": "",
        "imageUrl": "https://m.media-amazon.com/images/I/4120C-GLRaL._SL160_.jpg",
        "detailPageURL": "https://www.amazon.com/dp/B01KL26GIQ",
        "rating": "4.3",
        "totalReviews": "3100",
        "subtitle": "Bella and Bear",
        "isPrimeEligible": "1"
    },
    {
        "ASIN": "B0B5PCF9GF",
        "title": "Body Prescriptions \"Love Day\" Vanilla Sugar Body Scrub",
        "price": "$9.99 ($0.47 / Ounce)",
        "listPrice": "",
        "imageUrl": "https://m.media-amazon.com/images/I/4185jNYLY8L._SL160_.jpg",
        "detailPageURL": "https://www.amazon.com/dp/B0B5PCF9GF",
        "rating": "4.3",
        "totalReviews": "672",
        "subtitle": "Body Prescriptions",
        "isPrimeEligible": "1"
    },
    {
        "ASIN": "B005C2NARQ",
        "title": "Shea Moisture Lavender & Wild Orchid Hand & Body Scrub 12 Ounce (U-BB-2934)",
        "price": "$7.77 ($0.65 / Ounce)",
        "listPrice": "",
        "imageUrl": "https://m.media-amazon.com/images/I/51KYzEqwlcL._SL160_.jpg",
        "detailPageURL": "https://www.amazon.com/dp/B005C2NARQ",
        "rating": "4.4",
        "totalReviews": "1038",
        "subtitle": "SheaMoisture",
        "isPrimeEligible": "1"
    },
    {
        "ASIN": "B00BEUDWJQ",
        "title": "Rubbermaid Reveal Cordless Battery Power Scrubber, Gray/Red, Multi-Purpose Scrub Brush Cleaner for Grout/Tile/Bathroom/Shower/Bathtub, Water Resistant, Lightweight, Ergonomic Grip (1839685)",
        "price": "$17.38",
        "listPrice": "$19.99",
        "imageUrl": "https://m.media-amazon.com/images/I/21tLyEdEIEL._SL160_.jpg",
        "detailPageURL": "https://www.amazon.com/dp/B00BEUDWJQ",
        "rating": "4.5",
        "totalReviews": "20988",
        "subtitle": "",
        "isPrimeEligible": "1"
    },
    {
        "ASIN": "B00FEBARJE",
        "title": "Rubbermaid Reveal Spray Microfiber Floor Cleaning Kit for Laminate & Hardwood Floors, Spray Mop with Reusable Washable Pads, Commercial",
        "price": "$47.66",
        "listPrice": "",
        "imageUrl": "https://m.media-amazon.com/images/I/41Yvl59s1EL._SL160_.jpg",
        "detailPageURL": "https://www.amazon.com/dp/B00FEBARJE",
        "rating": "4.5",
        "totalReviews": "14294",
        "subtitle": "",
        "isPrimeEligible": "1"
    },
    {
        "ASIN": "B0BX266SC2",
        "title": "Versed Buff It Out AHA Exfoliating Body Scrub - Lactic Acid & Glycolic Acid Exfoliate - Microfine Pumice Body Exfoliator to Resurface, Polish, and Smooth Bumpy, Dry Skin - Vegan & Cruelty-Free (6 oz)",
        "price": "$18.90 ($3.15 / Ounce)",
        "listPrice": "$19.99 ($3.33 / Ounce)",
        "imageUrl": "https://m.media-amazon.com/images/I/316e472hiqL._SL160_.jpg",
        "detailPageURL": "https://www.amazon.com/dp/B0BX266SC2",
        "rating": "4.6",
        "totalReviews": "85",
        "subtitle": "Versed",
        "isPrimeEligible": "0"
    },
    {
        "ASIN": "B09YZ1SRDF",
        "title": "Himalayan Body Scrub \u2013 Infused by Collagen, Saffron Stem Cell & Nourishing Body Oils -Exfoliating Salt Scrub For Body - Win Against Aging, Acne, Eczema, Psoriasis & Dead Skin Scars- 10 oz",
        "price": "$10.95 ($1.10 / Ounce)",
        "listPrice": "",
        "imageUrl": "https://m.media-amazon.com/images/I/51IRGe7g5gL._SL160_.jpg",
        "detailPageURL": "https://www.amazon.com/dp/B09YZ1SRDF",
        "rating": "4.0",
        "totalReviews": "156",
        "subtitle": "Artnaturals",
        "isPrimeEligible": "1"
    },
    {
        "ASIN": "B0BW7XXY97",
        "title": "Essentially KateS Strawberry Ice Cream Body & Foot Scrub 10 oz - Pack of 1, Natural Strawberry Seed Exfoliating Formula - Deliciously Fragrant, Refreshing, and Skin-Polishing Care",
        "price": "$7.95 ($0.80 / Ounce)",
        "listPrice": "$13.08 ($1.31 / Ounce)",
        "imageUrl": "https://m.media-amazon.com/images/I/511GGjcQP-L._SL160_.jpg",
        "detailPageURL": "https://www.amazon.com/dp/B0BW7XXY97",
        "rating": "4.5",
        "totalReviews": "222",
        "subtitle": "Essentially KateS",
        "isPrimeEligible": "1"
    },
    {
        "ASIN": "B07H52SVM7",
        "title": "OUAI Scalp & Body Scrub - Deep-Cleansing Scrub for Hair & Skin - Removes Build-Up, Exfoliates & Moisturizes with Sugar & Coconut Oil - Free of Parabens, Sulfates & Phthalates - 8.8 fl oz",
        "price": "$40.00 ($4.55 / Ounce)",
        "listPrice": "",
        "imageUrl": "https://m.media-amazon.com/images/I/31GQYpnbLPL._SL160_.jpg",
        "detailPageURL": "https://www.amazon.com/dp/B07H52SVM7",
        "rating": "4.6",
        "totalReviews": "1470",
        "subtitle": "OUAI",
        "isPrimeEligible": "1"
    },
    {
        "ASIN": "B01KL26GIQ",
        "title": "Bella & Bear Goddess Sugar Scrub - Travel Size - Vegan 3.4oz (Travel Size)",
        "price": "$4.99 ($1.47 / Fl Oz)",
        "listPrice": "",
        "imageUrl": "https://m.media-amazon.com/images/I/4120C-GLRaL._SL160_.jpg",
        "detailPageURL": "https://www.amazon.com/dp/B01KL26GIQ",
        "rating": "4.3",
        "totalReviews": "3100",
        "subtitle": "Bella and Bear",
        "isPrimeEligible": "1"
    },
    {
        "ASIN": "B0B5PCF9GF",
        "title": "Body Prescriptions \"Love Day\" Vanilla Sugar Body Scrub",
        "price": "$9.99 ($0.47 / Ounce)",
        "listPrice": "",
        "imageUrl": "https://m.media-amazon.com/images/I/4185jNYLY8L._SL160_.jpg",
        "detailPageURL": "https://www.amazon.com/dp/B0B5PCF9GF",
        "rating": "4.3",
        "totalReviews": "672",
        "subtitle": "Body Prescriptions",
        "isPrimeEligible": "1"
    },
    {
        "ASIN": "B005C2NARQ",
        "title": "Shea Moisture Lavender & Wild Orchid Hand & Body Scrub 12 Ounce (U-BB-2934)",
        "price": "$7.77 ($0.65 / Ounce)",
        "listPrice": "",
        "imageUrl": "https://m.media-amazon.com/images/I/51KYzEqwlcL._SL160_.jpg",
        "detailPageURL": "https://www.amazon.com/dp/B005C2NARQ",
        "rating": "4.4",
        "totalReviews": "1038",
        "subtitle": "SheaMoisture",
        "isPrimeEligible": "1"
    },
    {
        "ASIN": "B00BEUDWJQ",
        "title": "Rubbermaid Reveal Cordless Battery Power Scrubber, Gray/Red, Multi-Purpose Scrub Brush Cleaner for Grout/Tile/Bathroom/Shower/Bathtub, Water Resistant, Lightweight, Ergonomic Grip (1839685)",
        "price": "$17.38",
        "listPrice": "$19.99",
        "imageUrl": "https://m.media-amazon.com/images/I/21tLyEdEIEL._SL160_.jpg",
        "detailPageURL": "https://www.amazon.com/dp/B00BEUDWJQ",
        "rating": "4.5",
        "totalReviews": "20988",
        "subtitle": "",
        "isPrimeEligible": "1"
    },
    {
        "ASIN": "B00FEBARJE",
        "title": "Rubbermaid Reveal Spray Microfiber Floor Cleaning Kit for Laminate & Hardwood Floors, Spray Mop with Reusable Washable Pads, Commercial",
        "price": "$47.66",
        "listPrice": "",
        "imageUrl": "https://m.media-amazon.com/images/I/41Yvl59s1EL._SL160_.jpg",
        "detailPageURL": "https://www.amazon.com/dp/B00FEBARJE",
        "rating": "4.5",
        "totalReviews": "14294",
        "subtitle": "",
        "isPrimeEligible": "1"
    },
    {
        "ASIN": "B0BX266SC2",
        "title": "Versed Buff It Out AHA Exfoliating Body Scrub - Lactic Acid & Glycolic Acid Exfoliate - Microfine Pumice Body Exfoliator to Resurface, Polish, and Smooth Bumpy, Dry Skin - Vegan & Cruelty-Free (6 oz)",
        "price": "$18.90 ($3.15 / Ounce)",
        "listPrice": "$19.99 ($3.33 / Ounce)",
        "imageUrl": "https://m.media-amazon.com/images/I/316e472hiqL._SL160_.jpg",
        "detailPageURL": "https://www.amazon.com/dp/B0BX266SC2",
        "rating": "4.6",
        "totalReviews": "85",
        "subtitle": "Versed",
        "isPrimeEligible": "0"
    },
    {
        "ASIN": "B007DGRT3K",
        "title": "Tree Hut Shea Sugar Scrub Tropical Mango, 18oz, Ultra Hydrating and Exfoliating Scrub for Nourishing Essential Body Care",
        "price": "$18.00 ($1.00 / Ounce)",
        "listPrice": "",
        "imageUrl": "https://m.media-amazon.com/images/I/412Cjo55qOL._SL160_.jpg",
        "detailPageURL": "https://www.amazon.com/dp/B007DGRT3K",
        "rating": "4.7",
        "totalReviews": "91852",
        "subtitle": "Tree Hut",
        "isPrimeEligible": "0"
    },
    {
        "ASIN": "B0BW7XXY97",
        "title": "Essentially KateS Strawberry Ice Cream Body & Foot Scrub 10 oz - Pack of 1, Natural Strawberry Seed Exfoliating Formula - Deliciously Fragrant, Refreshing, and Skin-Polishing Care",
        "price": "$7.95 ($0.80 / Ounce)",
        "listPrice": "$13.08 ($1.31 / Ounce)",
        "imageUrl": "https://m.media-amazon.com/images/I/511GGjcQP-L._SL160_.jpg",
        "detailPageURL": "https://www.amazon.com/dp/B0BW7XXY97",
        "rating": "4.5",
        "totalReviews": "222",
        "subtitle": "Essentially KateS",
        "isPrimeEligible": "1"
    },
    {
        "ASIN": "B07H52SVM7",
        "title": "OUAI Scalp & Body Scrub - Deep-Cleansing Scrub for Hair & Skin - Removes Build-Up, Exfoliates & Moisturizes with Sugar & Coconut Oil - Free of Parabens, Sulfates & Phthalates - 8.8 fl oz",
        "price": "$40.00 ($4.55 / Ounce)",
        "listPrice": "",
        "imageUrl": "https://m.media-amazon.com/images/I/31GQYpnbLPL._SL160_.jpg",
        "detailPageURL": "https://www.amazon.com/dp/B07H52SVM7",
        "rating": "4.6",
        "totalReviews": "1470",
        "subtitle": "OUAI",
        "isPrimeEligible": "1"
    },
    {
        "ASIN": "B01KL26GIQ",
        "title": "Bella & Bear Goddess Sugar Scrub - Travel Size - Vegan 3.4oz (Travel Size)",
        "price": "$4.99 ($1.47 / Fl Oz)",
        "listPrice": "",
        "imageUrl": "https://m.media-amazon.com/images/I/4120C-GLRaL._SL160_.jpg",
        "detailPageURL": "https://www.amazon.com/dp/B01KL26GIQ",
        "rating": "4.3",
        "totalReviews": "3100",
        "subtitle": "Bella and Bear",
        "isPrimeEligible": "1"
    },
    {
        "ASIN": "B0B5PCF9GF",
        "title": "Body Prescriptions \"Love Day\" Vanilla Sugar Body Scrub",
        "price": "$9.99 ($0.47 / Ounce)",
        "listPrice": "",
        "imageUrl": "https://m.media-amazon.com/images/I/4185jNYLY8L._SL160_.jpg",
        "detailPageURL": "https://www.amazon.com/dp/B0B5PCF9GF",
        "rating": "4.3",
        "totalReviews": "672",
        "subtitle": "Body Prescriptions",
        "isPrimeEligible": "1"
    },
    {
        "ASIN": "B005C2NARQ",
        "title": "Shea Moisture Lavender & Wild Orchid Hand & Body Scrub 12 Ounce (U-BB-2934)",
        "price": "$7.77 ($0.65 / Ounce)",
        "listPrice": "",
        "imageUrl": "https://m.media-amazon.com/images/I/51KYzEqwlcL._SL160_.jpg",
        "detailPageURL": "https://www.amazon.com/dp/B005C2NARQ",
        "rating": "4.4",
        "totalReviews": "1038",
        "subtitle": "SheaMoisture",
        "isPrimeEligible": "1"
    },
    {
        "ASIN": "B00BEUDWJQ",
        "title": "Rubbermaid Reveal Cordless Battery Power Scrubber, Gray/Red, Multi-Purpose Scrub Brush Cleaner for Grout/Tile/Bathroom/Shower/Bathtub, Water Resistant, Lightweight, Ergonomic Grip (1839685)",
        "price": "$17.38",
        "listPrice": "$19.99",
        "imageUrl": "https://m.media-amazon.com/images/I/21tLyEdEIEL._SL160_.jpg",
        "detailPageURL": "https://www.amazon.com/dp/B00BEUDWJQ",
        "rating": "4.5",
        "totalReviews": "20988",
        "subtitle": "",
        "isPrimeEligible": "1"
    },
    {
        "ASIN": "B00FEBARJE",
        "title": "Rubbermaid Reveal Spray Microfiber Floor Cleaning Kit for Laminate & Hardwood Floors, Spray Mop with Reusable Washable Pads, Commercial",
        "price": "$47.66",
        "listPrice": "",
        "imageUrl": "https://m.media-amazon.com/images/I/41Yvl59s1EL._SL160_.jpg",
        "detailPageURL": "https://www.amazon.com/dp/B00FEBARJE",
        "rating": "4.5",
        "totalReviews": "14294",
        "subtitle": "",
        "isPrimeEligible": "1"
    },
    {
        "ASIN": "B0BX266SC2",
        "title": "Versed Buff It Out AHA Exfoliating Body Scrub - Lactic Acid & Glycolic Acid Exfoliate - Microfine Pumice Body Exfoliator to Resurface, Polish, and Smooth Bumpy, Dry Skin - Vegan & Cruelty-Free (6 oz)",
        "price": "$18.90 ($3.15 / Ounce)",
        "listPrice": "$19.99 ($3.33 / Ounce)",
        "imageUrl": "https://m.media-amazon.com/images/I/316e472hiqL._SL160_.jpg",
        "detailPageURL": "https://www.amazon.com/dp/B0BX266SC2",
        "rating": "4.6",
        "totalReviews": "85",
        "subtitle": "Versed",
        "isPrimeEligible": "0"
    },
    {
        "ASIN": "B007DGRT3K",
        "title": "Tree Hut Shea Sugar Scrub Tropical Mango, 18oz, Ultra Hydrating and Exfoliating Scrub for Nourishing Essential Body Care",
        "price": "$18.00 ($1.00 / Ounce)",
        "listPrice": "",
        "imageUrl": "https://m.media-amazon.com/images/I/412Cjo55qOL._SL160_.jpg",
        "detailPageURL": "https://www.amazon.com/dp/B007DGRT3K",
        "rating": "4.7",
        "totalReviews": "91852",
        "subtitle": "Tree Hut",
        "isPrimeEligible": "0"
    },
    {
        "ASIN": "B0BV1BZH21",
        "title": "Body Prescriptions Exfoliating Body Scrub | 21.16 Oz Body Cleanser Infused with Honey Almond | Daily Body Wash for Nourished and Ultra Smooth Skin, You are my Sunshine?",
        "price": "$8.99 ($0.42 / Ounce)",
        "listPrice": "",
        "imageUrl": "https://m.media-amazon.com/images/I/41TPvHyMuwL._SL160_.jpg",
        "detailPageURL": "https://www.amazon.com/dp/B0BV1BZH21",
        "rating": "4.2",
        "totalReviews": "155",
        "subtitle": "Body Prescriptions",
        "isPrimeEligible": "1"
    },
    {
        "ASIN": "B07H52SVM7",
        "title": "OUAI Scalp & Body Scrub - Deep-Cleansing Scrub for Hair & Skin - Removes Build-Up, Exfoliates & Moisturizes with Sugar & Coconut Oil - Free of Parabens, Sulfates & Phthalates - 8.8 fl oz",
        "price": "$40.00 ($4.55 / Ounce)",
        "listPrice": "",
        "imageUrl": "https://m.media-amazon.com/images/I/31GQYpnbLPL._SL160_.jpg",
        "detailPageURL": "https://www.amazon.com/dp/B07H52SVM7",
        "rating": "4.6",
        "totalReviews": "1470",
        "subtitle": "OUAI",
        "isPrimeEligible": "1"
    },
    {
        "ASIN": "B01KL26GIQ",
        "title": "Bella & Bear Goddess Sugar Scrub - Travel Size - Vegan 3.4oz (Travel Size)",
        "price": "$4.99 ($1.47 / Fl Oz)",
        "listPrice": "",
        "imageUrl": "https://m.media-amazon.com/images/I/4120C-GLRaL._SL160_.jpg",
        "detailPageURL": "https://www.amazon.com/dp/B01KL26GIQ",
        "rating": "4.3",
        "totalReviews": "3100",
        "subtitle": "Bella and Bear",
        "isPrimeEligible": "1"
    },
    {
        "ASIN": "B0B5PCF9GF",
        "title": "Body Prescriptions \"Love Day\" Vanilla Sugar Body Scrub",
        "price": "$9.99 ($0.47 / Ounce)",
        "listPrice": "",
        "imageUrl": "https://m.media-amazon.com/images/I/4185jNYLY8L._SL160_.jpg",
        "detailPageURL": "https://www.amazon.com/dp/B0B5PCF9GF",
        "rating": "4.3",
        "totalReviews": "672",
        "subtitle": "Body Prescriptions",
        "isPrimeEligible": "1"
    },
    {
        "ASIN": "B005C2NARQ",
        "title": "Shea Moisture Lavender & Wild Orchid Hand & Body Scrub 12 Ounce (U-BB-2934)",
        "price": "$7.77 ($0.65 / Ounce)",
        "listPrice": "",
        "imageUrl": "https://m.media-amazon.com/images/I/51KYzEqwlcL._SL160_.jpg",
        "detailPageURL": "https://www.amazon.com/dp/B005C2NARQ",
        "rating": "4.4",
        "totalReviews": "1038",
        "subtitle": "SheaMoisture",
        "isPrimeEligible": "1"
    },
    {
        "ASIN": "B00BEUDWJQ",
        "title": "Rubbermaid Reveal Cordless Battery Power Scrubber, Gray/Red, Multi-Purpose Scrub Brush Cleaner for Grout/Tile/Bathroom/Shower/Bathtub, Water Resistant, Lightweight, Ergonomic Grip (1839685)",
        "price": "$17.38",
        "listPrice": "$19.99",
        "imageUrl": "https://m.media-amazon.com/images/I/21tLyEdEIEL._SL160_.jpg",
        "detailPageURL": "https://www.amazon.com/dp/B00BEUDWJQ",
        "rating": "4.5",
        "totalReviews": "20988",
        "subtitle": "",
        "isPrimeEligible": "1"
    },
    {
        "ASIN": "B00FEBARJE",
        "title": "Rubbermaid Reveal Spray Microfiber Floor Cleaning Kit for Laminate & Hardwood Floors, Spray Mop with Reusable Washable Pads, Commercial",
        "price": "$47.66",
        "listPrice": "",
        "imageUrl": "https://m.media-amazon.com/images/I/41Yvl59s1EL._SL160_.jpg",
        "detailPageURL": "https://www.amazon.com/dp/B00FEBARJE",
        "rating": "4.5",
        "totalReviews": "14294",
        "subtitle": "",
        "isPrimeEligible": "1"
    },
    {
        "ASIN": "B0BX266SC2",
        "title": "Versed Buff It Out AHA Exfoliating Body Scrub - Lactic Acid & Glycolic Acid Exfoliate - Microfine Pumice Body Exfoliator to Resurface, Polish, and Smooth Bumpy, Dry Skin - Vegan & Cruelty-Free (6 oz)",
        "price": "$18.90 ($3.15 / Ounce)",
        "listPrice": "$19.99 ($3.33 / Ounce)",
        "imageUrl": "https://m.media-amazon.com/images/I/316e472hiqL._SL160_.jpg",
        "detailPageURL": "https://www.amazon.com/dp/B0BX266SC2",
        "rating": "4.6",
        "totalReviews": "85",
        "subtitle": "Versed",
        "isPrimeEligible": "0"
    },
    {
        "ASIN": "B007DGRT3K",
        "title": "Tree Hut Shea Sugar Scrub Tropical Mango, 18oz, Ultra Hydrating and Exfoliating Scrub for Nourishing Essential Body Care",
        "price": "$18.00 ($1.00 / Ounce)",
        "listPrice": "",
        "imageUrl": "https://m.media-amazon.com/images/I/412Cjo55qOL._SL160_.jpg",
        "detailPageURL": "https://www.amazon.com/dp/B007DGRT3K",
        "rating": "4.7",
        "totalReviews": "91852",
        "subtitle": "Tree Hut",
        "isPrimeEligible": "0"
    },
    {
        "ASIN": "B0BV1BZH21",
        "title": "Body Prescriptions Exfoliating Body Scrub | 21.16 Oz Body Cleanser Infused with Honey Almond | Daily Body Wash for Nourished and Ultra Smooth Skin, You are my Sunshine?",
        "price": "$8.99 ($0.42 / Ounce)",
        "listPrice": "",
        "imageUrl": "https://m.media-amazon.com/images/I/41TPvHyMuwL._SL160_.jpg",
        "detailPageURL": "https://www.amazon.com/dp/B0BV1BZH21",
        "rating": "4.2",
        "totalReviews": "155",
        "subtitle": "Body Prescriptions",
        "isPrimeEligible": "1"
    },
    {
        "ASIN": "B08TZ2G8TD",
        "title": "J.R. Watkins Sleep Sugar Body Polish, Monoi & Sandalwood Natural Body Scrub Cleanses & Encourages Restful Sleep, 6 oz",
        "price": "$4.39 ($0.73 / Fl Oz)",
        "listPrice": "$13.99 ($2.33 / Fl Oz)",
        "imageUrl": "https://m.media-amazon.com/images/I/41-IzaXIZKL._SL160_.jpg",
        "detailPageURL": "https://www.amazon.com/dp/B08TZ2G8TD",
        "rating": "4.5",
        "totalReviews": "147",
        "subtitle": "J.R. Watkins",
        "isPrimeEligible": "1"
    },
    {
        "ASIN": "B01KL26GIQ",
        "title": "Bella & Bear Goddess Sugar Scrub - Travel Size - Vegan 3.4oz (Travel Size)",
        "price": "$4.99 ($1.47 / Fl Oz)",
        "listPrice": "",
        "imageUrl": "https://m.media-amazon.com/images/I/4120C-GLRaL._SL160_.jpg",
        "detailPageURL": "https://www.amazon.com/dp/B01KL26GIQ",
        "rating": "4.3",
        "totalReviews": "3100",
        "subtitle": "Bella and Bear",
        "isPrimeEligible": "1"
    },
    {
        "ASIN": "B0B5PCF9GF",
        "title": "Body Prescriptions \"Love Day\" Vanilla Sugar Body Scrub",
        "price": "$9.99 ($0.47 / Ounce)",
        "listPrice": "",
        "imageUrl": "https://m.media-amazon.com/images/I/4185jNYLY8L._SL160_.jpg",
        "detailPageURL": "https://www.amazon.com/dp/B0B5PCF9GF",
        "rating": "4.3",
        "totalReviews": "672",
        "subtitle": "Body Prescriptions",
        "isPrimeEligible": "1"
    },
    {
        "ASIN": "B005C2NARQ",
        "title": "Shea Moisture Lavender & Wild Orchid Hand & Body Scrub 12 Ounce (U-BB-2934)",
        "price": "$7.77 ($0.65 / Ounce)",
        "listPrice": "",
        "imageUrl": "https://m.media-amazon.com/images/I/51KYzEqwlcL._SL160_.jpg",
        "detailPageURL": "https://www.amazon.com/dp/B005C2NARQ",
        "rating": "4.4",
        "totalReviews": "1038",
        "subtitle": "SheaMoisture",
        "isPrimeEligible": "1"
    },
    {
        "ASIN": "B00BEUDWJQ",
        "title": "Rubbermaid Reveal Cordless Battery Power Scrubber, Gray/Red, Multi-Purpose Scrub Brush Cleaner for Grout/Tile/Bathroom/Shower/Bathtub, Water Resistant, Lightweight, Ergonomic Grip (1839685)",
        "price": "$17.38",
        "listPrice": "$19.99",
        "imageUrl": "https://m.media-amazon.com/images/I/21tLyEdEIEL._SL160_.jpg",
        "detailPageURL": "https://www.amazon.com/dp/B00BEUDWJQ",
        "rating": "4.5",
        "totalReviews": "20988",
        "subtitle": "",
        "isPrimeEligible": "1"
    },
    {
        "ASIN": "B00FEBARJE",
        "title": "Rubbermaid Reveal Spray Microfiber Floor Cleaning Kit for Laminate & Hardwood Floors, Spray Mop with Reusable Washable Pads, Commercial",
        "price": "$47.66",
        "listPrice": "",
        "imageUrl": "https://m.media-amazon.com/images/I/41Yvl59s1EL._SL160_.jpg",
        "detailPageURL": "https://www.amazon.com/dp/B00FEBARJE",
        "rating": "4.5",
        "totalReviews": "14294",
        "subtitle": "",
        "isPrimeEligible": "1"
    },
    {
        "ASIN": "B0BX266SC2",
        "title": "Versed Buff It Out AHA Exfoliating Body Scrub - Lactic Acid & Glycolic Acid Exfoliate - Microfine Pumice Body Exfoliator to Resurface, Polish, and Smooth Bumpy, Dry Skin - Vegan & Cruelty-Free (6 oz)",
        "price": "$18.90 ($3.15 / Ounce)",
        "listPrice": "$19.99 ($3.33 / Ounce)",
        "imageUrl": "https://m.media-amazon.com/images/I/316e472hiqL._SL160_.jpg",
        "detailPageURL": "https://www.amazon.com/dp/B0BX266SC2",
        "rating": "4.6",
        "totalReviews": "85",
        "subtitle": "Versed",
        "isPrimeEligible": "0"
    },
    {
        "ASIN": "B007DGRT3K",
        "title": "Tree Hut Shea Sugar Scrub Tropical Mango, 18oz, Ultra Hydrating and Exfoliating Scrub for Nourishing Essential Body Care",
        "price": "$18.00 ($1.00 / Ounce)",
        "listPrice": "",
        "imageUrl": "https://m.media-amazon.com/images/I/412Cjo55qOL._SL160_.jpg",
        "detailPageURL": "https://www.amazon.com/dp/B007DGRT3K",
        "rating": "4.7",
        "totalReviews": "91852",
        "subtitle": "Tree Hut",
        "isPrimeEligible": "0"
    },
    {
        "ASIN": "B0BV1BZH21",
        "title": "Body Prescriptions Exfoliating Body Scrub | 21.16 Oz Body Cleanser Infused with Honey Almond | Daily Body Wash for Nourished and Ultra Smooth Skin, You are my Sunshine?",
        "price": "$8.99 ($0.42 / Ounce)",
        "listPrice": "",
        "imageUrl": "https://m.media-amazon.com/images/I/41TPvHyMuwL._SL160_.jpg",
        "detailPageURL": "https://www.amazon.com/dp/B0BV1BZH21",
        "rating": "4.2",
        "totalReviews": "155",
        "subtitle": "Body Prescriptions",
        "isPrimeEligible": "1"
    },
    {
        "ASIN": "B08TZ2G8TD",
        "title": "J.R. Watkins Sleep Sugar Body Polish, Monoi & Sandalwood Natural Body Scrub Cleanses & Encourages Restful Sleep, 6 oz",
        "price": "$4.39 ($0.73 / Fl Oz)",
        "listPrice": "$13.99 ($2.33 / Fl Oz)",
        "imageUrl": "https://m.media-amazon.com/images/I/41-IzaXIZKL._SL160_.jpg",
        "detailPageURL": "https://www.amazon.com/dp/B08TZ2G8TD",
        "rating": "4.5",
        "totalReviews": "147",
        "subtitle": "J.R. Watkins",
        "isPrimeEligible": "1"
    },
    {
        "ASIN": "B09NNGXD3B",
        "title": "Liyalan Turmeric Body Scrub Moisturizing and Exfoliating Body, Face, Hand, Foot Scrub,Nourishes Skin,Deep Cleansing 7.8oz",
        "price": "$8.99 ($1.15 / Ounce)",
        "listPrice": "$9.99 ($1.28 / Ounce)",
        "imageUrl": "https://m.media-amazon.com/images/I/41zHyQMWjZL._SL160_.jpg",
        "detailPageURL": "https://www.amazon.com/dp/B09NNGXD3B",
        "rating": "4.0",
        "totalReviews": "2152",
        "subtitle": "LIYALAN",
        "isPrimeEligible": "1"
    },
    {
        "ASIN": "B0B5PCF9GF",
        "title": "Body Prescriptions \"Love Day\" Vanilla Sugar Body Scrub",
        "price": "$9.99 ($0.47 / Ounce)",
        "listPrice": "",
        "imageUrl": "https://m.media-amazon.com/images/I/4185jNYLY8L._SL160_.jpg",
        "detailPageURL": "https://www.amazon.com/dp/B0B5PCF9GF",
        "rating": "4.3",
        "totalReviews": "672",
        "subtitle": "Body Prescriptions",
        "isPrimeEligible": "1"
    },
    {
        "ASIN": "B005C2NARQ",
        "title": "Shea Moisture Lavender & Wild Orchid Hand & Body Scrub 12 Ounce (U-BB-2934)",
        "price": "$7.77 ($0.65 / Ounce)",
        "listPrice": "",
        "imageUrl": "https://m.media-amazon.com/images/I/51KYzEqwlcL._SL160_.jpg",
        "detailPageURL": "https://www.amazon.com/dp/B005C2NARQ",
        "rating": "4.4",
        "totalReviews": "1038",
        "subtitle": "SheaMoisture",
        "isPrimeEligible": "1"
    },
    {
        "ASIN": "B00BEUDWJQ",
        "title": "Rubbermaid Reveal Cordless Battery Power Scrubber, Gray/Red, Multi-Purpose Scrub Brush Cleaner for Grout/Tile/Bathroom/Shower/Bathtub, Water Resistant, Lightweight, Ergonomic Grip (1839685)",
        "price": "$17.38",
        "listPrice": "$19.99",
        "imageUrl": "https://m.media-amazon.com/images/I/21tLyEdEIEL._SL160_.jpg",
        "detailPageURL": "https://www.amazon.com/dp/B00BEUDWJQ",
        "rating": "4.5",
        "totalReviews": "20988",
        "subtitle": "",
        "isPrimeEligible": "1"
    },
    {
        "ASIN": "B00FEBARJE",
        "title": "Rubbermaid Reveal Spray Microfiber Floor Cleaning Kit for Laminate & Hardwood Floors, Spray Mop with Reusable Washable Pads, Commercial",
        "price": "$47.66",
        "listPrice": "",
        "imageUrl": "https://m.media-amazon.com/images/I/41Yvl59s1EL._SL160_.jpg",
        "detailPageURL": "https://www.amazon.com/dp/B00FEBARJE",
        "rating": "4.5",
        "totalReviews": "14294",
        "subtitle": "",
        "isPrimeEligible": "1"
    },
    {
        "ASIN": "B0BX266SC2",
        "title": "Versed Buff It Out AHA Exfoliating Body Scrub - Lactic Acid & Glycolic Acid Exfoliate - Microfine Pumice Body Exfoliator to Resurface, Polish, and Smooth Bumpy, Dry Skin - Vegan & Cruelty-Free (6 oz)",
        "price": "$18.90 ($3.15 / Ounce)",
        "listPrice": "$19.99 ($3.33 / Ounce)",
        "imageUrl": "https://m.media-amazon.com/images/I/316e472hiqL._SL160_.jpg",
        "detailPageURL": "https://www.amazon.com/dp/B0BX266SC2",
        "rating": "4.6",
        "totalReviews": "85",
        "subtitle": "Versed",
        "isPrimeEligible": "0"
    },
    {
        "ASIN": "B007DGRT3K",
        "title": "Tree Hut Shea Sugar Scrub Tropical Mango, 18oz, Ultra Hydrating and Exfoliating Scrub for Nourishing Essential Body Care",
        "price": "$18.00 ($1.00 / Ounce)",
        "listPrice": "",
        "imageUrl": "https://m.media-amazon.com/images/I/412Cjo55qOL._SL160_.jpg",
        "detailPageURL": "https://www.amazon.com/dp/B007DGRT3K",
        "rating": "4.7",
        "totalReviews": "91852",
        "subtitle": "Tree Hut",
        "isPrimeEligible": "0"
    },
    {
        "ASIN": "B0BV1BZH21",
        "title": "Body Prescriptions Exfoliating Body Scrub | 21.16 Oz Body Cleanser Infused with Honey Almond | Daily Body Wash for Nourished and Ultra Smooth Skin, You are my Sunshine?",
        "price": "$8.99 ($0.42 / Ounce)",
        "listPrice": "",
        "imageUrl": "https://m.media-amazon.com/images/I/41TPvHyMuwL._SL160_.jpg",
        "detailPageURL": "https://www.amazon.com/dp/B0BV1BZH21",
        "rating": "4.2",
        "totalReviews": "155",
        "subtitle": "Body Prescriptions",
        "isPrimeEligible": "1"
    },
    {
        "ASIN": "B08TZ2G8TD",
        "title": "J.R. Watkins Sleep Sugar Body Polish, Monoi & Sandalwood Natural Body Scrub Cleanses & Encourages Restful Sleep, 6 oz",
        "price": "$4.39 ($0.73 / Fl Oz)",
        "listPrice": "$13.99 ($2.33 / Fl Oz)",
        "imageUrl": "https://m.media-amazon.com/images/I/41-IzaXIZKL._SL160_.jpg",
        "detailPageURL": "https://www.amazon.com/dp/B08TZ2G8TD",
        "rating": "4.5",
        "totalReviews": "147",
        "subtitle": "J.R. Watkins",
        "isPrimeEligible": "1"
    },
    {
        "ASIN": "B09NNGXD3B",
        "title": "Liyalan Turmeric Body Scrub Moisturizing and Exfoliating Body, Face, Hand, Foot Scrub,Nourishes Skin,Deep Cleansing 7.8oz",
        "price": "$8.99 ($1.15 / Ounce)",
        "listPrice": "$9.99 ($1.28 / Ounce)",
        "imageUrl": "https://m.media-amazon.com/images/I/41zHyQMWjZL._SL160_.jpg",
        "detailPageURL": "https://www.amazon.com/dp/B09NNGXD3B",
        "rating": "4.0",
        "totalReviews": "2152",
        "subtitle": "LIYALAN",
        "isPrimeEligible": "1"
    },
    {
        "ASIN": "B0BG6MJQKD",
        "title": "Saltair - KP Body Smoother - Glycolic Exfoliating Skin Scrub",
        "price": "$14.00 ($1.40 / Ounce)",
        "listPrice": "",
        "imageUrl": "https://m.media-amazon.com/images/I/310gKyQdP6L._SL160_.jpg",
        "detailPageURL": "https://www.amazon.com/dp/B0BG6MJQKD",
        "rating": "4.2",
        "totalReviews": "82",
        "subtitle": "Saltair",
        "isPrimeEligible": "1"
    },
    {
        "ASIN": "B005C2NARQ",
        "title": "Shea Moisture Lavender & Wild Orchid Hand & Body Scrub 12 Ounce (U-BB-2934)",
        "price": "$7.77 ($0.65 / Ounce)",
        "listPrice": "",
        "imageUrl": "https://m.media-amazon.com/images/I/51KYzEqwlcL._SL160_.jpg",
        "detailPageURL": "https://www.amazon.com/dp/B005C2NARQ",
        "rating": "4.4",
        "totalReviews": "1038",
        "subtitle": "SheaMoisture",
        "isPrimeEligible": "1"
    },
    {
        "ASIN": "B00BEUDWJQ",
        "title": "Rubbermaid Reveal Cordless Battery Power Scrubber, Gray/Red, Multi-Purpose Scrub Brush Cleaner for Grout/Tile/Bathroom/Shower/Bathtub, Water Resistant, Lightweight, Ergonomic Grip (1839685)",
        "price": "$17.38",
        "listPrice": "$19.99",
        "imageUrl": "https://m.media-amazon.com/images/I/21tLyEdEIEL._SL160_.jpg",
        "detailPageURL": "https://www.amazon.com/dp/B00BEUDWJQ",
        "rating": "4.5",
        "totalReviews": "20988",
        "subtitle": "",
        "isPrimeEligible": "1"
    },
    {
        "ASIN": "B00FEBARJE",
        "title": "Rubbermaid Reveal Spray Microfiber Floor Cleaning Kit for Laminate & Hardwood Floors, Spray Mop with Reusable Washable Pads, Commercial",
        "price": "$47.66",
        "listPrice": "",
        "imageUrl": "https://m.media-amazon.com/images/I/41Yvl59s1EL._SL160_.jpg",
        "detailPageURL": "https://www.amazon.com/dp/B00FEBARJE",
        "rating": "4.5",
        "totalReviews": "14294",
        "subtitle": "",
        "isPrimeEligible": "1"
    },
    {
        "ASIN": "B0BX266SC2",
        "title": "Versed Buff It Out AHA Exfoliating Body Scrub - Lactic Acid & Glycolic Acid Exfoliate - Microfine Pumice Body Exfoliator to Resurface, Polish, and Smooth Bumpy, Dry Skin - Vegan & Cruelty-Free (6 oz)",
        "price": "$18.90 ($3.15 / Ounce)",
        "listPrice": "$19.99 ($3.33 / Ounce)",
        "imageUrl": "https://m.media-amazon.com/images/I/316e472hiqL._SL160_.jpg",
        "detailPageURL": "https://www.amazon.com/dp/B0BX266SC2",
        "rating": "4.6",
        "totalReviews": "85",
        "subtitle": "Versed",
        "isPrimeEligible": "0"
    },
    {
        "ASIN": "B007DGRT3K",
        "title": "Tree Hut Shea Sugar Scrub Tropical Mango, 18oz, Ultra Hydrating and Exfoliating Scrub for Nourishing Essential Body Care",
        "price": "$18.00 ($1.00 / Ounce)",
        "listPrice": "",
        "imageUrl": "https://m.media-amazon.com/images/I/412Cjo55qOL._SL160_.jpg",
        "detailPageURL": "https://www.amazon.com/dp/B007DGRT3K",
        "rating": "4.7",
        "totalReviews": "91852",
        "subtitle": "Tree Hut",
        "isPrimeEligible": "0"
    },
    {
        "ASIN": "B0BV1BZH21",
        "title": "Body Prescriptions Exfoliating Body Scrub | 21.16 Oz Body Cleanser Infused with Honey Almond | Daily Body Wash for Nourished and Ultra Smooth Skin, You are my Sunshine?",
        "price": "$8.99 ($0.42 / Ounce)",
        "listPrice": "",
        "imageUrl": "https://m.media-amazon.com/images/I/41TPvHyMuwL._SL160_.jpg",
        "detailPageURL": "https://www.amazon.com/dp/B0BV1BZH21",
        "rating": "4.2",
        "totalReviews": "155",
        "subtitle": "Body Prescriptions",
        "isPrimeEligible": "1"
    },
    {
        "ASIN": "B08TZ2G8TD",
        "title": "J.R. Watkins Sleep Sugar Body Polish, Monoi & Sandalwood Natural Body Scrub Cleanses & Encourages Restful Sleep, 6 oz",
        "price": "$4.39 ($0.73 / Fl Oz)",
        "listPrice": "$13.99 ($2.33 / Fl Oz)",
        "imageUrl": "https://m.media-amazon.com/images/I/41-IzaXIZKL._SL160_.jpg",
        "detailPageURL": "https://www.amazon.com/dp/B08TZ2G8TD",
        "rating": "4.5",
        "totalReviews": "147",
        "subtitle": "J.R. Watkins",
        "isPrimeEligible": "1"
    },
    {
        "ASIN": "B09NNGXD3B",
        "title": "Liyalan Turmeric Body Scrub Moisturizing and Exfoliating Body, Face, Hand, Foot Scrub,Nourishes Skin,Deep Cleansing 7.8oz",
        "price": "$8.99 ($1.15 / Ounce)",
        "listPrice": "$9.99 ($1.28 / Ounce)",
        "imageUrl": "https://m.media-amazon.com/images/I/41zHyQMWjZL._SL160_.jpg",
        "detailPageURL": "https://www.amazon.com/dp/B09NNGXD3B",
        "rating": "4.0",
        "totalReviews": "2152",
        "subtitle": "LIYALAN",
        "isPrimeEligible": "1"
    },
    {
        "ASIN": "B0BG6MJQKD",
        "title": "Saltair - KP Body Smoother - Glycolic Exfoliating Skin Scrub",
        "price": "$14.00 ($1.40 / Ounce)",
        "listPrice": "",
        "imageUrl": "https://m.media-amazon.com/images/I/310gKyQdP6L._SL160_.jpg",
        "detailPageURL": "https://www.amazon.com/dp/B0BG6MJQKD",
        "rating": "4.2",
        "totalReviews": "82",
        "subtitle": "Saltair",
        "isPrimeEligible": "1"
    },
    {
        "ASIN": "B09L8PDRH2",
        "title": "Bare Botanics Matcha Eucalyptus Body Scrub 24oz | Made in Madison, WI | All Natural Sea Salt Exfoliator w/Skin Loving Moisturizers | Vegan & Cruelty Free | Gift Ready Packaging w/a Cute Wooden Spoon",
        "price": "$21.56 ($0.90 / Ounce)",
        "listPrice": "$24.95 ($1.04 / Ounce)",
        "imageUrl": "https://m.media-amazon.com/images/I/41A6cnxAyYL._SL160_.jpg",
        "detailPageURL": "https://www.amazon.com/dp/B09L8PDRH2",
        "rating": "4.4",
        "totalReviews": "3014",
        "subtitle": "BARE BOTANICS",
        "isPrimeEligible": "1"
    },
    {
        "ASIN": "B00BEUDWJQ",
        "title": "Rubbermaid Reveal Cordless Battery Power Scrubber, Gray/Red, Multi-Purpose Scrub Brush Cleaner for Grout/Tile/Bathroom/Shower/Bathtub, Water Resistant, Lightweight, Ergonomic Grip (1839685)",
        "price": "$17.38",
        "listPrice": "$19.99",
        "imageUrl": "https://m.media-amazon.com/images/I/21tLyEdEIEL._SL160_.jpg",
        "detailPageURL": "https://www.amazon.com/dp/B00BEUDWJQ",
        "rating": "4.5",
        "totalReviews": "20988",
        "subtitle": "",
        "isPrimeEligible": "1"
    },
    {
        "ASIN": "B00FEBARJE",
        "title": "Rubbermaid Reveal Spray Microfiber Floor Cleaning Kit for Laminate & Hardwood Floors, Spray Mop with Reusable Washable Pads, Commercial",
        "price": "$47.66",
        "listPrice": "",
        "imageUrl": "https://m.media-amazon.com/images/I/41Yvl59s1EL._SL160_.jpg",
        "detailPageURL": "https://www.amazon.com/dp/B00FEBARJE",
        "rating": "4.5",
        "totalReviews": "14294",
        "subtitle": "",
        "isPrimeEligible": "1"
    },
    {
        "ASIN": "B0BX266SC2",
        "title": "Versed Buff It Out AHA Exfoliating Body Scrub - Lactic Acid & Glycolic Acid Exfoliate - Microfine Pumice Body Exfoliator to Resurface, Polish, and Smooth Bumpy, Dry Skin - Vegan & Cruelty-Free (6 oz)",
        "price": "$18.90 ($3.15 / Ounce)",
        "listPrice": "$19.99 ($3.33 / Ounce)",
        "imageUrl": "https://m.media-amazon.com/images/I/316e472hiqL._SL160_.jpg",
        "detailPageURL": "https://www.amazon.com/dp/B0BX266SC2",
        "rating": "4.6",
        "totalReviews": "85",
        "subtitle": "Versed",
        "isPrimeEligible": "0"
    },
    {
        "ASIN": "B007DGRT3K",
        "title": "Tree Hut Shea Sugar Scrub Tropical Mango, 18oz, Ultra Hydrating and Exfoliating Scrub for Nourishing Essential Body Care",
        "price": "$18.00 ($1.00 / Ounce)",
        "listPrice": "",
        "imageUrl": "https://m.media-amazon.com/images/I/412Cjo55qOL._SL160_.jpg",
        "detailPageURL": "https://www.amazon.com/dp/B007DGRT3K",
        "rating": "4.7",
        "totalReviews": "91852",
        "subtitle": "Tree Hut",
        "isPrimeEligible": "0"
    },
    {
        "ASIN": "B0BV1BZH21",
        "title": "Body Prescriptions Exfoliating Body Scrub | 21.16 Oz Body Cleanser Infused with Honey Almond | Daily Body Wash for Nourished and Ultra Smooth Skin, You are my Sunshine?",
        "price": "$8.99 ($0.42 / Ounce)",
        "listPrice": "",
        "imageUrl": "https://m.media-amazon.com/images/I/41TPvHyMuwL._SL160_.jpg",
        "detailPageURL": "https://www.amazon.com/dp/B0BV1BZH21",
        "rating": "4.2",
        "totalReviews": "155",
        "subtitle": "Body Prescriptions",
        "isPrimeEligible": "1"
    },
    {
        "ASIN": "B08TZ2G8TD",
        "title": "J.R. Watkins Sleep Sugar Body Polish, Monoi & Sandalwood Natural Body Scrub Cleanses & Encourages Restful Sleep, 6 oz",
        "price": "$4.39 ($0.73 / Fl Oz)",
        "listPrice": "$13.99 ($2.33 / Fl Oz)",
        "imageUrl": "https://m.media-amazon.com/images/I/41-IzaXIZKL._SL160_.jpg",
        "detailPageURL": "https://www.amazon.com/dp/B08TZ2G8TD",
        "rating": "4.5",
        "totalReviews": "147",
        "subtitle": "J.R. Watkins",
        "isPrimeEligible": "1"
    },
    {
        "ASIN": "B09NNGXD3B",
        "title": "Liyalan Turmeric Body Scrub Moisturizing and Exfoliating Body, Face, Hand, Foot Scrub,Nourishes Skin,Deep Cleansing 7.8oz",
        "price": "$8.99 ($1.15 / Ounce)",
        "listPrice": "$9.99 ($1.28 / Ounce)",
        "imageUrl": "https://m.media-amazon.com/images/I/41zHyQMWjZL._SL160_.jpg",
        "detailPageURL": "https://www.amazon.com/dp/B09NNGXD3B",
        "rating": "4.0",
        "totalReviews": "2152",
        "subtitle": "LIYALAN",
        "isPrimeEligible": "1"
    },
    {
        "ASIN": "B0BG6MJQKD",
        "title": "Saltair - KP Body Smoother - Glycolic Exfoliating Skin Scrub",
        "price": "$14.00 ($1.40 / Ounce)",
        "listPrice": "",
        "imageUrl": "https://m.media-amazon.com/images/I/310gKyQdP6L._SL160_.jpg",
        "detailPageURL": "https://www.amazon.com/dp/B0BG6MJQKD",
        "rating": "4.2",
        "totalReviews": "82",
        "subtitle": "Saltair",
        "isPrimeEligible": "1"
    },
    {
        "ASIN": "B09L8PDRH2",
        "title": "Bare Botanics Matcha Eucalyptus Body Scrub 24oz | Made in Madison, WI | All Natural Sea Salt Exfoliator w/Skin Loving Moisturizers | Vegan & Cruelty Free | Gift Ready Packaging w/a Cute Wooden Spoon",
        "price": "$21.56 ($0.90 / Ounce)",
        "listPrice": "$24.95 ($1.04 / Ounce)",
        "imageUrl": "https://m.media-amazon.com/images/I/41A6cnxAyYL._SL160_.jpg",
        "detailPageURL": "https://www.amazon.com/dp/B09L8PDRH2",
        "rating": "4.4",
        "totalReviews": "3014",
        "subtitle": "BARE BOTANICS",
        "isPrimeEligible": "1"
    },
    {
        "ASIN": "B01KLEIU7E",
        "title": "Bella & Bear Ocean Spray Body Scrub - Travel Size - Vegan 3.4oz (3.4 oz) (3.4 oz)",
        "price": "$4.99 ($1.47 / Ounce)",
        "listPrice": "",
        "imageUrl": "https://m.media-amazon.com/images/I/41VYL9u+1ML._SL160_.jpg",
        "detailPageURL": "https://www.amazon.com/dp/B01KLEIU7E",
        "rating": "4.3",
        "totalReviews": "917",
        "subtitle": "Bella and Bear",
        "isPrimeEligible": "1"
    },
    {
        "ASIN": "B00FEBARJE",
        "title": "Rubbermaid Reveal Spray Microfiber Floor Cleaning Kit for Laminate & Hardwood Floors, Spray Mop with Reusable Washable Pads, Commercial",
        "price": "$47.66",
        "listPrice": "",
        "imageUrl": "https://m.media-amazon.com/images/I/41Yvl59s1EL._SL160_.jpg",
        "detailPageURL": "https://www.amazon.com/dp/B00FEBARJE",
        "rating": "4.5",
        "totalReviews": "14294",
        "subtitle": "",
        "isPrimeEligible": "1"
    },
    {
        "ASIN": "B0BX266SC2",
        "title": "Versed Buff It Out AHA Exfoliating Body Scrub - Lactic Acid & Glycolic Acid Exfoliate - Microfine Pumice Body Exfoliator to Resurface, Polish, and Smooth Bumpy, Dry Skin - Vegan & Cruelty-Free (6 oz)",
        "price": "$18.90 ($3.15 / Ounce)",
        "listPrice": "$19.99 ($3.33 / Ounce)",
        "imageUrl": "https://m.media-amazon.com/images/I/316e472hiqL._SL160_.jpg",
        "detailPageURL": "https://www.amazon.com/dp/B0BX266SC2",
        "rating": "4.6",
        "totalReviews": "85",
        "subtitle": "Versed",
        "isPrimeEligible": "0"
    },
    {
        "ASIN": "B007DGRT3K",
        "title": "Tree Hut Shea Sugar Scrub Tropical Mango, 18oz, Ultra Hydrating and Exfoliating Scrub for Nourishing Essential Body Care",
        "price": "$18.00 ($1.00 / Ounce)",
        "listPrice": "",
        "imageUrl": "https://m.media-amazon.com/images/I/412Cjo55qOL._SL160_.jpg",
        "detailPageURL": "https://www.amazon.com/dp/B007DGRT3K",
        "rating": "4.7",
        "totalReviews": "91852",
        "subtitle": "Tree Hut",
        "isPrimeEligible": "0"
    },
    {
        "ASIN": "B0BV1BZH21",
        "title": "Body Prescriptions Exfoliating Body Scrub | 21.16 Oz Body Cleanser Infused with Honey Almond | Daily Body Wash for Nourished and Ultra Smooth Skin, You are my Sunshine?",
        "price": "$8.99 ($0.42 / Ounce)",
        "listPrice": "",
        "imageUrl": "https://m.media-amazon.com/images/I/41TPvHyMuwL._SL160_.jpg",
        "detailPageURL": "https://www.amazon.com/dp/B0BV1BZH21",
        "rating": "4.2",
        "totalReviews": "155",
        "subtitle": "Body Prescriptions",
        "isPrimeEligible": "1"
    },
    {
        "ASIN": "B08TZ2G8TD",
        "title": "J.R. Watkins Sleep Sugar Body Polish, Monoi & Sandalwood Natural Body Scrub Cleanses & Encourages Restful Sleep, 6 oz",
        "price": "$4.39 ($0.73 / Fl Oz)",
        "listPrice": "$13.99 ($2.33 / Fl Oz)",
        "imageUrl": "https://m.media-amazon.com/images/I/41-IzaXIZKL._SL160_.jpg",
        "detailPageURL": "https://www.amazon.com/dp/B08TZ2G8TD",
        "rating": "4.5",
        "totalReviews": "147",
        "subtitle": "J.R. Watkins",
        "isPrimeEligible": "1"
    },
    {
        "ASIN": "B09NNGXD3B",
        "title": "Liyalan Turmeric Body Scrub Moisturizing and Exfoliating Body, Face, Hand, Foot Scrub,Nourishes Skin,Deep Cleansing 7.8oz",
        "price": "$8.99 ($1.15 / Ounce)",
        "listPrice": "$9.99 ($1.28 / Ounce)",
        "imageUrl": "https://m.media-amazon.com/images/I/41zHyQMWjZL._SL160_.jpg",
        "detailPageURL": "https://www.amazon.com/dp/B09NNGXD3B",
        "rating": "4.0",
        "totalReviews": "2152",
        "subtitle": "LIYALAN",
        "isPrimeEligible": "1"
    },
    {
        "ASIN": "B0BG6MJQKD",
        "title": "Saltair - KP Body Smoother - Glycolic Exfoliating Skin Scrub",
        "price": "$14.00 ($1.40 / Ounce)",
        "listPrice": "",
        "imageUrl": "https://m.media-amazon.com/images/I/310gKyQdP6L._SL160_.jpg",
        "detailPageURL": "https://www.amazon.com/dp/B0BG6MJQKD",
        "rating": "4.2",
        "totalReviews": "82",
        "subtitle": "Saltair",
        "isPrimeEligible": "1"
    },
    {
        "ASIN": "B09L8PDRH2",
        "title": "Bare Botanics Matcha Eucalyptus Body Scrub 24oz | Made in Madison, WI | All Natural Sea Salt Exfoliator w/Skin Loving Moisturizers | Vegan & Cruelty Free | Gift Ready Packaging w/a Cute Wooden Spoon",
        "price": "$21.56 ($0.90 / Ounce)",
        "listPrice": "$24.95 ($1.04 / Ounce)",
        "imageUrl": "https://m.media-amazon.com/images/I/41A6cnxAyYL._SL160_.jpg",
        "detailPageURL": "https://www.amazon.com/dp/B09L8PDRH2",
        "rating": "4.4",
        "totalReviews": "3014",
        "subtitle": "BARE BOTANICS",
        "isPrimeEligible": "1"
    },
    {
        "ASIN": "B01KLEIU7E",
        "title": "Bella & Bear Ocean Spray Body Scrub - Travel Size - Vegan 3.4oz (3.4 oz) (3.4 oz)",
        "price": "$4.99 ($1.47 / Ounce)",
        "listPrice": "",
        "imageUrl": "https://m.media-amazon.com/images/I/41VYL9u+1ML._SL160_.jpg",
        "detailPageURL": "https://www.amazon.com/dp/B01KLEIU7E",
        "rating": "4.3",
        "totalReviews": "917",
        "subtitle": "Bella and Bear",
        "isPrimeEligible": "1"
    },
    {
        "ASIN": "B0BJ187C25",
        "title": "Aveeno Tone + Texture Renewing Body Scrub, Exfoliating Body Wash to Reveal Smoother Skin and a More Even Skin Tone, Prebiotic Oat Formula for Sensitive Skin, Fragrance-Free, 8 oz",
        "price": "$7.99 ($1.00 / Ounce)",
        "listPrice": "",
        "imageUrl": "https://m.media-amazon.com/images/I/31OWZXn9I9L._SL160_.jpg",
        "detailPageURL": "https://www.amazon.com/dp/B0BJ187C25",
        "rating": "4.4",
        "totalReviews": "298",
        "subtitle": "Aveeno",
        "isPrimeEligible": "1"
    },
    {
        "ASIN": "B0BX266SC2",
        "title": "Versed Buff It Out AHA Exfoliating Body Scrub - Lactic Acid & Glycolic Acid Exfoliate - Microfine Pumice Body Exfoliator to Resurface, Polish, and Smooth Bumpy, Dry Skin - Vegan & Cruelty-Free (6 oz)",
        "price": "$18.90 ($3.15 / Ounce)",
        "listPrice": "$19.99 ($3.33 / Ounce)",
        "imageUrl": "https://m.media-amazon.com/images/I/316e472hiqL._SL160_.jpg",
        "detailPageURL": "https://www.amazon.com/dp/B0BX266SC2",
        "rating": "4.6",
        "totalReviews": "85",
        "subtitle": "Versed",
        "isPrimeEligible": "0"
    },
    {
        "ASIN": "B007DGRT3K",
        "title": "Tree Hut Shea Sugar Scrub Tropical Mango, 18oz, Ultra Hydrating and Exfoliating Scrub for Nourishing Essential Body Care",
        "price": "$18.00 ($1.00 / Ounce)",
        "listPrice": "",
        "imageUrl": "https://m.media-amazon.com/images/I/412Cjo55qOL._SL160_.jpg",
        "detailPageURL": "https://www.amazon.com/dp/B007DGRT3K",
        "rating": "4.7",
        "totalReviews": "91852",
        "subtitle": "Tree Hut",
        "isPrimeEligible": "0"
    },
    {
        "ASIN": "B0BV1BZH21",
        "title": "Body Prescriptions Exfoliating Body Scrub | 21.16 Oz Body Cleanser Infused with Honey Almond | Daily Body Wash for Nourished and Ultra Smooth Skin, You are my Sunshine?",
        "price": "$8.99 ($0.42 / Ounce)",
        "listPrice": "",
        "imageUrl": "https://m.media-amazon.com/images/I/41TPvHyMuwL._SL160_.jpg",
        "detailPageURL": "https://www.amazon.com/dp/B0BV1BZH21",
        "rating": "4.2",
        "totalReviews": "155",
        "subtitle": "Body Prescriptions",
        "isPrimeEligible": "1"
    },
    {
        "ASIN": "B08TZ2G8TD",
        "title": "J.R. Watkins Sleep Sugar Body Polish, Monoi & Sandalwood Natural Body Scrub Cleanses & Encourages Restful Sleep, 6 oz",
        "price": "$4.39 ($0.73 / Fl Oz)",
        "listPrice": "$13.99 ($2.33 / Fl Oz)",
        "imageUrl": "https://m.media-amazon.com/images/I/41-IzaXIZKL._SL160_.jpg",
        "detailPageURL": "https://www.amazon.com/dp/B08TZ2G8TD",
        "rating": "4.5",
        "totalReviews": "147",
        "subtitle": "J.R. Watkins",
        "isPrimeEligible": "1"
    },
    {
        "ASIN": "B09NNGXD3B",
        "title": "Liyalan Turmeric Body Scrub Moisturizing and Exfoliating Body, Face, Hand, Foot Scrub,Nourishes Skin,Deep Cleansing 7.8oz",
        "price": "$8.99 ($1.15 / Ounce)",
        "listPrice": "$9.99 ($1.28 / Ounce)",
        "imageUrl": "https://m.media-amazon.com/images/I/41zHyQMWjZL._SL160_.jpg",
        "detailPageURL": "https://www.amazon.com/dp/B09NNGXD3B",
        "rating": "4.0",
        "totalReviews": "2152",
        "subtitle": "LIYALAN",
        "isPrimeEligible": "1"
    },
    {
        "ASIN": "B0BG6MJQKD",
        "title": "Saltair - KP Body Smoother - Glycolic Exfoliating Skin Scrub",
        "price": "$14.00 ($1.40 / Ounce)",
        "listPrice": "",
        "imageUrl": "https://m.media-amazon.com/images/I/310gKyQdP6L._SL160_.jpg",
        "detailPageURL": "https://www.amazon.com/dp/B0BG6MJQKD",
        "rating": "4.2",
        "totalReviews": "82",
        "subtitle": "Saltair",
        "isPrimeEligible": "1"
    },
    {
        "ASIN": "B09L8PDRH2",
        "title": "Bare Botanics Matcha Eucalyptus Body Scrub 24oz | Made in Madison, WI | All Natural Sea Salt Exfoliator w/Skin Loving Moisturizers | Vegan & Cruelty Free | Gift Ready Packaging w/a Cute Wooden Spoon",
        "price": "$21.56 ($0.90 / Ounce)",
        "listPrice": "$24.95 ($1.04 / Ounce)",
        "imageUrl": "https://m.media-amazon.com/images/I/41A6cnxAyYL._SL160_.jpg",
        "detailPageURL": "https://www.amazon.com/dp/B09L8PDRH2",
        "rating": "4.4",
        "totalReviews": "3014",
        "subtitle": "BARE BOTANICS",
        "isPrimeEligible": "1"
    },
    {
        "ASIN": "B01KLEIU7E",
        "title": "Bella & Bear Ocean Spray Body Scrub - Travel Size - Vegan 3.4oz (3.4 oz) (3.4 oz)",
        "price": "$4.99 ($1.47 / Ounce)",
        "listPrice": "",
        "imageUrl": "https://m.media-amazon.com/images/I/41VYL9u+1ML._SL160_.jpg",
        "detailPageURL": "https://www.amazon.com/dp/B01KLEIU7E",
        "rating": "4.3",
        "totalReviews": "917",
        "subtitle": "Bella and Bear",
        "isPrimeEligible": "1"
    },
    {
        "ASIN": "B0BJ187C25",
        "title": "Aveeno Tone + Texture Renewing Body Scrub, Exfoliating Body Wash to Reveal Smoother Skin and a More Even Skin Tone, Prebiotic Oat Formula for Sensitive Skin, Fragrance-Free, 8 oz",
        "price": "$7.99 ($1.00 / Ounce)",
        "listPrice": "",
        "imageUrl": "https://m.media-amazon.com/images/I/31OWZXn9I9L._SL160_.jpg",
        "detailPageURL": "https://www.amazon.com/dp/B0BJ187C25",
        "rating": "4.4",
        "totalReviews": "298",
        "subtitle": "Aveeno",
        "isPrimeEligible": "1"
    },
    {
        "ASIN": "B09Q51L5J7",
        "title": "Body Prescriptions Body Scrub for Men- Ultimate Exfoliating Scrub Infused with Cedarwood, Men\u2019s Body Wash in Jar with Twist Top, 21 oz, For All Skin Types",
        "price": "$13.99 ($0.66 / Ounce)",
        "listPrice": "",
        "imageUrl": "https://m.media-amazon.com/images/I/41cmEq5doRL._SL160_.jpg",
        "detailPageURL": "https://www.amazon.com/dp/B09Q51L5J7",
        "rating": "4.4",
        "totalReviews": "1554",
        "subtitle": "Body Prescriptions",
        "isPrimeEligible": "1"
    },
    {
        "ASIN": "B007DGRT3K",
        "title": "Tree Hut Shea Sugar Scrub Tropical Mango, 18oz, Ultra Hydrating and Exfoliating Scrub for Nourishing Essential Body Care",
        "price": "$18.00 ($1.00 / Ounce)",
        "listPrice": "",
        "imageUrl": "https://m.media-amazon.com/images/I/412Cjo55qOL._SL160_.jpg",
        "detailPageURL": "https://www.amazon.com/dp/B007DGRT3K",
        "rating": "4.7",
        "totalReviews": "91852",
        "subtitle": "Tree Hut",
        "isPrimeEligible": "0"
    },
    {
        "ASIN": "B0BV1BZH21",
        "title": "Body Prescriptions Exfoliating Body Scrub | 21.16 Oz Body Cleanser Infused with Honey Almond | Daily Body Wash for Nourished and Ultra Smooth Skin, You are my Sunshine?",
        "price": "$8.99 ($0.42 / Ounce)",
        "listPrice": "",
        "imageUrl": "https://m.media-amazon.com/images/I/41TPvHyMuwL._SL160_.jpg",
        "detailPageURL": "https://www.amazon.com/dp/B0BV1BZH21",
        "rating": "4.2",
        "totalReviews": "155",
        "subtitle": "Body Prescriptions",
        "isPrimeEligible": "1"
    },
    {
        "ASIN": "B08TZ2G8TD",
        "title": "J.R. Watkins Sleep Sugar Body Polish, Monoi & Sandalwood Natural Body Scrub Cleanses & Encourages Restful Sleep, 6 oz",
        "price": "$4.39 ($0.73 / Fl Oz)",
        "listPrice": "$13.99 ($2.33 / Fl Oz)",
        "imageUrl": "https://m.media-amazon.com/images/I/41-IzaXIZKL._SL160_.jpg",
        "detailPageURL": "https://www.amazon.com/dp/B08TZ2G8TD",
        "rating": "4.5",
        "totalReviews": "147",
        "subtitle": "J.R. Watkins",
        "isPrimeEligible": "1"
    },
    {
        "ASIN": "B09NNGXD3B",
        "title": "Liyalan Turmeric Body Scrub Moisturizing and Exfoliating Body, Face, Hand, Foot Scrub,Nourishes Skin,Deep Cleansing 7.8oz",
        "price": "$8.99 ($1.15 / Ounce)",
        "listPrice": "$9.99 ($1.28 / Ounce)",
        "imageUrl": "https://m.media-amazon.com/images/I/41zHyQMWjZL._SL160_.jpg",
        "detailPageURL": "https://www.amazon.com/dp/B09NNGXD3B",
        "rating": "4.0",
        "totalReviews": "2152",
        "subtitle": "LIYALAN",
        "isPrimeEligible": "1"
    },
    {
        "ASIN": "B0BG6MJQKD",
        "title": "Saltair - KP Body Smoother - Glycolic Exfoliating Skin Scrub",
        "price": "$14.00 ($1.40 / Ounce)",
        "listPrice": "",
        "imageUrl": "https://m.media-amazon.com/images/I/310gKyQdP6L._SL160_.jpg",
        "detailPageURL": "https://www.amazon.com/dp/B0BG6MJQKD",
        "rating": "4.2",
        "totalReviews": "82",
        "subtitle": "Saltair",
        "isPrimeEligible": "1"
    },
    {
        "ASIN": "B09L8PDRH2",
        "title": "Bare Botanics Matcha Eucalyptus Body Scrub 24oz | Made in Madison, WI | All Natural Sea Salt Exfoliator w/Skin Loving Moisturizers | Vegan & Cruelty Free | Gift Ready Packaging w/a Cute Wooden Spoon",
        "price": "$21.56 ($0.90 / Ounce)",
        "listPrice": "$24.95 ($1.04 / Ounce)",
        "imageUrl": "https://m.media-amazon.com/images/I/41A6cnxAyYL._SL160_.jpg",
        "detailPageURL": "https://www.amazon.com/dp/B09L8PDRH2",
        "rating": "4.4",
        "totalReviews": "3014",
        "subtitle": "BARE BOTANICS",
        "isPrimeEligible": "1"
    },
    {
        "ASIN": "B01KLEIU7E",
        "title": "Bella & Bear Ocean Spray Body Scrub - Travel Size - Vegan 3.4oz (3.4 oz) (3.4 oz)",
        "price": "$4.99 ($1.47 / Ounce)",
        "listPrice": "",
        "imageUrl": "https://m.media-amazon.com/images/I/41VYL9u+1ML._SL160_.jpg",
        "detailPageURL": "https://www.amazon.com/dp/B01KLEIU7E",
        "rating": "4.3",
        "totalReviews": "917",
        "subtitle": "Bella and Bear",
        "isPrimeEligible": "1"
    },
    {
        "ASIN": "B0BJ187C25",
        "title": "Aveeno Tone + Texture Renewing Body Scrub, Exfoliating Body Wash to Reveal Smoother Skin and a More Even Skin Tone, Prebiotic Oat Formula for Sensitive Skin, Fragrance-Free, 8 oz",
        "price": "$7.99 ($1.00 / Ounce)",
        "listPrice": "",
        "imageUrl": "https://m.media-amazon.com/images/I/31OWZXn9I9L._SL160_.jpg",
        "detailPageURL": "https://www.amazon.com/dp/B0BJ187C25",
        "rating": "4.4",
        "totalReviews": "298",
        "subtitle": "Aveeno",
        "isPrimeEligible": "1"
    },
    {
        "ASIN": "B09Q51L5J7",
        "title": "Body Prescriptions Body Scrub for Men- Ultimate Exfoliating Scrub Infused with Cedarwood, Men\u2019s Body Wash in Jar with Twist Top, 21 oz, For All Skin Types",
        "price": "$13.99 ($0.66 / Ounce)",
        "listPrice": "",
        "imageUrl": "https://m.media-amazon.com/images/I/41cmEq5doRL._SL160_.jpg",
        "detailPageURL": "https://www.amazon.com/dp/B09Q51L5J7",
        "rating": "4.4",
        "totalReviews": "1554",
        "subtitle": "Body Prescriptions",
        "isPrimeEligible": "1"
    },
    {
        "ASIN": "B083QPL9R5",
        "title": "Avilana\u00ae Silicone Body Scrubber with Advanced Hygiene Technology, Gentle Exfoliating Body Scrubber That's Easy to Clean, Lathers Well, Longer Lasting, The Ultimate Loofah Replacement (S1, DARK GRAY)",
        "price": "$14.99 ($14.99 / Count)",
        "listPrice": "$29.99 ($29.99 / Count)",
        "imageUrl": "https://m.media-amazon.com/images/I/41hhq3dDlcL._SL160_.jpg",
        "detailPageURL": "https://www.amazon.com/dp/B083QPL9R5",
        "rating": "4.5",
        "totalReviews": "32441",
        "subtitle": "Avilana",
        "isPrimeEligible": "1"
    },
    {
        "ASIN": "B0BV1BZH21",
        "title": "Body Prescriptions Exfoliating Body Scrub | 21.16 Oz Body Cleanser Infused with Honey Almond | Daily Body Wash for Nourished and Ultra Smooth Skin, You are my Sunshine?",
        "price": "$8.99 ($0.42 / Ounce)",
        "listPrice": "",
        "imageUrl": "https://m.media-amazon.com/images/I/41TPvHyMuwL._SL160_.jpg",
        "detailPageURL": "https://www.amazon.com/dp/B0BV1BZH21",
        "rating": "4.2",
        "totalReviews": "155",
        "subtitle": "Body Prescriptions",
        "isPrimeEligible": "1"
    },
    {
        "ASIN": "B08TZ2G8TD",
        "title": "J.R. Watkins Sleep Sugar Body Polish, Monoi & Sandalwood Natural Body Scrub Cleanses & Encourages Restful Sleep, 6 oz",
        "price": "$4.39 ($0.73 / Fl Oz)",
        "listPrice": "$13.99 ($2.33 / Fl Oz)",
        "imageUrl": "https://m.media-amazon.com/images/I/41-IzaXIZKL._SL160_.jpg",
        "detailPageURL": "https://www.amazon.com/dp/B08TZ2G8TD",
        "rating": "4.5",
        "totalReviews": "147",
        "subtitle": "J.R. Watkins",
        "isPrimeEligible": "1"
    },
    {
        "ASIN": "B09NNGXD3B",
        "title": "Liyalan Turmeric Body Scrub Moisturizing and Exfoliating Body, Face, Hand, Foot Scrub,Nourishes Skin,Deep Cleansing 7.8oz",
        "price": "$8.99 ($1.15 / Ounce)",
        "listPrice": "$9.99 ($1.28 / Ounce)",
        "imageUrl": "https://m.media-amazon.com/images/I/41zHyQMWjZL._SL160_.jpg",
        "detailPageURL": "https://www.amazon.com/dp/B09NNGXD3B",
        "rating": "4.0",
        "totalReviews": "2152",
        "subtitle": "LIYALAN",
        "isPrimeEligible": "1"
    },
    {
        "ASIN": "B0BG6MJQKD",
        "title": "Saltair - KP Body Smoother - Glycolic Exfoliating Skin Scrub",
        "price": "$14.00 ($1.40 / Ounce)",
        "listPrice": "",
        "imageUrl": "https://m.media-amazon.com/images/I/310gKyQdP6L._SL160_.jpg",
        "detailPageURL": "https://www.amazon.com/dp/B0BG6MJQKD",
        "rating": "4.2",
        "totalReviews": "82",
        "subtitle": "Saltair",
        "isPrimeEligible": "1"
    },
    {
        "ASIN": "B09L8PDRH2",
        "title": "Bare Botanics Matcha Eucalyptus Body Scrub 24oz | Made in Madison, WI | All Natural Sea Salt Exfoliator w/Skin Loving Moisturizers | Vegan & Cruelty Free | Gift Ready Packaging w/a Cute Wooden Spoon",
        "price": "$21.56 ($0.90 / Ounce)",
        "listPrice": "$24.95 ($1.04 / Ounce)",
        "imageUrl": "https://m.media-amazon.com/images/I/41A6cnxAyYL._SL160_.jpg",
        "detailPageURL": "https://www.amazon.com/dp/B09L8PDRH2",
        "rating": "4.4",
        "totalReviews": "3014",
        "subtitle": "BARE BOTANICS",
        "isPrimeEligible": "1"
    },
    {
        "ASIN": "B01KLEIU7E",
        "title": "Bella & Bear Ocean Spray Body Scrub - Travel Size - Vegan 3.4oz (3.4 oz) (3.4 oz)",
        "price": "$4.99 ($1.47 / Ounce)",
        "listPrice": "",
        "imageUrl": "https://m.media-amazon.com/images/I/41VYL9u+1ML._SL160_.jpg",
        "detailPageURL": "https://www.amazon.com/dp/B01KLEIU7E",
        "rating": "4.3",
        "totalReviews": "917",
        "subtitle": "Bella and Bear",
        "isPrimeEligible": "1"
    },
    {
        "ASIN": "B0BJ187C25",
        "title": "Aveeno Tone + Texture Renewing Body Scrub, Exfoliating Body Wash to Reveal Smoother Skin and a More Even Skin Tone, Prebiotic Oat Formula for Sensitive Skin, Fragrance-Free, 8 oz",
        "price": "$7.99 ($1.00 / Ounce)",
        "listPrice": "",
        "imageUrl": "https://m.media-amazon.com/images/I/31OWZXn9I9L._SL160_.jpg",
        "detailPageURL": "https://www.amazon.com/dp/B0BJ187C25",
        "rating": "4.4",
        "totalReviews": "298",
        "subtitle": "Aveeno",
        "isPrimeEligible": "1"
    },
    {
        "ASIN": "B09Q51L5J7",
        "title": "Body Prescriptions Body Scrub for Men- Ultimate Exfoliating Scrub Infused with Cedarwood, Men\u2019s Body Wash in Jar with Twist Top, 21 oz, For All Skin Types",
        "price": "$13.99 ($0.66 / Ounce)",
        "listPrice": "",
        "imageUrl": "https://m.media-amazon.com/images/I/41cmEq5doRL._SL160_.jpg",
        "detailPageURL": "https://www.amazon.com/dp/B09Q51L5J7",
        "rating": "4.4",
        "totalReviews": "1554",
        "subtitle": "Body Prescriptions",
        "isPrimeEligible": "1"
    },
    {
        "ASIN": "B083QPL9R5",
        "title": "Avilana\u00ae Silicone Body Scrubber with Advanced Hygiene Technology, Gentle Exfoliating Body Scrubber That's Easy to Clean, Lathers Well, Longer Lasting, The Ultimate Loofah Replacement (S1, DARK GRAY)",
        "price": "$14.99 ($14.99 / Count)",
        "listPrice": "$29.99 ($29.99 / Count)",
        "imageUrl": "https://m.media-amazon.com/images/I/41hhq3dDlcL._SL160_.jpg",
        "detailPageURL": "https://www.amazon.com/dp/B083QPL9R5",
        "rating": "4.5",
        "totalReviews": "32441",
        "subtitle": "Avilana",
        "isPrimeEligible": "1"
    },
    {
        "ASIN": "B07G8PDKY2",
        "title": "Brooklyn Botany Himalayan Salt Body Scrub - Moisturizing and Exfoliating Body, Face, Hand, Foot Scrub - Fights Stretch Marks, Fine Lines, Wrinkles - Great Gifts for Women & Men - 10 oz",
        "price": "$9.98 ($0.91 / Ounce)",
        "listPrice": "$21.99 ($2.00 / Ounce)",
        "imageUrl": "https://m.media-amazon.com/images/I/51+M4MAvsnL._SL160_.jpg",
        "detailPageURL": "https://www.amazon.com/dp/B07G8PDKY2",
        "rating": "4.2",
        "totalReviews": "4029",
        "subtitle": "Brooklyn Botany",
        "isPrimeEligible": "1"
    },
    {
        "ASIN": "B08TZ2G8TD",
        "title": "J.R. Watkins Sleep Sugar Body Polish, Monoi & Sandalwood Natural Body Scrub Cleanses & Encourages Restful Sleep, 6 oz",
        "price": "$4.39 ($0.73 / Fl Oz)",
        "listPrice": "$13.99 ($2.33 / Fl Oz)",
        "imageUrl": "https://m.media-amazon.com/images/I/41-IzaXIZKL._SL160_.jpg",
        "detailPageURL": "https://www.amazon.com/dp/B08TZ2G8TD",
        "rating": "4.5",
        "totalReviews": "147",
        "subtitle": "J.R. Watkins",
        "isPrimeEligible": "1"
    },
    {
        "ASIN": "B09NNGXD3B",
        "title": "Liyalan Turmeric Body Scrub Moisturizing and Exfoliating Body, Face, Hand, Foot Scrub,Nourishes Skin,Deep Cleansing 7.8oz",
        "price": "$8.99 ($1.15 / Ounce)",
        "listPrice": "$9.99 ($1.28 / Ounce)",
        "imageUrl": "https://m.media-amazon.com/images/I/41zHyQMWjZL._SL160_.jpg",
        "detailPageURL": "https://www.amazon.com/dp/B09NNGXD3B",
        "rating": "4.0",
        "totalReviews": "2152",
        "subtitle": "LIYALAN",
        "isPrimeEligible": "1"
    },
    {
        "ASIN": "B0BG6MJQKD",
        "title": "Saltair - KP Body Smoother - Glycolic Exfoliating Skin Scrub",
        "price": "$14.00 ($1.40 / Ounce)",
        "listPrice": "",
        "imageUrl": "https://m.media-amazon.com/images/I/310gKyQdP6L._SL160_.jpg",
        "detailPageURL": "https://www.amazon.com/dp/B0BG6MJQKD",
        "rating": "4.2",
        "totalReviews": "82",
        "subtitle": "Saltair",
        "isPrimeEligible": "1"
    },
    {
        "ASIN": "B09L8PDRH2",
        "title": "Bare Botanics Matcha Eucalyptus Body Scrub 24oz | Made in Madison, WI | All Natural Sea Salt Exfoliator w/Skin Loving Moisturizers | Vegan & Cruelty Free | Gift Ready Packaging w/a Cute Wooden Spoon",
        "price": "$21.56 ($0.90 / Ounce)",
        "listPrice": "$24.95 ($1.04 / Ounce)",
        "imageUrl": "https://m.media-amazon.com/images/I/41A6cnxAyYL._SL160_.jpg",
        "detailPageURL": "https://www.amazon.com/dp/B09L8PDRH2",
        "rating": "4.4",
        "totalReviews": "3014",
        "subtitle": "BARE BOTANICS",
        "isPrimeEligible": "1"
    },
    {
        "ASIN": "B01KLEIU7E",
        "title": "Bella & Bear Ocean Spray Body Scrub - Travel Size - Vegan 3.4oz (3.4 oz) (3.4 oz)",
        "price": "$4.99 ($1.47 / Ounce)",
        "listPrice": "",
        "imageUrl": "https://m.media-amazon.com/images/I/41VYL9u+1ML._SL160_.jpg",
        "detailPageURL": "https://www.amazon.com/dp/B01KLEIU7E",
        "rating": "4.3",
        "totalReviews": "917",
        "subtitle": "Bella and Bear",
        "isPrimeEligible": "1"
    },
    {
        "ASIN": "B0BJ187C25",
        "title": "Aveeno Tone + Texture Renewing Body Scrub, Exfoliating Body Wash to Reveal Smoother Skin and a More Even Skin Tone, Prebiotic Oat Formula for Sensitive Skin, Fragrance-Free, 8 oz",
        "price": "$7.99 ($1.00 / Ounce)",
        "listPrice": "",
        "imageUrl": "https://m.media-amazon.com/images/I/31OWZXn9I9L._SL160_.jpg",
        "detailPageURL": "https://www.amazon.com/dp/B0BJ187C25",
        "rating": "4.4",
        "totalReviews": "298",
        "subtitle": "Aveeno",
        "isPrimeEligible": "1"
    },
    {
        "ASIN": "B09Q51L5J7",
        "title": "Body Prescriptions Body Scrub for Men- Ultimate Exfoliating Scrub Infused with Cedarwood, Men\u2019s Body Wash in Jar with Twist Top, 21 oz, For All Skin Types",
        "price": "$13.99 ($0.66 / Ounce)",
        "listPrice": "",
        "imageUrl": "https://m.media-amazon.com/images/I/41cmEq5doRL._SL160_.jpg",
        "detailPageURL": "https://www.amazon.com/dp/B09Q51L5J7",
        "rating": "4.4",
        "totalReviews": "1554",
        "subtitle": "Body Prescriptions",
        "isPrimeEligible": "1"
    },
    {
        "ASIN": "B083QPL9R5",
        "title": "Avilana\u00ae Silicone Body Scrubber with Advanced Hygiene Technology, Gentle Exfoliating Body Scrubber That's Easy to Clean, Lathers Well, Longer Lasting, The Ultimate Loofah Replacement (S1, DARK GRAY)",
        "price": "$14.99 ($14.99 / Count)",
        "listPrice": "$29.99 ($29.99 / Count)",
        "imageUrl": "https://m.media-amazon.com/images/I/41hhq3dDlcL._SL160_.jpg",
        "detailPageURL": "https://www.amazon.com/dp/B083QPL9R5",
        "rating": "4.5",
        "totalReviews": "32441",
        "subtitle": "Avilana",
        "isPrimeEligible": "1"
    },
    {
        "ASIN": "B07G8PDKY2",
        "title": "Brooklyn Botany Himalayan Salt Body Scrub - Moisturizing and Exfoliating Body, Face, Hand, Foot Scrub - Fights Stretch Marks, Fine Lines, Wrinkles - Great Gifts for Women & Men - 10 oz",
        "price": "$9.98 ($0.91 / Ounce)",
        "listPrice": "$21.99 ($2.00 / Ounce)",
        "imageUrl": "https://m.media-amazon.com/images/I/51+M4MAvsnL._SL160_.jpg",
        "detailPageURL": "https://www.amazon.com/dp/B07G8PDKY2",
        "rating": "4.2",
        "totalReviews": "4029",
        "subtitle": "Brooklyn Botany",
        "isPrimeEligible": "1"
    },
    {
        "ASIN": "B082YGKB59",
        "title": "ACURE Brightening Body Scrub | 100% Vegan | For A Brighter Appearance | Sea Salt & Niacinamide (Vitamin B3) | Brightens & Rejuvenates | All Skin Types | 6 Fl Oz",
        "price": "$15.75 ($2.62 / Fl Oz)",
        "listPrice": "$17.99 ($3.00 / Fl Oz)",
        "imageUrl": "https://m.media-amazon.com/images/I/31T7MWojgZL._SL160_.jpg",
        "detailPageURL": "https://www.amazon.com/dp/B082YGKB59",
        "rating": "4.4",
        "totalReviews": "114",
        "subtitle": "Acure",
        "isPrimeEligible": "0"
    },
    {
        "ASIN": "B09NNGXD3B",
        "title": "Liyalan Turmeric Body Scrub Moisturizing and Exfoliating Body, Face, Hand, Foot Scrub,Nourishes Skin,Deep Cleansing 7.8oz",
        "price": "$8.99 ($1.15 / Ounce)",
        "listPrice": "$9.99 ($1.28 / Ounce)",
        "imageUrl": "https://m.media-amazon.com/images/I/41zHyQMWjZL._SL160_.jpg",
        "detailPageURL": "https://www.amazon.com/dp/B09NNGXD3B",
        "rating": "4.0",
        "totalReviews": "2152",
        "subtitle": "LIYALAN",
        "isPrimeEligible": "1"
    },
    {
        "ASIN": "B0BG6MJQKD",
        "title": "Saltair - KP Body Smoother - Glycolic Exfoliating Skin Scrub",
        "price": "$14.00 ($1.40 / Ounce)",
        "listPrice": "",
        "imageUrl": "https://m.media-amazon.com/images/I/310gKyQdP6L._SL160_.jpg",
        "detailPageURL": "https://www.amazon.com/dp/B0BG6MJQKD",
        "rating": "4.2",
        "totalReviews": "82",
        "subtitle": "Saltair",
        "isPrimeEligible": "1"
    },
    {
        "ASIN": "B09L8PDRH2",
        "title": "Bare Botanics Matcha Eucalyptus Body Scrub 24oz | Made in Madison, WI | All Natural Sea Salt Exfoliator w/Skin Loving Moisturizers | Vegan & Cruelty Free | Gift Ready Packaging w/a Cute Wooden Spoon",
        "price": "$21.56 ($0.90 / Ounce)",
        "listPrice": "$24.95 ($1.04 / Ounce)",
        "imageUrl": "https://m.media-amazon.com/images/I/41A6cnxAyYL._SL160_.jpg",
        "detailPageURL": "https://www.amazon.com/dp/B09L8PDRH2",
        "rating": "4.4",
        "totalReviews": "3014",
        "subtitle": "BARE BOTANICS",
        "isPrimeEligible": "1"
    },
    {
        "ASIN": "B01KLEIU7E",
        "title": "Bella & Bear Ocean Spray Body Scrub - Travel Size - Vegan 3.4oz (3.4 oz) (3.4 oz)",
        "price": "$4.99 ($1.47 / Ounce)",
        "listPrice": "",
        "imageUrl": "https://m.media-amazon.com/images/I/41VYL9u+1ML._SL160_.jpg",
        "detailPageURL": "https://www.amazon.com/dp/B01KLEIU7E",
        "rating": "4.3",
        "totalReviews": "917",
        "subtitle": "Bella and Bear",
        "isPrimeEligible": "1"
    },
    {
        "ASIN": "B0BJ187C25",
        "title": "Aveeno Tone + Texture Renewing Body Scrub, Exfoliating Body Wash to Reveal Smoother Skin and a More Even Skin Tone, Prebiotic Oat Formula for Sensitive Skin, Fragrance-Free, 8 oz",
        "price": "$7.99 ($1.00 / Ounce)",
        "listPrice": "",
        "imageUrl": "https://m.media-amazon.com/images/I/31OWZXn9I9L._SL160_.jpg",
        "detailPageURL": "https://www.amazon.com/dp/B0BJ187C25",
        "rating": "4.4",
        "totalReviews": "298",
        "subtitle": "Aveeno",
        "isPrimeEligible": "1"
    },
    {
        "ASIN": "B09Q51L5J7",
        "title": "Body Prescriptions Body Scrub for Men- Ultimate Exfoliating Scrub Infused with Cedarwood, Men\u2019s Body Wash in Jar with Twist Top, 21 oz, For All Skin Types",
        "price": "$13.99 ($0.66 / Ounce)",
        "listPrice": "",
        "imageUrl": "https://m.media-amazon.com/images/I/41cmEq5doRL._SL160_.jpg",
        "detailPageURL": "https://www.amazon.com/dp/B09Q51L5J7",
        "rating": "4.4",
        "totalReviews": "1554",
        "subtitle": "Body Prescriptions",
        "isPrimeEligible": "1"
    },
    {
        "ASIN": "B083QPL9R5",
        "title": "Avilana\u00ae Silicone Body Scrubber with Advanced Hygiene Technology, Gentle Exfoliating Body Scrubber That's Easy to Clean, Lathers Well, Longer Lasting, The Ultimate Loofah Replacement (S1, DARK GRAY)",
        "price": "$14.99 ($14.99 / Count)",
        "listPrice": "$29.99 ($29.99 / Count)",
        "imageUrl": "https://m.media-amazon.com/images/I/41hhq3dDlcL._SL160_.jpg",
        "detailPageURL": "https://www.amazon.com/dp/B083QPL9R5",
        "rating": "4.5",
        "totalReviews": "32441",
        "subtitle": "Avilana",
        "isPrimeEligible": "1"
    },
    {
        "ASIN": "B07G8PDKY2",
        "title": "Brooklyn Botany Himalayan Salt Body Scrub - Moisturizing and Exfoliating Body, Face, Hand, Foot Scrub - Fights Stretch Marks, Fine Lines, Wrinkles - Great Gifts for Women & Men - 10 oz",
        "price": "$9.98 ($0.91 / Ounce)",
        "listPrice": "$21.99 ($2.00 / Ounce)",
        "imageUrl": "https://m.media-amazon.com/images/I/51+M4MAvsnL._SL160_.jpg",
        "detailPageURL": "https://www.amazon.com/dp/B07G8PDKY2",
        "rating": "4.2",
        "totalReviews": "4029",
        "subtitle": "Brooklyn Botany",
        "isPrimeEligible": "1"
    },
    {
        "ASIN": "B082YGKB59",
        "title": "ACURE Brightening Body Scrub | 100% Vegan | For A Brighter Appearance | Sea Salt & Niacinamide (Vitamin B3) | Brightens & Rejuvenates | All Skin Types | 6 Fl Oz",
        "price": "$15.75 ($2.62 / Fl Oz)",
        "listPrice": "$17.99 ($3.00 / Fl Oz)",
        "imageUrl": "https://m.media-amazon.com/images/I/31T7MWojgZL._SL160_.jpg",
        "detailPageURL": "https://www.amazon.com/dp/B082YGKB59",
        "rating": "4.4",
        "totalReviews": "114",
        "subtitle": "Acure",
        "isPrimeEligible": "0"
    },
    {
        "ASIN": "B0BTZN4Z9V",
        "title": "Dove Body Love Body Polish Exfoliate Away 3 Count for Rough, Bumpy Skin Body Scrub with AHAs for Silky Smooth Skin 12 oz",
        "price": "$23.97 ($0.67 / Ounce)",
        "listPrice": "$26.97 ($0.75 / Ounce)",
        "imageUrl": "https://m.media-amazon.com/images/I/61xHoYRBXcL._SL160_.jpg",
        "detailPageURL": "https://www.amazon.com/dp/B0BTZN4Z9V",
        "rating": "4.6",
        "totalReviews": "115",
        "subtitle": "Dove",
        "isPrimeEligible": "1"
    },
    {
        "ASIN": "B0BG6MJQKD",
        "title": "Saltair - KP Body Smoother - Glycolic Exfoliating Skin Scrub",
        "price": "$14.00 ($1.40 / Ounce)",
        "listPrice": "",
        "imageUrl": "https://m.media-amazon.com/images/I/310gKyQdP6L._SL160_.jpg",
        "detailPageURL": "https://www.amazon.com/dp/B0BG6MJQKD",
        "rating": "4.2",
        "totalReviews": "82",
        "subtitle": "Saltair",
        "isPrimeEligible": "1"
    },
    {
        "ASIN": "B09L8PDRH2",
        "title": "Bare Botanics Matcha Eucalyptus Body Scrub 24oz | Made in Madison, WI | All Natural Sea Salt Exfoliator w/Skin Loving Moisturizers | Vegan & Cruelty Free | Gift Ready Packaging w/a Cute Wooden Spoon",
        "price": "$21.56 ($0.90 / Ounce)",
        "listPrice": "$24.95 ($1.04 / Ounce)",
        "imageUrl": "https://m.media-amazon.com/images/I/41A6cnxAyYL._SL160_.jpg",
        "detailPageURL": "https://www.amazon.com/dp/B09L8PDRH2",
        "rating": "4.4",
        "totalReviews": "3014",
        "subtitle": "BARE BOTANICS",
        "isPrimeEligible": "1"
    },
    {
        "ASIN": "B01KLEIU7E",
        "title": "Bella & Bear Ocean Spray Body Scrub - Travel Size - Vegan 3.4oz (3.4 oz) (3.4 oz)",
        "price": "$4.99 ($1.47 / Ounce)",
        "listPrice": "",
        "imageUrl": "https://m.media-amazon.com/images/I/41VYL9u+1ML._SL160_.jpg",
        "detailPageURL": "https://www.amazon.com/dp/B01KLEIU7E",
        "rating": "4.3",
        "totalReviews": "917",
        "subtitle": "Bella and Bear",
        "isPrimeEligible": "1"
    },
    {
        "ASIN": "B0BJ187C25",
        "title": "Aveeno Tone + Texture Renewing Body Scrub, Exfoliating Body Wash to Reveal Smoother Skin and a More Even Skin Tone, Prebiotic Oat Formula for Sensitive Skin, Fragrance-Free, 8 oz",
        "price": "$7.99 ($1.00 / Ounce)",
        "listPrice": "",
        "imageUrl": "https://m.media-amazon.com/images/I/31OWZXn9I9L._SL160_.jpg",
        "detailPageURL": "https://www.amazon.com/dp/B0BJ187C25",
        "rating": "4.4",
        "totalReviews": "298",
        "subtitle": "Aveeno",
        "isPrimeEligible": "1"
    },
    {
        "ASIN": "B09Q51L5J7",
        "title": "Body Prescriptions Body Scrub for Men- Ultimate Exfoliating Scrub Infused with Cedarwood, Men\u2019s Body Wash in Jar with Twist Top, 21 oz, For All Skin Types",
        "price": "$13.99 ($0.66 / Ounce)",
        "listPrice": "",
        "imageUrl": "https://m.media-amazon.com/images/I/41cmEq5doRL._SL160_.jpg",
        "detailPageURL": "https://www.amazon.com/dp/B09Q51L5J7",
        "rating": "4.4",
        "totalReviews": "1554",
        "subtitle": "Body Prescriptions",
        "isPrimeEligible": "1"
    },
    {
        "ASIN": "B083QPL9R5",
        "title": "Avilana\u00ae Silicone Body Scrubber with Advanced Hygiene Technology, Gentle Exfoliating Body Scrubber That's Easy to Clean, Lathers Well, Longer Lasting, The Ultimate Loofah Replacement (S1, DARK GRAY)",
        "price": "$14.99 ($14.99 / Count)",
        "listPrice": "$29.99 ($29.99 / Count)",
        "imageUrl": "https://m.media-amazon.com/images/I/41hhq3dDlcL._SL160_.jpg",
        "detailPageURL": "https://www.amazon.com/dp/B083QPL9R5",
        "rating": "4.5",
        "totalReviews": "32441",
        "subtitle": "Avilana",
        "isPrimeEligible": "1"
    },
    {
        "ASIN": "B07G8PDKY2",
        "title": "Brooklyn Botany Himalayan Salt Body Scrub - Moisturizing and Exfoliating Body, Face, Hand, Foot Scrub - Fights Stretch Marks, Fine Lines, Wrinkles - Great Gifts for Women & Men - 10 oz",
        "price": "$9.98 ($0.91 / Ounce)",
        "listPrice": "$21.99 ($2.00 / Ounce)",
        "imageUrl": "https://m.media-amazon.com/images/I/51+M4MAvsnL._SL160_.jpg",
        "detailPageURL": "https://www.amazon.com/dp/B07G8PDKY2",
        "rating": "4.2",
        "totalReviews": "4029",
        "subtitle": "Brooklyn Botany",
        "isPrimeEligible": "1"
    },
    {
        "ASIN": "B082YGKB59",
        "title": "ACURE Brightening Body Scrub | 100% Vegan | For A Brighter Appearance | Sea Salt & Niacinamide (Vitamin B3) | Brightens & Rejuvenates | All Skin Types | 6 Fl Oz",
        "price": "$15.75 ($2.62 / Fl Oz)",
        "listPrice": "$17.99 ($3.00 / Fl Oz)",
        "imageUrl": "https://m.media-amazon.com/images/I/31T7MWojgZL._SL160_.jpg",
        "detailPageURL": "https://www.amazon.com/dp/B082YGKB59",
        "rating": "4.4",
        "totalReviews": "114",
        "subtitle": "Acure",
        "isPrimeEligible": "0"
    },
    {
        "ASIN": "B0BTZN4Z9V",
        "title": "Dove Body Love Body Polish Exfoliate Away 3 Count for Rough, Bumpy Skin Body Scrub with AHAs for Silky Smooth Skin 12 oz",
        "price": "$23.97 ($0.67 / Ounce)",
        "listPrice": "$26.97 ($0.75 / Ounce)",
        "imageUrl": "https://m.media-amazon.com/images/I/61xHoYRBXcL._SL160_.jpg",
        "detailPageURL": "https://www.amazon.com/dp/B0BTZN4Z9V",
        "rating": "4.6",
        "totalReviews": "115",
        "subtitle": "Dove",
        "isPrimeEligible": "1"
    },
    {
        "ASIN": "B07YYKZKFZ",
        "title": "Shea Moisture Lavender & Wild Orchid Calming Hand & Body Scrub, 12 Ounce",
        "price": "$9.98 ($0.83 / Ounce)",
        "listPrice": "",
        "imageUrl": "https://m.media-amazon.com/images/I/41n6KRN0mJL._SL160_.jpg",
        "detailPageURL": "https://www.amazon.com/dp/B07YYKZKFZ",
        "rating": "4.3",
        "totalReviews": "32",
        "subtitle": "SheaMoisture",
        "isPrimeEligible": "1"
    },
    {
        "ASIN": "B09L8PDRH2",
        "title": "Bare Botanics Matcha Eucalyptus Body Scrub 24oz | Made in Madison, WI | All Natural Sea Salt Exfoliator w/Skin Loving Moisturizers | Vegan & Cruelty Free | Gift Ready Packaging w/a Cute Wooden Spoon",
        "price": "$21.56 ($0.90 / Ounce)",
        "listPrice": "$24.95 ($1.04 / Ounce)",
        "imageUrl": "https://m.media-amazon.com/images/I/41A6cnxAyYL._SL160_.jpg",
        "detailPageURL": "https://www.amazon.com/dp/B09L8PDRH2",
        "rating": "4.4",
        "totalReviews": "3014",
        "subtitle": "BARE BOTANICS",
        "isPrimeEligible": "1"
    },
    {
        "ASIN": "B01KLEIU7E",
        "title": "Bella & Bear Ocean Spray Body Scrub - Travel Size - Vegan 3.4oz (3.4 oz) (3.4 oz)",
        "price": "$4.99 ($1.47 / Ounce)",
        "listPrice": "",
        "imageUrl": "https://m.media-amazon.com/images/I/41VYL9u+1ML._SL160_.jpg",
        "detailPageURL": "https://www.amazon.com/dp/B01KLEIU7E",
        "rating": "4.3",
        "totalReviews": "917",
        "subtitle": "Bella and Bear",
        "isPrimeEligible": "1"
    },
    {
        "ASIN": "B0BJ187C25",
        "title": "Aveeno Tone + Texture Renewing Body Scrub, Exfoliating Body Wash to Reveal Smoother Skin and a More Even Skin Tone, Prebiotic Oat Formula for Sensitive Skin, Fragrance-Free, 8 oz",
        "price": "$7.99 ($1.00 / Ounce)",
        "listPrice": "",
        "imageUrl": "https://m.media-amazon.com/images/I/31OWZXn9I9L._SL160_.jpg",
        "detailPageURL": "https://www.amazon.com/dp/B0BJ187C25",
        "rating": "4.4",
        "totalReviews": "298",
        "subtitle": "Aveeno",
        "isPrimeEligible": "1"
    },
    {
        "ASIN": "B09Q51L5J7",
        "title": "Body Prescriptions Body Scrub for Men- Ultimate Exfoliating Scrub Infused with Cedarwood, Men\u2019s Body Wash in Jar with Twist Top, 21 oz, For All Skin Types",
        "price": "$13.99 ($0.66 / Ounce)",
        "listPrice": "",
        "imageUrl": "https://m.media-amazon.com/images/I/41cmEq5doRL._SL160_.jpg",
        "detailPageURL": "https://www.amazon.com/dp/B09Q51L5J7",
        "rating": "4.4",
        "totalReviews": "1554",
        "subtitle": "Body Prescriptions",
        "isPrimeEligible": "1"
    },
    {
        "ASIN": "B083QPL9R5",
        "title": "Avilana\u00ae Silicone Body Scrubber with Advanced Hygiene Technology, Gentle Exfoliating Body Scrubber That's Easy to Clean, Lathers Well, Longer Lasting, The Ultimate Loofah Replacement (S1, DARK GRAY)",
        "price": "$14.99 ($14.99 / Count)",
        "listPrice": "$29.99 ($29.99 / Count)",
        "imageUrl": "https://m.media-amazon.com/images/I/41hhq3dDlcL._SL160_.jpg",
        "detailPageURL": "https://www.amazon.com/dp/B083QPL9R5",
        "rating": "4.5",
        "totalReviews": "32441",
        "subtitle": "Avilana",
        "isPrimeEligible": "1"
    },
    {
        "ASIN": "B07G8PDKY2",
        "title": "Brooklyn Botany Himalayan Salt Body Scrub - Moisturizing and Exfoliating Body, Face, Hand, Foot Scrub - Fights Stretch Marks, Fine Lines, Wrinkles - Great Gifts for Women & Men - 10 oz",
        "price": "$9.98 ($0.91 / Ounce)",
        "listPrice": "$21.99 ($2.00 / Ounce)",
        "imageUrl": "https://m.media-amazon.com/images/I/51+M4MAvsnL._SL160_.jpg",
        "detailPageURL": "https://www.amazon.com/dp/B07G8PDKY2",
        "rating": "4.2",
        "totalReviews": "4029",
        "subtitle": "Brooklyn Botany",
        "isPrimeEligible": "1"
    },
    {
        "ASIN": "B082YGKB59",
        "title": "ACURE Brightening Body Scrub | 100% Vegan | For A Brighter Appearance | Sea Salt & Niacinamide (Vitamin B3) | Brightens & Rejuvenates | All Skin Types | 6 Fl Oz",
        "price": "$15.75 ($2.62 / Fl Oz)",
        "listPrice": "$17.99 ($3.00 / Fl Oz)",
        "imageUrl": "https://m.media-amazon.com/images/I/31T7MWojgZL._SL160_.jpg",
        "detailPageURL": "https://www.amazon.com/dp/B082YGKB59",
        "rating": "4.4",
        "totalReviews": "114",
        "subtitle": "Acure",
        "isPrimeEligible": "0"
    },
    {
        "ASIN": "B0BTZN4Z9V",
        "title": "Dove Body Love Body Polish Exfoliate Away 3 Count for Rough, Bumpy Skin Body Scrub with AHAs for Silky Smooth Skin 12 oz",
        "price": "$23.97 ($0.67 / Ounce)",
        "listPrice": "$26.97 ($0.75 / Ounce)",
        "imageUrl": "https://m.media-amazon.com/images/I/61xHoYRBXcL._SL160_.jpg",
        "detailPageURL": "https://www.amazon.com/dp/B0BTZN4Z9V",
        "rating": "4.6",
        "totalReviews": "115",
        "subtitle": "Dove",
        "isPrimeEligible": "1"
    },
    {
        "ASIN": "B07YYKZKFZ",
        "title": "Shea Moisture Lavender & Wild Orchid Calming Hand & Body Scrub, 12 Ounce",
        "price": "$9.98 ($0.83 / Ounce)",
        "listPrice": "",
        "imageUrl": "https://m.media-amazon.com/images/I/41n6KRN0mJL._SL160_.jpg",
        "detailPageURL": "https://www.amazon.com/dp/B07YYKZKFZ",
        "rating": "4.3",
        "totalReviews": "32",
        "subtitle": "SheaMoisture",
        "isPrimeEligible": "1"
    },
    {
        "ASIN": "B0165XUWGC",
        "title": "LaLicious Sugar Lavender Extraordinary Whipped Sugar Scrub - Cane Sugar Body & Foot Scrub, Exfoliating & Moisturizing Skin Care with Coconut Oil & Honey, No Parabens (16oz)",
        "price": "$40.00 ($2.50 / Ounce)",
        "listPrice": "",
        "imageUrl": "https://m.media-amazon.com/images/I/41kuffQDXOL._SL160_.jpg",
        "detailPageURL": "https://www.amazon.com/dp/B0165XUWGC",
        "rating": "4.7",
        "totalReviews": "1200",
        "subtitle": "LaLicious",
        "isPrimeEligible": "1"
    },
    {
        "ASIN": "B01KLEIU7E",
        "title": "Bella & Bear Ocean Spray Body Scrub - Travel Size - Vegan 3.4oz (3.4 oz) (3.4 oz)",
        "price": "$4.99 ($1.47 / Ounce)",
        "listPrice": "",
        "imageUrl": "https://m.media-amazon.com/images/I/41VYL9u+1ML._SL160_.jpg",
        "detailPageURL": "https://www.amazon.com/dp/B01KLEIU7E",
        "rating": "4.3",
        "totalReviews": "917",
        "subtitle": "Bella and Bear",
        "isPrimeEligible": "1"
    },
    {
        "ASIN": "B0BJ187C25",
        "title": "Aveeno Tone + Texture Renewing Body Scrub, Exfoliating Body Wash to Reveal Smoother Skin and a More Even Skin Tone, Prebiotic Oat Formula for Sensitive Skin, Fragrance-Free, 8 oz",
        "price": "$7.99 ($1.00 / Ounce)",
        "listPrice": "",
        "imageUrl": "https://m.media-amazon.com/images/I/31OWZXn9I9L._SL160_.jpg",
        "detailPageURL": "https://www.amazon.com/dp/B0BJ187C25",
        "rating": "4.4",
        "totalReviews": "298",
        "subtitle": "Aveeno",
        "isPrimeEligible": "1"
    },
    {
        "ASIN": "B09Q51L5J7",
        "title": "Body Prescriptions Body Scrub for Men- Ultimate Exfoliating Scrub Infused with Cedarwood, Men\u2019s Body Wash in Jar with Twist Top, 21 oz, For All Skin Types",
        "price": "$13.99 ($0.66 / Ounce)",
        "listPrice": "",
        "imageUrl": "https://m.media-amazon.com/images/I/41cmEq5doRL._SL160_.jpg",
        "detailPageURL": "https://www.amazon.com/dp/B09Q51L5J7",
        "rating": "4.4",
        "totalReviews": "1554",
        "subtitle": "Body Prescriptions",
        "isPrimeEligible": "1"
    },
    {
        "ASIN": "B083QPL9R5",
        "title": "Avilana\u00ae Silicone Body Scrubber with Advanced Hygiene Technology, Gentle Exfoliating Body Scrubber That's Easy to Clean, Lathers Well, Longer Lasting, The Ultimate Loofah Replacement (S1, DARK GRAY)",
        "price": "$14.99 ($14.99 / Count)",
        "listPrice": "$29.99 ($29.99 / Count)",
        "imageUrl": "https://m.media-amazon.com/images/I/41hhq3dDlcL._SL160_.jpg",
        "detailPageURL": "https://www.amazon.com/dp/B083QPL9R5",
        "rating": "4.5",
        "totalReviews": "32441",
        "subtitle": "Avilana",
        "isPrimeEligible": "1"
    },
    {
        "ASIN": "B07G8PDKY2",
        "title": "Brooklyn Botany Himalayan Salt Body Scrub - Moisturizing and Exfoliating Body, Face, Hand, Foot Scrub - Fights Stretch Marks, Fine Lines, Wrinkles - Great Gifts for Women & Men - 10 oz",
        "price": "$9.98 ($0.91 / Ounce)",
        "listPrice": "$21.99 ($2.00 / Ounce)",
        "imageUrl": "https://m.media-amazon.com/images/I/51+M4MAvsnL._SL160_.jpg",
        "detailPageURL": "https://www.amazon.com/dp/B07G8PDKY2",
        "rating": "4.2",
        "totalReviews": "4029",
        "subtitle": "Brooklyn Botany",
        "isPrimeEligible": "1"
    },
    {
        "ASIN": "B082YGKB59",
        "title": "ACURE Brightening Body Scrub | 100% Vegan | For A Brighter Appearance | Sea Salt & Niacinamide (Vitamin B3) | Brightens & Rejuvenates | All Skin Types | 6 Fl Oz",
        "price": "$15.75 ($2.62 / Fl Oz)",
        "listPrice": "$17.99 ($3.00 / Fl Oz)",
        "imageUrl": "https://m.media-amazon.com/images/I/31T7MWojgZL._SL160_.jpg",
        "detailPageURL": "https://www.amazon.com/dp/B082YGKB59",
        "rating": "4.4",
        "totalReviews": "114",
        "subtitle": "Acure",
        "isPrimeEligible": "0"
    },
    {
        "ASIN": "B0BTZN4Z9V",
        "title": "Dove Body Love Body Polish Exfoliate Away 3 Count for Rough, Bumpy Skin Body Scrub with AHAs for Silky Smooth Skin 12 oz",
        "price": "$23.97 ($0.67 / Ounce)",
        "listPrice": "$26.97 ($0.75 / Ounce)",
        "imageUrl": "https://m.media-amazon.com/images/I/61xHoYRBXcL._SL160_.jpg",
        "detailPageURL": "https://www.amazon.com/dp/B0BTZN4Z9V",
        "rating": "4.6",
        "totalReviews": "115",
        "subtitle": "Dove",
        "isPrimeEligible": "1"
    },
    {
        "ASIN": "B07YYKZKFZ",
        "title": "Shea Moisture Lavender & Wild Orchid Calming Hand & Body Scrub, 12 Ounce",
        "price": "$9.98 ($0.83 / Ounce)",
        "listPrice": "",
        "imageUrl": "https://m.media-amazon.com/images/I/41n6KRN0mJL._SL160_.jpg",
        "detailPageURL": "https://www.amazon.com/dp/B07YYKZKFZ",
        "rating": "4.3",
        "totalReviews": "32",
        "subtitle": "SheaMoisture",
        "isPrimeEligible": "1"
    },
    {
        "ASIN": "B0165XUWGC",
        "title": "LaLicious Sugar Lavender Extraordinary Whipped Sugar Scrub - Cane Sugar Body & Foot Scrub, Exfoliating & Moisturizing Skin Care with Coconut Oil & Honey, No Parabens (16oz)",
        "price": "$40.00 ($2.50 / Ounce)",
        "listPrice": "",
        "imageUrl": "https://m.media-amazon.com/images/I/41kuffQDXOL._SL160_.jpg",
        "detailPageURL": "https://www.amazon.com/dp/B0165XUWGC",
        "rating": "4.7",
        "totalReviews": "1200",
        "subtitle": "LaLicious",
        "isPrimeEligible": "1"
    },
    {
        "ASIN": "B08KTPNXKB",
        "title": "Victoria's Secret Pink Honey Nourishing Body Scrub with Pure Honey",
        "price": "$14.00 ($1.40 / Ounce)",
        "listPrice": "$17.95 ($1.80 / Ounce)",
        "imageUrl": "https://m.media-amazon.com/images/I/31yYqRn5nrL._SL160_.jpg",
        "detailPageURL": "https://www.amazon.com/dp/B08KTPNXKB",
        "rating": "4.6",
        "totalReviews": "838",
        "subtitle": "Victoria's Secret",
        "isPrimeEligible": "1"
    },
    {
        "ASIN": "B0BJ187C25",
        "title": "Aveeno Tone + Texture Renewing Body Scrub, Exfoliating Body Wash to Reveal Smoother Skin and a More Even Skin Tone, Prebiotic Oat Formula for Sensitive Skin, Fragrance-Free, 8 oz",
        "price": "$7.99 ($1.00 / Ounce)",
        "listPrice": "",
        "imageUrl": "https://m.media-amazon.com/images/I/31OWZXn9I9L._SL160_.jpg",
        "detailPageURL": "https://www.amazon.com/dp/B0BJ187C25",
        "rating": "4.4",
        "totalReviews": "298",
        "subtitle": "Aveeno",
        "isPrimeEligible": "1"
    },
    {
        "ASIN": "B09Q51L5J7",
        "title": "Body Prescriptions Body Scrub for Men- Ultimate Exfoliating Scrub Infused with Cedarwood, Men\u2019s Body Wash in Jar with Twist Top, 21 oz, For All Skin Types",
        "price": "$13.99 ($0.66 / Ounce)",
        "listPrice": "",
        "imageUrl": "https://m.media-amazon.com/images/I/41cmEq5doRL._SL160_.jpg",
        "detailPageURL": "https://www.amazon.com/dp/B09Q51L5J7",
        "rating": "4.4",
        "totalReviews": "1554",
        "subtitle": "Body Prescriptions",
        "isPrimeEligible": "1"
    },
    {
        "ASIN": "B083QPL9R5",
        "title": "Avilana\u00ae Silicone Body Scrubber with Advanced Hygiene Technology, Gentle Exfoliating Body Scrubber That's Easy to Clean, Lathers Well, Longer Lasting, The Ultimate Loofah Replacement (S1, DARK GRAY)",
        "price": "$14.99 ($14.99 / Count)",
        "listPrice": "$29.99 ($29.99 / Count)",
        "imageUrl": "https://m.media-amazon.com/images/I/41hhq3dDlcL._SL160_.jpg",
        "detailPageURL": "https://www.amazon.com/dp/B083QPL9R5",
        "rating": "4.5",
        "totalReviews": "32441",
        "subtitle": "Avilana",
        "isPrimeEligible": "1"
    },
    {
        "ASIN": "B07G8PDKY2",
        "title": "Brooklyn Botany Himalayan Salt Body Scrub - Moisturizing and Exfoliating Body, Face, Hand, Foot Scrub - Fights Stretch Marks, Fine Lines, Wrinkles - Great Gifts for Women & Men - 10 oz",
        "price": "$9.98 ($0.91 / Ounce)",
        "listPrice": "$21.99 ($2.00 / Ounce)",
        "imageUrl": "https://m.media-amazon.com/images/I/51+M4MAvsnL._SL160_.jpg",
        "detailPageURL": "https://www.amazon.com/dp/B07G8PDKY2",
        "rating": "4.2",
        "totalReviews": "4029",
        "subtitle": "Brooklyn Botany",
        "isPrimeEligible": "1"
    },
    {
        "ASIN": "B082YGKB59",
        "title": "ACURE Brightening Body Scrub | 100% Vegan | For A Brighter Appearance | Sea Salt & Niacinamide (Vitamin B3) | Brightens & Rejuvenates | All Skin Types | 6 Fl Oz",
        "price": "$15.75 ($2.62 / Fl Oz)",
        "listPrice": "$17.99 ($3.00 / Fl Oz)",
        "imageUrl": "https://m.media-amazon.com/images/I/31T7MWojgZL._SL160_.jpg",
        "detailPageURL": "https://www.amazon.com/dp/B082YGKB59",
        "rating": "4.4",
        "totalReviews": "114",
        "subtitle": "Acure",
        "isPrimeEligible": "0"
    },
    {
        "ASIN": "B0BTZN4Z9V",
        "title": "Dove Body Love Body Polish Exfoliate Away 3 Count for Rough, Bumpy Skin Body Scrub with AHAs for Silky Smooth Skin 12 oz",
        "price": "$23.97 ($0.67 / Ounce)",
        "listPrice": "$26.97 ($0.75 / Ounce)",
        "imageUrl": "https://m.media-amazon.com/images/I/61xHoYRBXcL._SL160_.jpg",
        "detailPageURL": "https://www.amazon.com/dp/B0BTZN4Z9V",
        "rating": "4.6",
        "totalReviews": "115",
        "subtitle": "Dove",
        "isPrimeEligible": "1"
    },
    {
        "ASIN": "B07YYKZKFZ",
        "title": "Shea Moisture Lavender & Wild Orchid Calming Hand & Body Scrub, 12 Ounce",
        "price": "$9.98 ($0.83 / Ounce)",
        "listPrice": "",
        "imageUrl": "https://m.media-amazon.com/images/I/41n6KRN0mJL._SL160_.jpg",
        "detailPageURL": "https://www.amazon.com/dp/B07YYKZKFZ",
        "rating": "4.3",
        "totalReviews": "32",
        "subtitle": "SheaMoisture",
        "isPrimeEligible": "1"
    },
    {
        "ASIN": "B0165XUWGC",
        "title": "LaLicious Sugar Lavender Extraordinary Whipped Sugar Scrub - Cane Sugar Body & Foot Scrub, Exfoliating & Moisturizing Skin Care with Coconut Oil & Honey, No Parabens (16oz)",
        "price": "$40.00 ($2.50 / Ounce)",
        "listPrice": "",
        "imageUrl": "https://m.media-amazon.com/images/I/41kuffQDXOL._SL160_.jpg",
        "detailPageURL": "https://www.amazon.com/dp/B0165XUWGC",
        "rating": "4.7",
        "totalReviews": "1200",
        "subtitle": "LaLicious",
        "isPrimeEligible": "1"
    },
    {
        "ASIN": "B08KTPNXKB",
        "title": "Victoria's Secret Pink Honey Nourishing Body Scrub with Pure Honey",
        "price": "$14.00 ($1.40 / Ounce)",
        "listPrice": "$17.95 ($1.80 / Ounce)",
        "imageUrl": "https://m.media-amazon.com/images/I/31yYqRn5nrL._SL160_.jpg",
        "detailPageURL": "https://www.amazon.com/dp/B08KTPNXKB",
        "rating": "4.6",
        "totalReviews": "838",
        "subtitle": "Victoria's Secret",
        "isPrimeEligible": "1"
    },
    {
        "ASIN": "B097Y73281",
        "title": "Soft Silicone Body Scrubber Handheld Shower Cleansing Brush, Gentle Exfoliating and Massage for all Kinds of Skin (Black)",
        "price": "$8.99 ($8.99 / Count)",
        "listPrice": "$9.99 ($9.99 / Count)",
        "imageUrl": "https://m.media-amazon.com/images/I/51IRjupHNIS._SL160_.jpg",
        "detailPageURL": "https://www.amazon.com/dp/B097Y73281",
        "rating": "4.5",
        "totalReviews": "8571",
        "subtitle": "INNERNEED",
        "isPrimeEligible": "1"
    },
    {
        "ASIN": "B09Q51L5J7",
        "title": "Body Prescriptions Body Scrub for Men- Ultimate Exfoliating Scrub Infused with Cedarwood, Men\u2019s Body Wash in Jar with Twist Top, 21 oz, For All Skin Types",
        "price": "$13.99 ($0.66 / Ounce)",
        "listPrice": "",
        "imageUrl": "https://m.media-amazon.com/images/I/41cmEq5doRL._SL160_.jpg",
        "detailPageURL": "https://www.amazon.com/dp/B09Q51L5J7",
        "rating": "4.4",
        "totalReviews": "1554",
        "subtitle": "Body Prescriptions",
        "isPrimeEligible": "1"
    },
    {
        "ASIN": "B083QPL9R5",
        "title": "Avilana\u00ae Silicone Body Scrubber with Advanced Hygiene Technology, Gentle Exfoliating Body Scrubber That's Easy to Clean, Lathers Well, Longer Lasting, The Ultimate Loofah Replacement (S1, DARK GRAY)",
        "price": "$14.99 ($14.99 / Count)",
        "listPrice": "$29.99 ($29.99 / Count)",
        "imageUrl": "https://m.media-amazon.com/images/I/41hhq3dDlcL._SL160_.jpg",
        "detailPageURL": "https://www.amazon.com/dp/B083QPL9R5",
        "rating": "4.5",
        "totalReviews": "32441",
        "subtitle": "Avilana",
        "isPrimeEligible": "1"
    },
    {
        "ASIN": "B07G8PDKY2",
        "title": "Brooklyn Botany Himalayan Salt Body Scrub - Moisturizing and Exfoliating Body, Face, Hand, Foot Scrub - Fights Stretch Marks, Fine Lines, Wrinkles - Great Gifts for Women & Men - 10 oz",
        "price": "$9.98 ($0.91 / Ounce)",
        "listPrice": "$21.99 ($2.00 / Ounce)",
        "imageUrl": "https://m.media-amazon.com/images/I/51+M4MAvsnL._SL160_.jpg",
        "detailPageURL": "https://www.amazon.com/dp/B07G8PDKY2",
        "rating": "4.2",
        "totalReviews": "4029",
        "subtitle": "Brooklyn Botany",
        "isPrimeEligible": "1"
    },
    {
        "ASIN": "B082YGKB59",
        "title": "ACURE Brightening Body Scrub | 100% Vegan | For A Brighter Appearance | Sea Salt & Niacinamide (Vitamin B3) | Brightens & Rejuvenates | All Skin Types | 6 Fl Oz",
        "price": "$15.75 ($2.62 / Fl Oz)",
        "listPrice": "$17.99 ($3.00 / Fl Oz)",
        "imageUrl": "https://m.media-amazon.com/images/I/31T7MWojgZL._SL160_.jpg",
        "detailPageURL": "https://www.amazon.com/dp/B082YGKB59",
        "rating": "4.4",
        "totalReviews": "114",
        "subtitle": "Acure",
        "isPrimeEligible": "0"
    },
    {
        "ASIN": "B0BTZN4Z9V",
        "title": "Dove Body Love Body Polish Exfoliate Away 3 Count for Rough, Bumpy Skin Body Scrub with AHAs for Silky Smooth Skin 12 oz",
        "price": "$23.97 ($0.67 / Ounce)",
        "listPrice": "$26.97 ($0.75 / Ounce)",
        "imageUrl": "https://m.media-amazon.com/images/I/61xHoYRBXcL._SL160_.jpg",
        "detailPageURL": "https://www.amazon.com/dp/B0BTZN4Z9V",
        "rating": "4.6",
        "totalReviews": "115",
        "subtitle": "Dove",
        "isPrimeEligible": "1"
    },
    {
        "ASIN": "B07YYKZKFZ",
        "title": "Shea Moisture Lavender & Wild Orchid Calming Hand & Body Scrub, 12 Ounce",
        "price": "$9.98 ($0.83 / Ounce)",
        "listPrice": "",
        "imageUrl": "https://m.media-amazon.com/images/I/41n6KRN0mJL._SL160_.jpg",
        "detailPageURL": "https://www.amazon.com/dp/B07YYKZKFZ",
        "rating": "4.3",
        "totalReviews": "32",
        "subtitle": "SheaMoisture",
        "isPrimeEligible": "1"
    },
    {
        "ASIN": "B0165XUWGC",
        "title": "LaLicious Sugar Lavender Extraordinary Whipped Sugar Scrub - Cane Sugar Body & Foot Scrub, Exfoliating & Moisturizing Skin Care with Coconut Oil & Honey, No Parabens (16oz)",
        "price": "$40.00 ($2.50 / Ounce)",
        "listPrice": "",
        "imageUrl": "https://m.media-amazon.com/images/I/41kuffQDXOL._SL160_.jpg",
        "detailPageURL": "https://www.amazon.com/dp/B0165XUWGC",
        "rating": "4.7",
        "totalReviews": "1200",
        "subtitle": "LaLicious",
        "isPrimeEligible": "1"
    },
    {
        "ASIN": "B08KTPNXKB",
        "title": "Victoria's Secret Pink Honey Nourishing Body Scrub with Pure Honey",
        "price": "$14.00 ($1.40 / Ounce)",
        "listPrice": "$17.95 ($1.80 / Ounce)",
        "imageUrl": "https://m.media-amazon.com/images/I/31yYqRn5nrL._SL160_.jpg",
        "detailPageURL": "https://www.amazon.com/dp/B08KTPNXKB",
        "rating": "4.6",
        "totalReviews": "838",
        "subtitle": "Victoria's Secret",
        "isPrimeEligible": "1"
    },
    {
        "ASIN": "B097Y73281",
        "title": "Soft Silicone Body Scrubber Handheld Shower Cleansing Brush, Gentle Exfoliating and Massage for all Kinds of Skin (Black)",
        "price": "$8.99 ($8.99 / Count)",
        "listPrice": "$9.99 ($9.99 / Count)",
        "imageUrl": "https://m.media-amazon.com/images/I/51IRjupHNIS._SL160_.jpg",
        "detailPageURL": "https://www.amazon.com/dp/B097Y73281",
        "rating": "4.5",
        "totalReviews": "8571",
        "subtitle": "INNERNEED",
        "isPrimeEligible": "1"
    },
    {
        "ASIN": "B09NZJ599G",
        "title": "DeVi's Naturals Himalayan Body Polish Exfoliating Scrub, Reduce Razor Bumps, Dark Spots, and Strawberry Legs, Moisturizes Skin, Gentle Underarm Detox Scrub For Body Odor, Great Self Care Gift for Women & Men",
        "price": "$15.00 ($1.88 / Ounce)",
        "listPrice": "",
        "imageUrl": "https://m.media-amazon.com/images/I/41CAlJfqbFL._SL160_.jpg",
        "detailPageURL": "https://www.amazon.com/dp/B09NZJ599G",
        "rating": "5.0",
        "totalReviews": "6",
        "subtitle": "DeVi's Naturals",
        "isPrimeEligible": "0"
    },
    {
        "ASIN": "B083QPL9R5",
        "title": "Avilana\u00ae Silicone Body Scrubber with Advanced Hygiene Technology, Gentle Exfoliating Body Scrubber That's Easy to Clean, Lathers Well, Longer Lasting, The Ultimate Loofah Replacement (S1, DARK GRAY)",
        "price": "$14.99 ($14.99 / Count)",
        "listPrice": "$29.99 ($29.99 / Count)",
        "imageUrl": "https://m.media-amazon.com/images/I/41hhq3dDlcL._SL160_.jpg",
        "detailPageURL": "https://www.amazon.com/dp/B083QPL9R5",
        "rating": "4.5",
        "totalReviews": "32441",
        "subtitle": "Avilana",
        "isPrimeEligible": "1"
    },
    {
        "ASIN": "B07G8PDKY2",
        "title": "Brooklyn Botany Himalayan Salt Body Scrub - Moisturizing and Exfoliating Body, Face, Hand, Foot Scrub - Fights Stretch Marks, Fine Lines, Wrinkles - Great Gifts for Women & Men - 10 oz",
        "price": "$9.98 ($0.91 / Ounce)",
        "listPrice": "$21.99 ($2.00 / Ounce)",
        "imageUrl": "https://m.media-amazon.com/images/I/51+M4MAvsnL._SL160_.jpg",
        "detailPageURL": "https://www.amazon.com/dp/B07G8PDKY2",
        "rating": "4.2",
        "totalReviews": "4029",
        "subtitle": "Brooklyn Botany",
        "isPrimeEligible": "1"
    },
    {
        "ASIN": "B082YGKB59",
        "title": "ACURE Brightening Body Scrub | 100% Vegan | For A Brighter Appearance | Sea Salt & Niacinamide (Vitamin B3) | Brightens & Rejuvenates | All Skin Types | 6 Fl Oz",
        "price": "$15.75 ($2.62 / Fl Oz)",
        "listPrice": "$17.99 ($3.00 / Fl Oz)",
        "imageUrl": "https://m.media-amazon.com/images/I/31T7MWojgZL._SL160_.jpg",
        "detailPageURL": "https://www.amazon.com/dp/B082YGKB59",
        "rating": "4.4",
        "totalReviews": "114",
        "subtitle": "Acure",
        "isPrimeEligible": "0"
    },
    {
        "ASIN": "B0BTZN4Z9V",
        "title": "Dove Body Love Body Polish Exfoliate Away 3 Count for Rough, Bumpy Skin Body Scrub with AHAs for Silky Smooth Skin 12 oz",
        "price": "$23.97 ($0.67 / Ounce)",
        "listPrice": "$26.97 ($0.75 / Ounce)",
        "imageUrl": "https://m.media-amazon.com/images/I/61xHoYRBXcL._SL160_.jpg",
        "detailPageURL": "https://www.amazon.com/dp/B0BTZN4Z9V",
        "rating": "4.6",
        "totalReviews": "115",
        "subtitle": "Dove",
        "isPrimeEligible": "1"
    },
    {
        "ASIN": "B07YYKZKFZ",
        "title": "Shea Moisture Lavender & Wild Orchid Calming Hand & Body Scrub, 12 Ounce",
        "price": "$9.98 ($0.83 / Ounce)",
        "listPrice": "",
        "imageUrl": "https://m.media-amazon.com/images/I/41n6KRN0mJL._SL160_.jpg",
        "detailPageURL": "https://www.amazon.com/dp/B07YYKZKFZ",
        "rating": "4.3",
        "totalReviews": "32",
        "subtitle": "SheaMoisture",
        "isPrimeEligible": "1"
    },
    {
        "ASIN": "B0165XUWGC",
        "title": "LaLicious Sugar Lavender Extraordinary Whipped Sugar Scrub - Cane Sugar Body & Foot Scrub, Exfoliating & Moisturizing Skin Care with Coconut Oil & Honey, No Parabens (16oz)",
        "price": "$40.00 ($2.50 / Ounce)",
        "listPrice": "",
        "imageUrl": "https://m.media-amazon.com/images/I/41kuffQDXOL._SL160_.jpg",
        "detailPageURL": "https://www.amazon.com/dp/B0165XUWGC",
        "rating": "4.7",
        "totalReviews": "1200",
        "subtitle": "LaLicious",
        "isPrimeEligible": "1"
    },
    {
        "ASIN": "B08KTPNXKB",
        "title": "Victoria's Secret Pink Honey Nourishing Body Scrub with Pure Honey",
        "price": "$14.00 ($1.40 / Ounce)",
        "listPrice": "$17.95 ($1.80 / Ounce)",
        "imageUrl": "https://m.media-amazon.com/images/I/31yYqRn5nrL._SL160_.jpg",
        "detailPageURL": "https://www.amazon.com/dp/B08KTPNXKB",
        "rating": "4.6",
        "totalReviews": "838",
        "subtitle": "Victoria's Secret",
        "isPrimeEligible": "1"
    },
    {
        "ASIN": "B097Y73281",
        "title": "Soft Silicone Body Scrubber Handheld Shower Cleansing Brush, Gentle Exfoliating and Massage for all Kinds of Skin (Black)",
        "price": "$8.99 ($8.99 / Count)",
        "listPrice": "$9.99 ($9.99 / Count)",
        "imageUrl": "https://m.media-amazon.com/images/I/51IRjupHNIS._SL160_.jpg",
        "detailPageURL": "https://www.amazon.com/dp/B097Y73281",
        "rating": "4.5",
        "totalReviews": "8571",
        "subtitle": "INNERNEED",
        "isPrimeEligible": "1"
    },
    {
        "ASIN": "B09NZJ599G",
        "title": "DeVi's Naturals Himalayan Body Polish Exfoliating Scrub, Reduce Razor Bumps, Dark Spots, and Strawberry Legs, Moisturizes Skin, Gentle Underarm Detox Scrub For Body Odor, Great Self Care Gift for Women & Men",
        "price": "$15.00 ($1.88 / Ounce)",
        "listPrice": "",
        "imageUrl": "https://m.media-amazon.com/images/I/41CAlJfqbFL._SL160_.jpg",
        "detailPageURL": "https://www.amazon.com/dp/B09NZJ599G",
        "rating": "5.0",
        "totalReviews": "6",
        "subtitle": "DeVi's Naturals",
        "isPrimeEligible": "0"
    },
    {
        "ASIN": "B072J77FVC",
        "title": "Charcoal Exfoliating Face & Body Scrub Polish with Collagen & Stem Cell Gentle Body Exfoliator Bump Eraser Best Shower Scrub Skin Exfoliant Moisturize Skin Exfoliate Absorbs Nutrients by M3 Naturals",
        "price": "$19.91 ($1.66 / Fl Oz)",
        "listPrice": "$34.80 ($2.90 / Fl Oz)",
        "imageUrl": "https://m.media-amazon.com/images/I/61csmARDxLL._SL160_.jpg",
        "detailPageURL": "https://www.amazon.com/dp/B072J77FVC",
        "rating": "4.4",
        "totalReviews": "14381",
        "subtitle": "M3 Naturals",
        "isPrimeEligible": "1"
    },
    {
        "ASIN": "B07G8PDKY2",
        "title": "Brooklyn Botany Himalayan Salt Body Scrub - Moisturizing and Exfoliating Body, Face, Hand, Foot Scrub - Fights Stretch Marks, Fine Lines, Wrinkles - Great Gifts for Women & Men - 10 oz",
        "price": "$9.98 ($0.91 / Ounce)",
        "listPrice": "$21.99 ($2.00 / Ounce)",
        "imageUrl": "https://m.media-amazon.com/images/I/51+M4MAvsnL._SL160_.jpg",
        "detailPageURL": "https://www.amazon.com/dp/B07G8PDKY2",
        "rating": "4.2",
        "totalReviews": "4029",
        "subtitle": "Brooklyn Botany",
        "isPrimeEligible": "1"
    },
    {
        "ASIN": "B082YGKB59",
        "title": "ACURE Brightening Body Scrub | 100% Vegan | For A Brighter Appearance | Sea Salt & Niacinamide (Vitamin B3) | Brightens & Rejuvenates | All Skin Types | 6 Fl Oz",
        "price": "$15.75 ($2.62 / Fl Oz)",
        "listPrice": "$17.99 ($3.00 / Fl Oz)",
        "imageUrl": "https://m.media-amazon.com/images/I/31T7MWojgZL._SL160_.jpg",
        "detailPageURL": "https://www.amazon.com/dp/B082YGKB59",
        "rating": "4.4",
        "totalReviews": "114",
        "subtitle": "Acure",
        "isPrimeEligible": "0"
    },
    {
        "ASIN": "B0BTZN4Z9V",
        "title": "Dove Body Love Body Polish Exfoliate Away 3 Count for Rough, Bumpy Skin Body Scrub with AHAs for Silky Smooth Skin 12 oz",
        "price": "$23.97 ($0.67 / Ounce)",
        "listPrice": "$26.97 ($0.75 / Ounce)",
        "imageUrl": "https://m.media-amazon.com/images/I/61xHoYRBXcL._SL160_.jpg",
        "detailPageURL": "https://www.amazon.com/dp/B0BTZN4Z9V",
        "rating": "4.6",
        "totalReviews": "115",
        "subtitle": "Dove",
        "isPrimeEligible": "1"
    },
    {
        "ASIN": "B07YYKZKFZ",
        "title": "Shea Moisture Lavender & Wild Orchid Calming Hand & Body Scrub, 12 Ounce",
        "price": "$9.98 ($0.83 / Ounce)",
        "listPrice": "",
        "imageUrl": "https://m.media-amazon.com/images/I/41n6KRN0mJL._SL160_.jpg",
        "detailPageURL": "https://www.amazon.com/dp/B07YYKZKFZ",
        "rating": "4.3",
        "totalReviews": "32",
        "subtitle": "SheaMoisture",
        "isPrimeEligible": "1"
    },
    {
        "ASIN": "B0165XUWGC",
        "title": "LaLicious Sugar Lavender Extraordinary Whipped Sugar Scrub - Cane Sugar Body & Foot Scrub, Exfoliating & Moisturizing Skin Care with Coconut Oil & Honey, No Parabens (16oz)",
        "price": "$40.00 ($2.50 / Ounce)",
        "listPrice": "",
        "imageUrl": "https://m.media-amazon.com/images/I/41kuffQDXOL._SL160_.jpg",
        "detailPageURL": "https://www.amazon.com/dp/B0165XUWGC",
        "rating": "4.7",
        "totalReviews": "1200",
        "subtitle": "LaLicious",
        "isPrimeEligible": "1"
    },
    {
        "ASIN": "B08KTPNXKB",
        "title": "Victoria's Secret Pink Honey Nourishing Body Scrub with Pure Honey",
        "price": "$14.00 ($1.40 / Ounce)",
        "listPrice": "$17.95 ($1.80 / Ounce)",
        "imageUrl": "https://m.media-amazon.com/images/I/31yYqRn5nrL._SL160_.jpg",
        "detailPageURL": "https://www.amazon.com/dp/B08KTPNXKB",
        "rating": "4.6",
        "totalReviews": "838",
        "subtitle": "Victoria's Secret",
        "isPrimeEligible": "1"
    },
    {
        "ASIN": "B097Y73281",
        "title": "Soft Silicone Body Scrubber Handheld Shower Cleansing Brush, Gentle Exfoliating and Massage for all Kinds of Skin (Black)",
        "price": "$8.99 ($8.99 / Count)",
        "listPrice": "$9.99 ($9.99 / Count)",
        "imageUrl": "https://m.media-amazon.com/images/I/51IRjupHNIS._SL160_.jpg",
        "detailPageURL": "https://www.amazon.com/dp/B097Y73281",
        "rating": "4.5",
        "totalReviews": "8571",
        "subtitle": "INNERNEED",
        "isPrimeEligible": "1"
    },
    {
        "ASIN": "B09NZJ599G",
        "title": "DeVi's Naturals Himalayan Body Polish Exfoliating Scrub, Reduce Razor Bumps, Dark Spots, and Strawberry Legs, Moisturizes Skin, Gentle Underarm Detox Scrub For Body Odor, Great Self Care Gift for Women & Men",
        "price": "$15.00 ($1.88 / Ounce)",
        "listPrice": "",
        "imageUrl": "https://m.media-amazon.com/images/I/41CAlJfqbFL._SL160_.jpg",
        "detailPageURL": "https://www.amazon.com/dp/B09NZJ599G",
        "rating": "5.0",
        "totalReviews": "6",
        "subtitle": "DeVi's Naturals",
        "isPrimeEligible": "0"
    },
    {
        "ASIN": "B072J77FVC",
        "title": "Charcoal Exfoliating Face & Body Scrub Polish with Collagen & Stem Cell Gentle Body Exfoliator Bump Eraser Best Shower Scrub Skin Exfoliant Moisturize Skin Exfoliate Absorbs Nutrients by M3 Naturals",
        "price": "$19.91 ($1.66 / Fl Oz)",
        "listPrice": "$34.80 ($2.90 / Fl Oz)",
        "imageUrl": "https://m.media-amazon.com/images/I/61csmARDxLL._SL160_.jpg",
        "detailPageURL": "https://www.amazon.com/dp/B072J77FVC",
        "rating": "4.4",
        "totalReviews": "14381",
        "subtitle": "M3 Naturals",
        "isPrimeEligible": "1"
    },
    {
        "ASIN": "B07F753PR7",
        "title": "O Naturals Exfoliating Lemon Oil Dead Sea Salt Deep-Cleansing Face & Body Scrub. Anti-Cellulite Tones Helps Oily Skin, Acne, Ingrown Hairs & Dead Skin Remover. Essential Oils, Sweet Almond 18oz",
        "price": "$13.47 ($0.75 / Fl Oz)",
        "listPrice": "$19.99 ($1.11 / Fl Oz)",
        "imageUrl": "https://m.media-amazon.com/images/I/51+E66W3kiL._SL160_.jpg",
        "detailPageURL": "https://www.amazon.com/dp/B07F753PR7",
        "rating": "4.3",
        "totalReviews": "14635",
        "subtitle": "O Naturals",
        "isPrimeEligible": "1"
    },
    {
        "ASIN": "B082YGKB59",
        "title": "ACURE Brightening Body Scrub | 100% Vegan | For A Brighter Appearance | Sea Salt & Niacinamide (Vitamin B3) | Brightens & Rejuvenates | All Skin Types | 6 Fl Oz",
        "price": "$15.75 ($2.62 / Fl Oz)",
        "listPrice": "$17.99 ($3.00 / Fl Oz)",
        "imageUrl": "https://m.media-amazon.com/images/I/31T7MWojgZL._SL160_.jpg",
        "detailPageURL": "https://www.amazon.com/dp/B082YGKB59",
        "rating": "4.4",
        "totalReviews": "114",
        "subtitle": "Acure",
        "isPrimeEligible": "0"
    },
    {
        "ASIN": "B0BTZN4Z9V",
        "title": "Dove Body Love Body Polish Exfoliate Away 3 Count for Rough, Bumpy Skin Body Scrub with AHAs for Silky Smooth Skin 12 oz",
        "price": "$23.97 ($0.67 / Ounce)",
        "listPrice": "$26.97 ($0.75 / Ounce)",
        "imageUrl": "https://m.media-amazon.com/images/I/61xHoYRBXcL._SL160_.jpg",
        "detailPageURL": "https://www.amazon.com/dp/B0BTZN4Z9V",
        "rating": "4.6",
        "totalReviews": "115",
        "subtitle": "Dove",
        "isPrimeEligible": "1"
    },
    {
        "ASIN": "B07YYKZKFZ",
        "title": "Shea Moisture Lavender & Wild Orchid Calming Hand & Body Scrub, 12 Ounce",
        "price": "$9.98 ($0.83 / Ounce)",
        "listPrice": "",
        "imageUrl": "https://m.media-amazon.com/images/I/41n6KRN0mJL._SL160_.jpg",
        "detailPageURL": "https://www.amazon.com/dp/B07YYKZKFZ",
        "rating": "4.3",
        "totalReviews": "32",
        "subtitle": "SheaMoisture",
        "isPrimeEligible": "1"
    },
    {
        "ASIN": "B0165XUWGC",
        "title": "LaLicious Sugar Lavender Extraordinary Whipped Sugar Scrub - Cane Sugar Body & Foot Scrub, Exfoliating & Moisturizing Skin Care with Coconut Oil & Honey, No Parabens (16oz)",
        "price": "$40.00 ($2.50 / Ounce)",
        "listPrice": "",
        "imageUrl": "https://m.media-amazon.com/images/I/41kuffQDXOL._SL160_.jpg",
        "detailPageURL": "https://www.amazon.com/dp/B0165XUWGC",
        "rating": "4.7",
        "totalReviews": "1200",
        "subtitle": "LaLicious",
        "isPrimeEligible": "1"
    },
    {
        "ASIN": "B08KTPNXKB",
        "title": "Victoria's Secret Pink Honey Nourishing Body Scrub with Pure Honey",
        "price": "$14.00 ($1.40 / Ounce)",
        "listPrice": "$17.95 ($1.80 / Ounce)",
        "imageUrl": "https://m.media-amazon.com/images/I/31yYqRn5nrL._SL160_.jpg",
        "detailPageURL": "https://www.amazon.com/dp/B08KTPNXKB",
        "rating": "4.6",
        "totalReviews": "838",
        "subtitle": "Victoria's Secret",
        "isPrimeEligible": "1"
    },
    {
        "ASIN": "B097Y73281",
        "title": "Soft Silicone Body Scrubber Handheld Shower Cleansing Brush, Gentle Exfoliating and Massage for all Kinds of Skin (Black)",
        "price": "$8.99 ($8.99 / Count)",
        "listPrice": "$9.99 ($9.99 / Count)",
        "imageUrl": "https://m.media-amazon.com/images/I/51IRjupHNIS._SL160_.jpg",
        "detailPageURL": "https://www.amazon.com/dp/B097Y73281",
        "rating": "4.5",
        "totalReviews": "8571",
        "subtitle": "INNERNEED",
        "isPrimeEligible": "1"
    },
    {
        "ASIN": "B09NZJ599G",
        "title": "DeVi's Naturals Himalayan Body Polish Exfoliating Scrub, Reduce Razor Bumps, Dark Spots, and Strawberry Legs, Moisturizes Skin, Gentle Underarm Detox Scrub For Body Odor, Great Self Care Gift for Women & Men",
        "price": "$15.00 ($1.88 / Ounce)",
        "listPrice": "",
        "imageUrl": "https://m.media-amazon.com/images/I/41CAlJfqbFL._SL160_.jpg",
        "detailPageURL": "https://www.amazon.com/dp/B09NZJ599G",
        "rating": "5.0",
        "totalReviews": "6",
        "subtitle": "DeVi's Naturals",
        "isPrimeEligible": "0"
    },
    {
        "ASIN": "B072J77FVC",
        "title": "Charcoal Exfoliating Face & Body Scrub Polish with Collagen & Stem Cell Gentle Body Exfoliator Bump Eraser Best Shower Scrub Skin Exfoliant Moisturize Skin Exfoliate Absorbs Nutrients by M3 Naturals",
        "price": "$19.91 ($1.66 / Fl Oz)",
        "listPrice": "$34.80 ($2.90 / Fl Oz)",
        "imageUrl": "https://m.media-amazon.com/images/I/61csmARDxLL._SL160_.jpg",
        "detailPageURL": "https://www.amazon.com/dp/B072J77FVC",
        "rating": "4.4",
        "totalReviews": "14381",
        "subtitle": "M3 Naturals",
        "isPrimeEligible": "1"
    },
    {
        "ASIN": "B07F753PR7",
        "title": "O Naturals Exfoliating Lemon Oil Dead Sea Salt Deep-Cleansing Face & Body Scrub. Anti-Cellulite Tones Helps Oily Skin, Acne, Ingrown Hairs & Dead Skin Remover. Essential Oils, Sweet Almond 18oz",
        "price": "$13.47 ($0.75 / Fl Oz)",
        "listPrice": "$19.99 ($1.11 / Fl Oz)",
        "imageUrl": "https://m.media-amazon.com/images/I/51+E66W3kiL._SL160_.jpg",
        "detailPageURL": "https://www.amazon.com/dp/B07F753PR7",
        "rating": "4.3",
        "totalReviews": "14635",
        "subtitle": "O Naturals",
        "isPrimeEligible": "1"
    },
    {
        "ASIN": "B08CGW8CP1",
        "title": "Organic Pink Watermelon Body Scrub, Pure Natural Gentle Exfoliator For Smooth & Soft Skin, Best Shower Exfoliating Salt Skincare Scrub, Hydrating & Moisturizing Face Foot Hands, Great Gift for Women",
        "price": "$11.97 ($1.20 / Ounce)",
        "listPrice": "",
        "imageUrl": "https://m.media-amazon.com/images/I/418nVI1I3SL._SL160_.jpg",
        "detailPageURL": "https://www.amazon.com/dp/B08CGW8CP1",
        "rating": "4.0",
        "totalReviews": "3049",
        "subtitle": "White Naturals",
        "isPrimeEligible": "1"
    },
    {
        "ASIN": "B0BTZN4Z9V",
        "title": "Dove Body Love Body Polish Exfoliate Away 3 Count for Rough, Bumpy Skin Body Scrub with AHAs for Silky Smooth Skin 12 oz",
        "price": "$23.97 ($0.67 / Ounce)",
        "listPrice": "$26.97 ($0.75 / Ounce)",
        "imageUrl": "https://m.media-amazon.com/images/I/61xHoYRBXcL._SL160_.jpg",
        "detailPageURL": "https://www.amazon.com/dp/B0BTZN4Z9V",
        "rating": "4.6",
        "totalReviews": "115",
        "subtitle": "Dove",
        "isPrimeEligible": "1"
    },
    {
        "ASIN": "B07YYKZKFZ",
        "title": "Shea Moisture Lavender & Wild Orchid Calming Hand & Body Scrub, 12 Ounce",
        "price": "$9.98 ($0.83 / Ounce)",
        "listPrice": "",
        "imageUrl": "https://m.media-amazon.com/images/I/41n6KRN0mJL._SL160_.jpg",
        "detailPageURL": "https://www.amazon.com/dp/B07YYKZKFZ",
        "rating": "4.3",
        "totalReviews": "32",
        "subtitle": "SheaMoisture",
        "isPrimeEligible": "1"
    },
    {
        "ASIN": "B0165XUWGC",
        "title": "LaLicious Sugar Lavender Extraordinary Whipped Sugar Scrub - Cane Sugar Body & Foot Scrub, Exfoliating & Moisturizing Skin Care with Coconut Oil & Honey, No Parabens (16oz)",
        "price": "$40.00 ($2.50 / Ounce)",
        "listPrice": "",
        "imageUrl": "https://m.media-amazon.com/images/I/41kuffQDXOL._SL160_.jpg",
        "detailPageURL": "https://www.amazon.com/dp/B0165XUWGC",
        "rating": "4.7",
        "totalReviews": "1200",
        "subtitle": "LaLicious",
        "isPrimeEligible": "1"
    },
    {
        "ASIN": "B08KTPNXKB",
        "title": "Victoria's Secret Pink Honey Nourishing Body Scrub with Pure Honey",
        "price": "$14.00 ($1.40 / Ounce)",
        "listPrice": "$17.95 ($1.80 / Ounce)",
        "imageUrl": "https://m.media-amazon.com/images/I/31yYqRn5nrL._SL160_.jpg",
        "detailPageURL": "https://www.amazon.com/dp/B08KTPNXKB",
        "rating": "4.6",
        "totalReviews": "838",
        "subtitle": "Victoria's Secret",
        "isPrimeEligible": "1"
    },
    {
        "ASIN": "B097Y73281",
        "title": "Soft Silicone Body Scrubber Handheld Shower Cleansing Brush, Gentle Exfoliating and Massage for all Kinds of Skin (Black)",
        "price": "$8.99 ($8.99 / Count)",
        "listPrice": "$9.99 ($9.99 / Count)",
        "imageUrl": "https://m.media-amazon.com/images/I/51IRjupHNIS._SL160_.jpg",
        "detailPageURL": "https://www.amazon.com/dp/B097Y73281",
        "rating": "4.5",
        "totalReviews": "8571",
        "subtitle": "INNERNEED",
        "isPrimeEligible": "1"
    },
    {
        "ASIN": "B09NZJ599G",
        "title": "DeVi's Naturals Himalayan Body Polish Exfoliating Scrub, Reduce Razor Bumps, Dark Spots, and Strawberry Legs, Moisturizes Skin, Gentle Underarm Detox Scrub For Body Odor, Great Self Care Gift for Women & Men",
        "price": "$15.00 ($1.88 / Ounce)",
        "listPrice": "",
        "imageUrl": "https://m.media-amazon.com/images/I/41CAlJfqbFL._SL160_.jpg",
        "detailPageURL": "https://www.amazon.com/dp/B09NZJ599G",
        "rating": "5.0",
        "totalReviews": "6",
        "subtitle": "DeVi's Naturals",
        "isPrimeEligible": "0"
    },
    {
        "ASIN": "B072J77FVC",
        "title": "Charcoal Exfoliating Face & Body Scrub Polish with Collagen & Stem Cell Gentle Body Exfoliator Bump Eraser Best Shower Scrub Skin Exfoliant Moisturize Skin Exfoliate Absorbs Nutrients by M3 Naturals",
        "price": "$19.91 ($1.66 / Fl Oz)",
        "listPrice": "$34.80 ($2.90 / Fl Oz)",
        "imageUrl": "https://m.media-amazon.com/images/I/61csmARDxLL._SL160_.jpg",
        "detailPageURL": "https://www.amazon.com/dp/B072J77FVC",
        "rating": "4.4",
        "totalReviews": "14381",
        "subtitle": "M3 Naturals",
        "isPrimeEligible": "1"
    },
    {
        "ASIN": "B07F753PR7",
        "title": "O Naturals Exfoliating Lemon Oil Dead Sea Salt Deep-Cleansing Face & Body Scrub. Anti-Cellulite Tones Helps Oily Skin, Acne, Ingrown Hairs & Dead Skin Remover. Essential Oils, Sweet Almond 18oz",
        "price": "$13.47 ($0.75 / Fl Oz)",
        "listPrice": "$19.99 ($1.11 / Fl Oz)",
        "imageUrl": "https://m.media-amazon.com/images/I/51+E66W3kiL._SL160_.jpg",
        "detailPageURL": "https://www.amazon.com/dp/B07F753PR7",
        "rating": "4.3",
        "totalReviews": "14635",
        "subtitle": "O Naturals",
        "isPrimeEligible": "1"
    },
    {
        "ASIN": "B08CGW8CP1",
        "title": "Organic Pink Watermelon Body Scrub, Pure Natural Gentle Exfoliator For Smooth & Soft Skin, Best Shower Exfoliating Salt Skincare Scrub, Hydrating & Moisturizing Face Foot Hands, Great Gift for Women",
        "price": "$11.97 ($1.20 / Ounce)",
        "listPrice": "",
        "imageUrl": "https://m.media-amazon.com/images/I/418nVI1I3SL._SL160_.jpg",
        "detailPageURL": "https://www.amazon.com/dp/B08CGW8CP1",
        "rating": "4.0",
        "totalReviews": "3049",
        "subtitle": "White Naturals",
        "isPrimeEligible": "1"
    },
    {
        "ASIN": "B08SLT2H3J",
        "title": "Body Scrub Exfoliator - 12oz WATERMELON Sugar scrub cubes w/Mango Butter & Shea butter- Ultra Hydrating & Moisturizing - All Natural & Organic for all body exfoliation- For hands, arms legs, elbow & foot",
        "price": "$9.99 ($9.99 / Count)",
        "listPrice": "$14.99 ($14.99 / Count)",
        "imageUrl": "https://m.media-amazon.com/images/I/51mqWw5sDpL._SL160_.jpg",
        "detailPageURL": "https://www.amazon.com/dp/B08SLT2H3J",
        "rating": "4.2",
        "totalReviews": "1475",
        "subtitle": "Mineral Me California",
        "isPrimeEligible": "1"
    },
    {
        "ASIN": "B07YYKZKFZ",
        "title": "Shea Moisture Lavender & Wild Orchid Calming Hand & Body Scrub, 12 Ounce",
        "price": "$9.98 ($0.83 / Ounce)",
        "listPrice": "",
        "imageUrl": "https://m.media-amazon.com/images/I/41n6KRN0mJL._SL160_.jpg",
        "detailPageURL": "https://www.amazon.com/dp/B07YYKZKFZ",
        "rating": "4.3",
        "totalReviews": "32",
        "subtitle": "SheaMoisture",
        "isPrimeEligible": "1"
    },
    {
        "ASIN": "B0165XUWGC",
        "title": "LaLicious Sugar Lavender Extraordinary Whipped Sugar Scrub - Cane Sugar Body & Foot Scrub, Exfoliating & Moisturizing Skin Care with Coconut Oil & Honey, No Parabens (16oz)",
        "price": "$40.00 ($2.50 / Ounce)",
        "listPrice": "",
        "imageUrl": "https://m.media-amazon.com/images/I/41kuffQDXOL._SL160_.jpg",
        "detailPageURL": "https://www.amazon.com/dp/B0165XUWGC",
        "rating": "4.7",
        "totalReviews": "1200",
        "subtitle": "LaLicious",
        "isPrimeEligible": "1"
    },
    {
        "ASIN": "B08KTPNXKB",
        "title": "Victoria's Secret Pink Honey Nourishing Body Scrub with Pure Honey",
        "price": "$14.00 ($1.40 / Ounce)",
        "listPrice": "$17.95 ($1.80 / Ounce)",
        "imageUrl": "https://m.media-amazon.com/images/I/31yYqRn5nrL._SL160_.jpg",
        "detailPageURL": "https://www.amazon.com/dp/B08KTPNXKB",
        "rating": "4.6",
        "totalReviews": "838",
        "subtitle": "Victoria's Secret",
        "isPrimeEligible": "1"
    },
    {
        "ASIN": "B097Y73281",
        "title": "Soft Silicone Body Scrubber Handheld Shower Cleansing Brush, Gentle Exfoliating and Massage for all Kinds of Skin (Black)",
        "price": "$8.99 ($8.99 / Count)",
        "listPrice": "$9.99 ($9.99 / Count)",
        "imageUrl": "https://m.media-amazon.com/images/I/51IRjupHNIS._SL160_.jpg",
        "detailPageURL": "https://www.amazon.com/dp/B097Y73281",
        "rating": "4.5",
        "totalReviews": "8571",
        "subtitle": "INNERNEED",
        "isPrimeEligible": "1"
    },
    {
        "ASIN": "B09NZJ599G",
        "title": "DeVi's Naturals Himalayan Body Polish Exfoliating Scrub, Reduce Razor Bumps, Dark Spots, and Strawberry Legs, Moisturizes Skin, Gentle Underarm Detox Scrub For Body Odor, Great Self Care Gift for Women & Men",
        "price": "$15.00 ($1.88 / Ounce)",
        "listPrice": "",
        "imageUrl": "https://m.media-amazon.com/images/I/41CAlJfqbFL._SL160_.jpg",
        "detailPageURL": "https://www.amazon.com/dp/B09NZJ599G",
        "rating": "5.0",
        "totalReviews": "6",
        "subtitle": "DeVi's Naturals",
        "isPrimeEligible": "0"
    },
    {
        "ASIN": "B072J77FVC",
        "title": "Charcoal Exfoliating Face & Body Scrub Polish with Collagen & Stem Cell Gentle Body Exfoliator Bump Eraser Best Shower Scrub Skin Exfoliant Moisturize Skin Exfoliate Absorbs Nutrients by M3 Naturals",
        "price": "$19.91 ($1.66 / Fl Oz)",
        "listPrice": "$34.80 ($2.90 / Fl Oz)",
        "imageUrl": "https://m.media-amazon.com/images/I/61csmARDxLL._SL160_.jpg",
        "detailPageURL": "https://www.amazon.com/dp/B072J77FVC",
        "rating": "4.4",
        "totalReviews": "14381",
        "subtitle": "M3 Naturals",
        "isPrimeEligible": "1"
    },
    {
        "ASIN": "B07F753PR7",
        "title": "O Naturals Exfoliating Lemon Oil Dead Sea Salt Deep-Cleansing Face & Body Scrub. Anti-Cellulite Tones Helps Oily Skin, Acne, Ingrown Hairs & Dead Skin Remover. Essential Oils, Sweet Almond 18oz",
        "price": "$13.47 ($0.75 / Fl Oz)",
        "listPrice": "$19.99 ($1.11 / Fl Oz)",
        "imageUrl": "https://m.media-amazon.com/images/I/51+E66W3kiL._SL160_.jpg",
        "detailPageURL": "https://www.amazon.com/dp/B07F753PR7",
        "rating": "4.3",
        "totalReviews": "14635",
        "subtitle": "O Naturals",
        "isPrimeEligible": "1"
    },
    {
        "ASIN": "B08CGW8CP1",
        "title": "Organic Pink Watermelon Body Scrub, Pure Natural Gentle Exfoliator For Smooth & Soft Skin, Best Shower Exfoliating Salt Skincare Scrub, Hydrating & Moisturizing Face Foot Hands, Great Gift for Women",
        "price": "$11.97 ($1.20 / Ounce)",
        "listPrice": "",
        "imageUrl": "https://m.media-amazon.com/images/I/418nVI1I3SL._SL160_.jpg",
        "detailPageURL": "https://www.amazon.com/dp/B08CGW8CP1",
        "rating": "4.0",
        "totalReviews": "3049",
        "subtitle": "White Naturals",
        "isPrimeEligible": "1"
    },
    {
        "ASIN": "B08SLT2H3J",
        "title": "Body Scrub Exfoliator - 12oz WATERMELON Sugar scrub cubes w/Mango Butter & Shea butter- Ultra Hydrating & Moisturizing - All Natural & Organic for all body exfoliation- For hands, arms legs, elbow & foot",
        "price": "$9.99 ($9.99 / Count)",
        "listPrice": "$14.99 ($14.99 / Count)",
        "imageUrl": "https://m.media-amazon.com/images/I/51mqWw5sDpL._SL160_.jpg",
        "detailPageURL": "https://www.amazon.com/dp/B08SLT2H3J",
        "rating": "4.2",
        "totalReviews": "1475",
        "subtitle": "Mineral Me California",
        "isPrimeEligible": "1"
    },
    {
        "ASIN": "B09SXXDQ3C",
        "title": "Tea Tree Body Scrub Exfoliator - Dead Sea Salt Scrub Body Exfoliator with Nourishing Tea Tree Oil for Skin - Deep Exfoliating Foot Scrub for Pedicure and Invigorating Dry Skin Exfoliator for Body Care",
        "price": "$9.95 ($1.00 / Ounce)",
        "listPrice": "",
        "imageUrl": "https://m.media-amazon.com/images/I/41ce0QSCVhL._SL160_.jpg",
        "detailPageURL": "https://www.amazon.com/dp/B09SXXDQ3C",
        "rating": "4.3",
        "totalReviews": "858",
        "subtitle": "Maple Holistics",
        "isPrimeEligible": "1"
    },
    {
        "ASIN": "B0165XUWGC",
        "title": "LaLicious Sugar Lavender Extraordinary Whipped Sugar Scrub - Cane Sugar Body & Foot Scrub, Exfoliating & Moisturizing Skin Care with Coconut Oil & Honey, No Parabens (16oz)",
        "price": "$40.00 ($2.50 / Ounce)",
        "listPrice": "",
        "imageUrl": "https://m.media-amazon.com/images/I/41kuffQDXOL._SL160_.jpg",
        "detailPageURL": "https://www.amazon.com/dp/B0165XUWGC",
        "rating": "4.7",
        "totalReviews": "1200",
        "subtitle": "LaLicious",
        "isPrimeEligible": "1"
    },
    {
        "ASIN": "B08KTPNXKB",
        "title": "Victoria's Secret Pink Honey Nourishing Body Scrub with Pure Honey",
        "price": "$14.00 ($1.40 / Ounce)",
        "listPrice": "$17.95 ($1.80 / Ounce)",
        "imageUrl": "https://m.media-amazon.com/images/I/31yYqRn5nrL._SL160_.jpg",
        "detailPageURL": "https://www.amazon.com/dp/B08KTPNXKB",
        "rating": "4.6",
        "totalReviews": "838",
        "subtitle": "Victoria's Secret",
        "isPrimeEligible": "1"
    },
    {
        "ASIN": "B097Y73281",
        "title": "Soft Silicone Body Scrubber Handheld Shower Cleansing Brush, Gentle Exfoliating and Massage for all Kinds of Skin (Black)",
        "price": "$8.99 ($8.99 / Count)",
        "listPrice": "$9.99 ($9.99 / Count)",
        "imageUrl": "https://m.media-amazon.com/images/I/51IRjupHNIS._SL160_.jpg",
        "detailPageURL": "https://www.amazon.com/dp/B097Y73281",
        "rating": "4.5",
        "totalReviews": "8571",
        "subtitle": "INNERNEED",
        "isPrimeEligible": "1"
    },
    {
        "ASIN": "B09NZJ599G",
        "title": "DeVi's Naturals Himalayan Body Polish Exfoliating Scrub, Reduce Razor Bumps, Dark Spots, and Strawberry Legs, Moisturizes Skin, Gentle Underarm Detox Scrub For Body Odor, Great Self Care Gift for Women & Men",
        "price": "$15.00 ($1.88 / Ounce)",
        "listPrice": "",
        "imageUrl": "https://m.media-amazon.com/images/I/41CAlJfqbFL._SL160_.jpg",
        "detailPageURL": "https://www.amazon.com/dp/B09NZJ599G",
        "rating": "5.0",
        "totalReviews": "6",
        "subtitle": "DeVi's Naturals",
        "isPrimeEligible": "0"
    },
    {
        "ASIN": "B072J77FVC",
        "title": "Charcoal Exfoliating Face & Body Scrub Polish with Collagen & Stem Cell Gentle Body Exfoliator Bump Eraser Best Shower Scrub Skin Exfoliant Moisturize Skin Exfoliate Absorbs Nutrients by M3 Naturals",
        "price": "$19.91 ($1.66 / Fl Oz)",
        "listPrice": "$34.80 ($2.90 / Fl Oz)",
        "imageUrl": "https://m.media-amazon.com/images/I/61csmARDxLL._SL160_.jpg",
        "detailPageURL": "https://www.amazon.com/dp/B072J77FVC",
        "rating": "4.4",
        "totalReviews": "14381",
        "subtitle": "M3 Naturals",
        "isPrimeEligible": "1"
    },
    {
        "ASIN": "B07F753PR7",
        "title": "O Naturals Exfoliating Lemon Oil Dead Sea Salt Deep-Cleansing Face & Body Scrub. Anti-Cellulite Tones Helps Oily Skin, Acne, Ingrown Hairs & Dead Skin Remover. Essential Oils, Sweet Almond 18oz",
        "price": "$13.47 ($0.75 / Fl Oz)",
        "listPrice": "$19.99 ($1.11 / Fl Oz)",
        "imageUrl": "https://m.media-amazon.com/images/I/51+E66W3kiL._SL160_.jpg",
        "detailPageURL": "https://www.amazon.com/dp/B07F753PR7",
        "rating": "4.3",
        "totalReviews": "14635",
        "subtitle": "O Naturals",
        "isPrimeEligible": "1"
    },
    {
        "ASIN": "B08CGW8CP1",
        "title": "Organic Pink Watermelon Body Scrub, Pure Natural Gentle Exfoliator For Smooth & Soft Skin, Best Shower Exfoliating Salt Skincare Scrub, Hydrating & Moisturizing Face Foot Hands, Great Gift for Women",
        "price": "$11.97 ($1.20 / Ounce)",
        "listPrice": "",
        "imageUrl": "https://m.media-amazon.com/images/I/418nVI1I3SL._SL160_.jpg",
        "detailPageURL": "https://www.amazon.com/dp/B08CGW8CP1",
        "rating": "4.0",
        "totalReviews": "3049",
        "subtitle": "White Naturals",
        "isPrimeEligible": "1"
    },
    {
        "ASIN": "B08SLT2H3J",
        "title": "Body Scrub Exfoliator - 12oz WATERMELON Sugar scrub cubes w/Mango Butter & Shea butter- Ultra Hydrating & Moisturizing - All Natural & Organic for all body exfoliation- For hands, arms legs, elbow & foot",
        "price": "$9.99 ($9.99 / Count)",
        "listPrice": "$14.99 ($14.99 / Count)",
        "imageUrl": "https://m.media-amazon.com/images/I/51mqWw5sDpL._SL160_.jpg",
        "detailPageURL": "https://www.amazon.com/dp/B08SLT2H3J",
        "rating": "4.2",
        "totalReviews": "1475",
        "subtitle": "Mineral Me California",
        "isPrimeEligible": "1"
    },
    {
        "ASIN": "B09SXXDQ3C",
        "title": "Tea Tree Body Scrub Exfoliator - Dead Sea Salt Scrub Body Exfoliator with Nourishing Tea Tree Oil for Skin - Deep Exfoliating Foot Scrub for Pedicure and Invigorating Dry Skin Exfoliator for Body Care",
        "price": "$9.95 ($1.00 / Ounce)",
        "listPrice": "",
        "imageUrl": "https://m.media-amazon.com/images/I/41ce0QSCVhL._SL160_.jpg",
        "detailPageURL": "https://www.amazon.com/dp/B09SXXDQ3C",
        "rating": "4.3",
        "totalReviews": "858",
        "subtitle": "Maple Holistics",
        "isPrimeEligible": "1"
    },
    {
        "ASIN": "B0BQPPY9RY",
        "title": "N\u00e9cessaire The Body Exfoliator. Bergamot. AHA/BHA/PHA. Activated Charcoal. Erase KP. Smooth Rough Patches. Release Ingrowns. Hypoallergenic. Dermatologist-Tested. Non-Comedogenic. 180 ml / 6.1 fl oz",
        "price": "$30.00 ($4.92 / Ounce)",
        "listPrice": "",
        "imageUrl": "https://m.media-amazon.com/images/I/31JemV2VPSL._SL160_.jpg",
        "detailPageURL": "https://www.amazon.com/dp/B0BQPPY9RY",
        "rating": "4.6",
        "totalReviews": "167",
        "subtitle": "N\u00e9cessaire",
        "isPrimeEligible": "1"
    },
    {
        "ASIN": "B08KTPNXKB",
        "title": "Victoria's Secret Pink Honey Nourishing Body Scrub with Pure Honey",
        "price": "$14.00 ($1.40 / Ounce)",
        "listPrice": "$17.95 ($1.80 / Ounce)",
        "imageUrl": "https://m.media-amazon.com/images/I/31yYqRn5nrL._SL160_.jpg",
        "detailPageURL": "https://www.amazon.com/dp/B08KTPNXKB",
        "rating": "4.6",
        "totalReviews": "838",
        "subtitle": "Victoria's Secret",
        "isPrimeEligible": "1"
    },
    {
        "ASIN": "B097Y73281",
        "title": "Soft Silicone Body Scrubber Handheld Shower Cleansing Brush, Gentle Exfoliating and Massage for all Kinds of Skin (Black)",
        "price": "$8.99 ($8.99 / Count)",
        "listPrice": "$9.99 ($9.99 / Count)",
        "imageUrl": "https://m.media-amazon.com/images/I/51IRjupHNIS._SL160_.jpg",
        "detailPageURL": "https://www.amazon.com/dp/B097Y73281",
        "rating": "4.5",
        "totalReviews": "8571",
        "subtitle": "INNERNEED",
        "isPrimeEligible": "1"
    },
    {
        "ASIN": "B09NZJ599G",
        "title": "DeVi's Naturals Himalayan Body Polish Exfoliating Scrub, Reduce Razor Bumps, Dark Spots, and Strawberry Legs, Moisturizes Skin, Gentle Underarm Detox Scrub For Body Odor, Great Self Care Gift for Women & Men",
        "price": "$15.00 ($1.88 / Ounce)",
        "listPrice": "",
        "imageUrl": "https://m.media-amazon.com/images/I/41CAlJfqbFL._SL160_.jpg",
        "detailPageURL": "https://www.amazon.com/dp/B09NZJ599G",
        "rating": "5.0",
        "totalReviews": "6",
        "subtitle": "DeVi's Naturals",
        "isPrimeEligible": "0"
    },
    {
        "ASIN": "B072J77FVC",
        "title": "Charcoal Exfoliating Face & Body Scrub Polish with Collagen & Stem Cell Gentle Body Exfoliator Bump Eraser Best Shower Scrub Skin Exfoliant Moisturize Skin Exfoliate Absorbs Nutrients by M3 Naturals",
        "price": "$19.91 ($1.66 / Fl Oz)",
        "listPrice": "$34.80 ($2.90 / Fl Oz)",
        "imageUrl": "https://m.media-amazon.com/images/I/61csmARDxLL._SL160_.jpg",
        "detailPageURL": "https://www.amazon.com/dp/B072J77FVC",
        "rating": "4.4",
        "totalReviews": "14381",
        "subtitle": "M3 Naturals",
        "isPrimeEligible": "1"
    },
    {
        "ASIN": "B07F753PR7",
        "title": "O Naturals Exfoliating Lemon Oil Dead Sea Salt Deep-Cleansing Face & Body Scrub. Anti-Cellulite Tones Helps Oily Skin, Acne, Ingrown Hairs & Dead Skin Remover. Essential Oils, Sweet Almond 18oz",
        "price": "$13.47 ($0.75 / Fl Oz)",
        "listPrice": "$19.99 ($1.11 / Fl Oz)",
        "imageUrl": "https://m.media-amazon.com/images/I/51+E66W3kiL._SL160_.jpg",
        "detailPageURL": "https://www.amazon.com/dp/B07F753PR7",
        "rating": "4.3",
        "totalReviews": "14635",
        "subtitle": "O Naturals",
        "isPrimeEligible": "1"
    },
    {
        "ASIN": "B08CGW8CP1",
        "title": "Organic Pink Watermelon Body Scrub, Pure Natural Gentle Exfoliator For Smooth & Soft Skin, Best Shower Exfoliating Salt Skincare Scrub, Hydrating & Moisturizing Face Foot Hands, Great Gift for Women",
        "price": "$11.97 ($1.20 / Ounce)",
        "listPrice": "",
        "imageUrl": "https://m.media-amazon.com/images/I/418nVI1I3SL._SL160_.jpg",
        "detailPageURL": "https://www.amazon.com/dp/B08CGW8CP1",
        "rating": "4.0",
        "totalReviews": "3049",
        "subtitle": "White Naturals",
        "isPrimeEligible": "1"
    },
    {
        "ASIN": "B08SLT2H3J",
        "title": "Body Scrub Exfoliator - 12oz WATERMELON Sugar scrub cubes w/Mango Butter & Shea butter- Ultra Hydrating & Moisturizing - All Natural & Organic for all body exfoliation- For hands, arms legs, elbow & foot",
        "price": "$9.99 ($9.99 / Count)",
        "listPrice": "$14.99 ($14.99 / Count)",
        "imageUrl": "https://m.media-amazon.com/images/I/51mqWw5sDpL._SL160_.jpg",
        "detailPageURL": "https://www.amazon.com/dp/B08SLT2H3J",
        "rating": "4.2",
        "totalReviews": "1475",
        "subtitle": "Mineral Me California",
        "isPrimeEligible": "1"
    },
    {
        "ASIN": "B09SXXDQ3C",
        "title": "Tea Tree Body Scrub Exfoliator - Dead Sea Salt Scrub Body Exfoliator with Nourishing Tea Tree Oil for Skin - Deep Exfoliating Foot Scrub for Pedicure and Invigorating Dry Skin Exfoliator for Body Care",
        "price": "$9.95 ($1.00 / Ounce)",
        "listPrice": "",
        "imageUrl": "https://m.media-amazon.com/images/I/41ce0QSCVhL._SL160_.jpg",
        "detailPageURL": "https://www.amazon.com/dp/B09SXXDQ3C",
        "rating": "4.3",
        "totalReviews": "858",
        "subtitle": "Maple Holistics",
        "isPrimeEligible": "1"
    },
    {
        "ASIN": "B0BQPPY9RY",
        "title": "N\u00e9cessaire The Body Exfoliator. Bergamot. AHA/BHA/PHA. Activated Charcoal. Erase KP. Smooth Rough Patches. Release Ingrowns. Hypoallergenic. Dermatologist-Tested. Non-Comedogenic. 180 ml / 6.1 fl oz",
        "price": "$30.00 ($4.92 / Ounce)",
        "listPrice": "",
        "imageUrl": "https://m.media-amazon.com/images/I/31JemV2VPSL._SL160_.jpg",
        "detailPageURL": "https://www.amazon.com/dp/B0BQPPY9RY",
        "rating": "4.6",
        "totalReviews": "167",
        "subtitle": "N\u00e9cessaire",
        "isPrimeEligible": "1"
    },
    {
        "ASIN": "B0BJ19LLWJ",
        "title": "Aveeno Stress Relief Body Scrub, Exfoliating Body Wash for Softer, Smoother Skin, Formulated with Prebiotic Oat & Lavender Scent to Calm & Relax, Sulfate-Free & Soap-Free, 8 fl. Oz",
        "price": "$7.99 ($1.00 / Ounce)",
        "listPrice": "",
        "imageUrl": "https://m.media-amazon.com/images/I/31vjDb54kmL._SL160_.jpg",
        "detailPageURL": "https://www.amazon.com/dp/B0BJ19LLWJ",
        "rating": "4.7",
        "totalReviews": "105",
        "subtitle": "Aveeno",
        "isPrimeEligible": "1"
    },
    {
        "ASIN": "B097Y73281",
        "title": "Soft Silicone Body Scrubber Handheld Shower Cleansing Brush, Gentle Exfoliating and Massage for all Kinds of Skin (Black)",
        "price": "$8.99 ($8.99 / Count)",
        "listPrice": "$9.99 ($9.99 / Count)",
        "imageUrl": "https://m.media-amazon.com/images/I/51IRjupHNIS._SL160_.jpg",
        "detailPageURL": "https://www.amazon.com/dp/B097Y73281",
        "rating": "4.5",
        "totalReviews": "8571",
        "subtitle": "INNERNEED",
        "isPrimeEligible": "1"
    },
    {
        "ASIN": "B09NZJ599G",
        "title": "DeVi's Naturals Himalayan Body Polish Exfoliating Scrub, Reduce Razor Bumps, Dark Spots, and Strawberry Legs, Moisturizes Skin, Gentle Underarm Detox Scrub For Body Odor, Great Self Care Gift for Women & Men",
        "price": "$15.00 ($1.88 / Ounce)",
        "listPrice": "",
        "imageUrl": "https://m.media-amazon.com/images/I/41CAlJfqbFL._SL160_.jpg",
        "detailPageURL": "https://www.amazon.com/dp/B09NZJ599G",
        "rating": "5.0",
        "totalReviews": "6",
        "subtitle": "DeVi's Naturals",
        "isPrimeEligible": "0"
    },
    {
        "ASIN": "B072J77FVC",
        "title": "Charcoal Exfoliating Face & Body Scrub Polish with Collagen & Stem Cell Gentle Body Exfoliator Bump Eraser Best Shower Scrub Skin Exfoliant Moisturize Skin Exfoliate Absorbs Nutrients by M3 Naturals",
        "price": "$19.91 ($1.66 / Fl Oz)",
        "listPrice": "$34.80 ($2.90 / Fl Oz)",
        "imageUrl": "https://m.media-amazon.com/images/I/61csmARDxLL._SL160_.jpg",
        "detailPageURL": "https://www.amazon.com/dp/B072J77FVC",
        "rating": "4.4",
        "totalReviews": "14381",
        "subtitle": "M3 Naturals",
        "isPrimeEligible": "1"
    },
    {
        "ASIN": "B07F753PR7",
        "title": "O Naturals Exfoliating Lemon Oil Dead Sea Salt Deep-Cleansing Face & Body Scrub. Anti-Cellulite Tones Helps Oily Skin, Acne, Ingrown Hairs & Dead Skin Remover. Essential Oils, Sweet Almond 18oz",
        "price": "$13.47 ($0.75 / Fl Oz)",
        "listPrice": "$19.99 ($1.11 / Fl Oz)",
        "imageUrl": "https://m.media-amazon.com/images/I/51+E66W3kiL._SL160_.jpg",
        "detailPageURL": "https://www.amazon.com/dp/B07F753PR7",
        "rating": "4.3",
        "totalReviews": "14635",
        "subtitle": "O Naturals",
        "isPrimeEligible": "1"
    },
    {
        "ASIN": "B08CGW8CP1",
        "title": "Organic Pink Watermelon Body Scrub, Pure Natural Gentle Exfoliator For Smooth & Soft Skin, Best Shower Exfoliating Salt Skincare Scrub, Hydrating & Moisturizing Face Foot Hands, Great Gift for Women",
        "price": "$11.97 ($1.20 / Ounce)",
        "listPrice": "",
        "imageUrl": "https://m.media-amazon.com/images/I/418nVI1I3SL._SL160_.jpg",
        "detailPageURL": "https://www.amazon.com/dp/B08CGW8CP1",
        "rating": "4.0",
        "totalReviews": "3049",
        "subtitle": "White Naturals",
        "isPrimeEligible": "1"
    },
    {
        "ASIN": "B08SLT2H3J",
        "title": "Body Scrub Exfoliator - 12oz WATERMELON Sugar scrub cubes w/Mango Butter & Shea butter- Ultra Hydrating & Moisturizing - All Natural & Organic for all body exfoliation- For hands, arms legs, elbow & foot",
        "price": "$9.99 ($9.99 / Count)",
        "listPrice": "$14.99 ($14.99 / Count)",
        "imageUrl": "https://m.media-amazon.com/images/I/51mqWw5sDpL._SL160_.jpg",
        "detailPageURL": "https://www.amazon.com/dp/B08SLT2H3J",
        "rating": "4.2",
        "totalReviews": "1475",
        "subtitle": "Mineral Me California",
        "isPrimeEligible": "1"
    },
    {
        "ASIN": "B09SXXDQ3C",
        "title": "Tea Tree Body Scrub Exfoliator - Dead Sea Salt Scrub Body Exfoliator with Nourishing Tea Tree Oil for Skin - Deep Exfoliating Foot Scrub for Pedicure and Invigorating Dry Skin Exfoliator for Body Care",
        "price": "$9.95 ($1.00 / Ounce)",
        "listPrice": "",
        "imageUrl": "https://m.media-amazon.com/images/I/41ce0QSCVhL._SL160_.jpg",
        "detailPageURL": "https://www.amazon.com/dp/B09SXXDQ3C",
        "rating": "4.3",
        "totalReviews": "858",
        "subtitle": "Maple Holistics",
        "isPrimeEligible": "1"
    },
    {
        "ASIN": "B0BQPPY9RY",
        "title": "N\u00e9cessaire The Body Exfoliator. Bergamot. AHA/BHA/PHA. Activated Charcoal. Erase KP. Smooth Rough Patches. Release Ingrowns. Hypoallergenic. Dermatologist-Tested. Non-Comedogenic. 180 ml / 6.1 fl oz",
        "price": "$30.00 ($4.92 / Ounce)",
        "listPrice": "",
        "imageUrl": "https://m.media-amazon.com/images/I/31JemV2VPSL._SL160_.jpg",
        "detailPageURL": "https://www.amazon.com/dp/B0BQPPY9RY",
        "rating": "4.6",
        "totalReviews": "167",
        "subtitle": "N\u00e9cessaire",
        "isPrimeEligible": "1"
    },
    {
        "ASIN": "B0BJ19LLWJ",
        "title": "Aveeno Stress Relief Body Scrub, Exfoliating Body Wash for Softer, Smoother Skin, Formulated with Prebiotic Oat & Lavender Scent to Calm & Relax, Sulfate-Free & Soap-Free, 8 fl. Oz",
        "price": "$7.99 ($1.00 / Ounce)",
        "listPrice": "",
        "imageUrl": "https://m.media-amazon.com/images/I/31vjDb54kmL._SL160_.jpg",
        "detailPageURL": "https://www.amazon.com/dp/B0BJ19LLWJ",
        "rating": "4.7",
        "totalReviews": "105",
        "subtitle": "Aveeno",
        "isPrimeEligible": "1"
    },
    {
        "ASIN": "B00UOLBEAA",
        "title": "Neutrogena Body Clear Oil Free Acne Body Scrub with Salicylic Acid Acne Treatment Medicine, Exfoliating Salicylic Acid Body Wash to Treat Acne on Back, Chest, and Shoulders, 8.5 fl. oz",
        "price": "$8.94 ($1.05 / Fl Oz)",
        "listPrice": "$10.50 ($1.24 / Fl Oz)",
        "imageUrl": "https://m.media-amazon.com/images/I/31hNjGtPqFL._SL160_.jpg",
        "detailPageURL": "https://www.amazon.com/dp/B00UOLBEAA",
        "rating": "4.6",
        "totalReviews": "462",
        "subtitle": "Neutrogena",
        "isPrimeEligible": "1"
    },
    {
        "ASIN": "B09NZJ599G",
        "title": "DeVi's Naturals Himalayan Body Polish Exfoliating Scrub, Reduce Razor Bumps, Dark Spots, and Strawberry Legs, Moisturizes Skin, Gentle Underarm Detox Scrub For Body Odor, Great Self Care Gift for Women & Men",
        "price": "$15.00 ($1.88 / Ounce)",
        "listPrice": "",
        "imageUrl": "https://m.media-amazon.com/images/I/41CAlJfqbFL._SL160_.jpg",
        "detailPageURL": "https://www.amazon.com/dp/B09NZJ599G",
        "rating": "5.0",
        "totalReviews": "6",
        "subtitle": "DeVi's Naturals",
        "isPrimeEligible": "0"
    },
    {
        "ASIN": "B072J77FVC",
        "title": "Charcoal Exfoliating Face & Body Scrub Polish with Collagen & Stem Cell Gentle Body Exfoliator Bump Eraser Best Shower Scrub Skin Exfoliant Moisturize Skin Exfoliate Absorbs Nutrients by M3 Naturals",
        "price": "$19.91 ($1.66 / Fl Oz)",
        "listPrice": "$34.80 ($2.90 / Fl Oz)",
        "imageUrl": "https://m.media-amazon.com/images/I/61csmARDxLL._SL160_.jpg",
        "detailPageURL": "https://www.amazon.com/dp/B072J77FVC",
        "rating": "4.4",
        "totalReviews": "14381",
        "subtitle": "M3 Naturals",
        "isPrimeEligible": "1"
    },
    {
        "ASIN": "B07F753PR7",
        "title": "O Naturals Exfoliating Lemon Oil Dead Sea Salt Deep-Cleansing Face & Body Scrub. Anti-Cellulite Tones Helps Oily Skin, Acne, Ingrown Hairs & Dead Skin Remover. Essential Oils, Sweet Almond 18oz",
        "price": "$13.47 ($0.75 / Fl Oz)",
        "listPrice": "$19.99 ($1.11 / Fl Oz)",
        "imageUrl": "https://m.media-amazon.com/images/I/51+E66W3kiL._SL160_.jpg",
        "detailPageURL": "https://www.amazon.com/dp/B07F753PR7",
        "rating": "4.3",
        "totalReviews": "14635",
        "subtitle": "O Naturals",
        "isPrimeEligible": "1"
    },
    {
        "ASIN": "B08CGW8CP1",
        "title": "Organic Pink Watermelon Body Scrub, Pure Natural Gentle Exfoliator For Smooth & Soft Skin, Best Shower Exfoliating Salt Skincare Scrub, Hydrating & Moisturizing Face Foot Hands, Great Gift for Women",
        "price": "$11.97 ($1.20 / Ounce)",
        "listPrice": "",
        "imageUrl": "https://m.media-amazon.com/images/I/418nVI1I3SL._SL160_.jpg",
        "detailPageURL": "https://www.amazon.com/dp/B08CGW8CP1",
        "rating": "4.0",
        "totalReviews": "3049",
        "subtitle": "White Naturals",
        "isPrimeEligible": "1"
    },
    {
        "ASIN": "B08SLT2H3J",
        "title": "Body Scrub Exfoliator - 12oz WATERMELON Sugar scrub cubes w/Mango Butter & Shea butter- Ultra Hydrating & Moisturizing - All Natural & Organic for all body exfoliation- For hands, arms legs, elbow & foot",
        "price": "$9.99 ($9.99 / Count)",
        "listPrice": "$14.99 ($14.99 / Count)",
        "imageUrl": "https://m.media-amazon.com/images/I/51mqWw5sDpL._SL160_.jpg",
        "detailPageURL": "https://www.amazon.com/dp/B08SLT2H3J",
        "rating": "4.2",
        "totalReviews": "1475",
        "subtitle": "Mineral Me California",
        "isPrimeEligible": "1"
    },
    {
        "ASIN": "B09SXXDQ3C",
        "title": "Tea Tree Body Scrub Exfoliator - Dead Sea Salt Scrub Body Exfoliator with Nourishing Tea Tree Oil for Skin - Deep Exfoliating Foot Scrub for Pedicure and Invigorating Dry Skin Exfoliator for Body Care",
        "price": "$9.95 ($1.00 / Ounce)",
        "listPrice": "",
        "imageUrl": "https://m.media-amazon.com/images/I/41ce0QSCVhL._SL160_.jpg",
        "detailPageURL": "https://www.amazon.com/dp/B09SXXDQ3C",
        "rating": "4.3",
        "totalReviews": "858",
        "subtitle": "Maple Holistics",
        "isPrimeEligible": "1"
    },
    {
        "ASIN": "B0BQPPY9RY",
        "title": "N\u00e9cessaire The Body Exfoliator. Bergamot. AHA/BHA/PHA. Activated Charcoal. Erase KP. Smooth Rough Patches. Release Ingrowns. Hypoallergenic. Dermatologist-Tested. Non-Comedogenic. 180 ml / 6.1 fl oz",
        "price": "$30.00 ($4.92 / Ounce)",
        "listPrice": "",
        "imageUrl": "https://m.media-amazon.com/images/I/31JemV2VPSL._SL160_.jpg",
        "detailPageURL": "https://www.amazon.com/dp/B0BQPPY9RY",
        "rating": "4.6",
        "totalReviews": "167",
        "subtitle": "N\u00e9cessaire",
        "isPrimeEligible": "1"
    },
    {
        "ASIN": "B0BJ19LLWJ",
        "title": "Aveeno Stress Relief Body Scrub, Exfoliating Body Wash for Softer, Smoother Skin, Formulated with Prebiotic Oat & Lavender Scent to Calm & Relax, Sulfate-Free & Soap-Free, 8 fl. Oz",
        "price": "$7.99 ($1.00 / Ounce)",
        "listPrice": "",
        "imageUrl": "https://m.media-amazon.com/images/I/31vjDb54kmL._SL160_.jpg",
        "detailPageURL": "https://www.amazon.com/dp/B0BJ19LLWJ",
        "rating": "4.7",
        "totalReviews": "105",
        "subtitle": "Aveeno",
        "isPrimeEligible": "1"
    },
    {
        "ASIN": "B00UOLBEAA",
        "title": "Neutrogena Body Clear Oil Free Acne Body Scrub with Salicylic Acid Acne Treatment Medicine, Exfoliating Salicylic Acid Body Wash to Treat Acne on Back, Chest, and Shoulders, 8.5 fl. oz",
        "price": "$8.94 ($1.05 / Fl Oz)",
        "listPrice": "$10.50 ($1.24 / Fl Oz)",
        "imageUrl": "https://m.media-amazon.com/images/I/31hNjGtPqFL._SL160_.jpg",
        "detailPageURL": "https://www.amazon.com/dp/B00UOLBEAA",
        "rating": "4.6",
        "totalReviews": "462",
        "subtitle": "Neutrogena",
        "isPrimeEligible": "1"
    },
    {
        "ASIN": "B09PJ3CPVH",
        "title": "OGX Sensitive + Pink Sea Salt & Rosewater Sulfate-Free Soothing Body Scrub with Healing Rose Quartz, Gentle Exfoliating Daily Body Wash to Soften & Smooth Skin, 19.5 Fl Oz (pack of 3)",
        "price": "$18.67 ($0.32 / Fl Oz)",
        "listPrice": "$20.92 ($0.36 / Fl Oz)",
        "imageUrl": "https://m.media-amazon.com/images/I/41vn8-+X37L._SL160_.jpg",
        "detailPageURL": "https://www.amazon.com/dp/B09PJ3CPVH",
        "rating": "4.5",
        "totalReviews": "26727",
        "subtitle": "OGX",
        "isPrimeEligible": "1"
    },
    {
        "ASIN": "B072J77FVC",
        "title": "Charcoal Exfoliating Face & Body Scrub Polish with Collagen & Stem Cell Gentle Body Exfoliator Bump Eraser Best Shower Scrub Skin Exfoliant Moisturize Skin Exfoliate Absorbs Nutrients by M3 Naturals",
        "price": "$19.91 ($1.66 / Fl Oz)",
        "listPrice": "$34.80 ($2.90 / Fl Oz)",
        "imageUrl": "https://m.media-amazon.com/images/I/61csmARDxLL._SL160_.jpg",
        "detailPageURL": "https://www.amazon.com/dp/B072J77FVC",
        "rating": "4.4",
        "totalReviews": "14381",
        "subtitle": "M3 Naturals",
        "isPrimeEligible": "1"
    },
    {
        "ASIN": "B07F753PR7",
        "title": "O Naturals Exfoliating Lemon Oil Dead Sea Salt Deep-Cleansing Face & Body Scrub. Anti-Cellulite Tones Helps Oily Skin, Acne, Ingrown Hairs & Dead Skin Remover. Essential Oils, Sweet Almond 18oz",
        "price": "$13.47 ($0.75 / Fl Oz)",
        "listPrice": "$19.99 ($1.11 / Fl Oz)",
        "imageUrl": "https://m.media-amazon.com/images/I/51+E66W3kiL._SL160_.jpg",
        "detailPageURL": "https://www.amazon.com/dp/B07F753PR7",
        "rating": "4.3",
        "totalReviews": "14635",
        "subtitle": "O Naturals",
        "isPrimeEligible": "1"
    },
    {
        "ASIN": "B08CGW8CP1",
        "title": "Organic Pink Watermelon Body Scrub, Pure Natural Gentle Exfoliator For Smooth & Soft Skin, Best Shower Exfoliating Salt Skincare Scrub, Hydrating & Moisturizing Face Foot Hands, Great Gift for Women",
        "price": "$11.97 ($1.20 / Ounce)",
        "listPrice": "",
        "imageUrl": "https://m.media-amazon.com/images/I/418nVI1I3SL._SL160_.jpg",
        "detailPageURL": "https://www.amazon.com/dp/B08CGW8CP1",
        "rating": "4.0",
        "totalReviews": "3049",
        "subtitle": "White Naturals",
        "isPrimeEligible": "1"
    },
    {
        "ASIN": "B08SLT2H3J",
        "title": "Body Scrub Exfoliator - 12oz WATERMELON Sugar scrub cubes w/Mango Butter & Shea butter- Ultra Hydrating & Moisturizing - All Natural & Organic for all body exfoliation- For hands, arms legs, elbow & foot",
        "price": "$9.99 ($9.99 / Count)",
        "listPrice": "$14.99 ($14.99 / Count)",
        "imageUrl": "https://m.media-amazon.com/images/I/51mqWw5sDpL._SL160_.jpg",
        "detailPageURL": "https://www.amazon.com/dp/B08SLT2H3J",
        "rating": "4.2",
        "totalReviews": "1475",
        "subtitle": "Mineral Me California",
        "isPrimeEligible": "1"
    },
    {
        "ASIN": "B09SXXDQ3C",
        "title": "Tea Tree Body Scrub Exfoliator - Dead Sea Salt Scrub Body Exfoliator with Nourishing Tea Tree Oil for Skin - Deep Exfoliating Foot Scrub for Pedicure and Invigorating Dry Skin Exfoliator for Body Care",
        "price": "$9.95 ($1.00 / Ounce)",
        "listPrice": "",
        "imageUrl": "https://m.media-amazon.com/images/I/41ce0QSCVhL._SL160_.jpg",
        "detailPageURL": "https://www.amazon.com/dp/B09SXXDQ3C",
        "rating": "4.3",
        "totalReviews": "858",
        "subtitle": "Maple Holistics",
        "isPrimeEligible": "1"
    },
    {
        "ASIN": "B0BQPPY9RY",
        "title": "N\u00e9cessaire The Body Exfoliator. Bergamot. AHA/BHA/PHA. Activated Charcoal. Erase KP. Smooth Rough Patches. Release Ingrowns. Hypoallergenic. Dermatologist-Tested. Non-Comedogenic. 180 ml / 6.1 fl oz",
        "price": "$30.00 ($4.92 / Ounce)",
        "listPrice": "",
        "imageUrl": "https://m.media-amazon.com/images/I/31JemV2VPSL._SL160_.jpg",
        "detailPageURL": "https://www.amazon.com/dp/B0BQPPY9RY",
        "rating": "4.6",
        "totalReviews": "167",
        "subtitle": "N\u00e9cessaire",
        "isPrimeEligible": "1"
    },
    {
        "ASIN": "B0BJ19LLWJ",
        "title": "Aveeno Stress Relief Body Scrub, Exfoliating Body Wash for Softer, Smoother Skin, Formulated with Prebiotic Oat & Lavender Scent to Calm & Relax, Sulfate-Free & Soap-Free, 8 fl. Oz",
        "price": "$7.99 ($1.00 / Ounce)",
        "listPrice": "",
        "imageUrl": "https://m.media-amazon.com/images/I/31vjDb54kmL._SL160_.jpg",
        "detailPageURL": "https://www.amazon.com/dp/B0BJ19LLWJ",
        "rating": "4.7",
        "totalReviews": "105",
        "subtitle": "Aveeno",
        "isPrimeEligible": "1"
    },
    {
        "ASIN": "B00UOLBEAA",
        "title": "Neutrogena Body Clear Oil Free Acne Body Scrub with Salicylic Acid Acne Treatment Medicine, Exfoliating Salicylic Acid Body Wash to Treat Acne on Back, Chest, and Shoulders, 8.5 fl. oz",
        "price": "$8.94 ($1.05 / Fl Oz)",
        "listPrice": "$10.50 ($1.24 / Fl Oz)",
        "imageUrl": "https://m.media-amazon.com/images/I/31hNjGtPqFL._SL160_.jpg",
        "detailPageURL": "https://www.amazon.com/dp/B00UOLBEAA",
        "rating": "4.6",
        "totalReviews": "462",
        "subtitle": "Neutrogena",
        "isPrimeEligible": "1"
    },
    {
        "ASIN": "B09PJ3CPVH",
        "title": "OGX Sensitive + Pink Sea Salt & Rosewater Sulfate-Free Soothing Body Scrub with Healing Rose Quartz, Gentle Exfoliating Daily Body Wash to Soften & Smooth Skin, 19.5 Fl Oz (pack of 3)",
        "price": "$18.67 ($0.32 / Fl Oz)",
        "listPrice": "$20.92 ($0.36 / Fl Oz)",
        "imageUrl": "https://m.media-amazon.com/images/I/41vn8-+X37L._SL160_.jpg",
        "detailPageURL": "https://www.amazon.com/dp/B09PJ3CPVH",
        "rating": "4.5",
        "totalReviews": "26727",
        "subtitle": "OGX",
        "isPrimeEligible": "1"
    },
    {
        "ASIN": "B0CFG2B7N2",
        "title": "Spascriptions Lavender & Melatonin Calming Body Scrub, 21 oz, Ultra Hydrating and Exfoliating Scrub for Nourishing Essential Body Care",
        "price": "$7.99 ($0.38 / Ounce)",
        "listPrice": "",
        "imageUrl": "https://m.media-amazon.com/images/I/414j0O5qmtL._SL160_.jpg",
        "detailPageURL": "https://www.amazon.com/dp/B0CFG2B7N2",
        "rating": "",
        "totalReviews": "",
        "subtitle": "SpaScriptions",
        "isPrimeEligible": "1"
    },
    {
        "ASIN": "B07F753PR7",
        "title": "O Naturals Exfoliating Lemon Oil Dead Sea Salt Deep-Cleansing Face & Body Scrub. Anti-Cellulite Tones Helps Oily Skin, Acne, Ingrown Hairs & Dead Skin Remover. Essential Oils, Sweet Almond 18oz",
        "price": "$13.47 ($0.75 / Fl Oz)",
        "listPrice": "$19.99 ($1.11 / Fl Oz)",
        "imageUrl": "https://m.media-amazon.com/images/I/51+E66W3kiL._SL160_.jpg",
        "detailPageURL": "https://www.amazon.com/dp/B07F753PR7",
        "rating": "4.3",
        "totalReviews": "14635",
        "subtitle": "O Naturals",
        "isPrimeEligible": "1"
    },
    {
        "ASIN": "B08CGW8CP1",
        "title": "Organic Pink Watermelon Body Scrub, Pure Natural Gentle Exfoliator For Smooth & Soft Skin, Best Shower Exfoliating Salt Skincare Scrub, Hydrating & Moisturizing Face Foot Hands, Great Gift for Women",
        "price": "$11.97 ($1.20 / Ounce)",
        "listPrice": "",
        "imageUrl": "https://m.media-amazon.com/images/I/418nVI1I3SL._SL160_.jpg",
        "detailPageURL": "https://www.amazon.com/dp/B08CGW8CP1",
        "rating": "4.0",
        "totalReviews": "3049",
        "subtitle": "White Naturals",
        "isPrimeEligible": "1"
    },
    {
        "ASIN": "B08SLT2H3J",
        "title": "Body Scrub Exfoliator - 12oz WATERMELON Sugar scrub cubes w/Mango Butter & Shea butter- Ultra Hydrating & Moisturizing - All Natural & Organic for all body exfoliation- For hands, arms legs, elbow & foot",
        "price": "$9.99 ($9.99 / Count)",
        "listPrice": "$14.99 ($14.99 / Count)",
        "imageUrl": "https://m.media-amazon.com/images/I/51mqWw5sDpL._SL160_.jpg",
        "detailPageURL": "https://www.amazon.com/dp/B08SLT2H3J",
        "rating": "4.2",
        "totalReviews": "1475",
        "subtitle": "Mineral Me California",
        "isPrimeEligible": "1"
    },
    {
        "ASIN": "B09SXXDQ3C",
        "title": "Tea Tree Body Scrub Exfoliator - Dead Sea Salt Scrub Body Exfoliator with Nourishing Tea Tree Oil for Skin - Deep Exfoliating Foot Scrub for Pedicure and Invigorating Dry Skin Exfoliator for Body Care",
        "price": "$9.95 ($1.00 / Ounce)",
        "listPrice": "",
        "imageUrl": "https://m.media-amazon.com/images/I/41ce0QSCVhL._SL160_.jpg",
        "detailPageURL": "https://www.amazon.com/dp/B09SXXDQ3C",
        "rating": "4.3",
        "totalReviews": "858",
        "subtitle": "Maple Holistics",
        "isPrimeEligible": "1"
    },
    {
        "ASIN": "B0BQPPY9RY",
        "title": "N\u00e9cessaire The Body Exfoliator. Bergamot. AHA/BHA/PHA. Activated Charcoal. Erase KP. Smooth Rough Patches. Release Ingrowns. Hypoallergenic. Dermatologist-Tested. Non-Comedogenic. 180 ml / 6.1 fl oz",
        "price": "$30.00 ($4.92 / Ounce)",
        "listPrice": "",
        "imageUrl": "https://m.media-amazon.com/images/I/31JemV2VPSL._SL160_.jpg",
        "detailPageURL": "https://www.amazon.com/dp/B0BQPPY9RY",
        "rating": "4.6",
        "totalReviews": "167",
        "subtitle": "N\u00e9cessaire",
        "isPrimeEligible": "1"
    },
    {
        "ASIN": "B0BJ19LLWJ",
        "title": "Aveeno Stress Relief Body Scrub, Exfoliating Body Wash for Softer, Smoother Skin, Formulated with Prebiotic Oat & Lavender Scent to Calm & Relax, Sulfate-Free & Soap-Free, 8 fl. Oz",
        "price": "$7.99 ($1.00 / Ounce)",
        "listPrice": "",
        "imageUrl": "https://m.media-amazon.com/images/I/31vjDb54kmL._SL160_.jpg",
        "detailPageURL": "https://www.amazon.com/dp/B0BJ19LLWJ",
        "rating": "4.7",
        "totalReviews": "105",
        "subtitle": "Aveeno",
        "isPrimeEligible": "1"
    },
    {
        "ASIN": "B00UOLBEAA",
        "title": "Neutrogena Body Clear Oil Free Acne Body Scrub with Salicylic Acid Acne Treatment Medicine, Exfoliating Salicylic Acid Body Wash to Treat Acne on Back, Chest, and Shoulders, 8.5 fl. oz",
        "price": "$8.94 ($1.05 / Fl Oz)",
        "listPrice": "$10.50 ($1.24 / Fl Oz)",
        "imageUrl": "https://m.media-amazon.com/images/I/31hNjGtPqFL._SL160_.jpg",
        "detailPageURL": "https://www.amazon.com/dp/B00UOLBEAA",
        "rating": "4.6",
        "totalReviews": "462",
        "subtitle": "Neutrogena",
        "isPrimeEligible": "1"
    },
    {
        "ASIN": "B09PJ3CPVH",
        "title": "OGX Sensitive + Pink Sea Salt & Rosewater Sulfate-Free Soothing Body Scrub with Healing Rose Quartz, Gentle Exfoliating Daily Body Wash to Soften & Smooth Skin, 19.5 Fl Oz (pack of 3)",
        "price": "$18.67 ($0.32 / Fl Oz)",
        "listPrice": "$20.92 ($0.36 / Fl Oz)",
        "imageUrl": "https://m.media-amazon.com/images/I/41vn8-+X37L._SL160_.jpg",
        "detailPageURL": "https://www.amazon.com/dp/B09PJ3CPVH",
        "rating": "4.5",
        "totalReviews": "26727",
        "subtitle": "OGX",
        "isPrimeEligible": "1"
    },
    {
        "ASIN": "B0CFG2B7N2",
        "title": "Spascriptions Lavender & Melatonin Calming Body Scrub, 21 oz, Ultra Hydrating and Exfoliating Scrub for Nourishing Essential Body Care",
        "price": "$7.99 ($0.38 / Ounce)",
        "listPrice": "",
        "imageUrl": "https://m.media-amazon.com/images/I/414j0O5qmtL._SL160_.jpg",
        "detailPageURL": "https://www.amazon.com/dp/B0CFG2B7N2",
        "rating": "",
        "totalReviews": "",
        "subtitle": "SpaScriptions",
        "isPrimeEligible": "1"
    },
    {
        "ASIN": "B088S8GMWP",
        "title": "Sol de Janeiro Bum Bum Body Scrub 220g/7.8 oz.",
        "price": "$42.00 ($5.45 / Ounce)",
        "listPrice": "",
        "imageUrl": "https://m.media-amazon.com/images/I/41IXHd5pR5L._SL160_.jpg",
        "detailPageURL": "https://www.amazon.com/dp/B088S8GMWP",
        "rating": "4.7",
        "totalReviews": "1588",
        "subtitle": "SOL DE JANEIRO",
        "isPrimeEligible": "1"
    },
    {
        "ASIN": "B08CGW8CP1",
        "title": "Organic Pink Watermelon Body Scrub, Pure Natural Gentle Exfoliator For Smooth & Soft Skin, Best Shower Exfoliating Salt Skincare Scrub, Hydrating & Moisturizing Face Foot Hands, Great Gift for Women",
        "price": "$11.97 ($1.20 / Ounce)",
        "listPrice": "",
        "imageUrl": "https://m.media-amazon.com/images/I/418nVI1I3SL._SL160_.jpg",
        "detailPageURL": "https://www.amazon.com/dp/B08CGW8CP1",
        "rating": "4.0",
        "totalReviews": "3049",
        "subtitle": "White Naturals",
        "isPrimeEligible": "1"
    },
    {
        "ASIN": "B08SLT2H3J",
        "title": "Body Scrub Exfoliator - 12oz WATERMELON Sugar scrub cubes w/Mango Butter & Shea butter- Ultra Hydrating & Moisturizing - All Natural & Organic for all body exfoliation- For hands, arms legs, elbow & foot",
        "price": "$9.99 ($9.99 / Count)",
        "listPrice": "$14.99 ($14.99 / Count)",
        "imageUrl": "https://m.media-amazon.com/images/I/51mqWw5sDpL._SL160_.jpg",
        "detailPageURL": "https://www.amazon.com/dp/B08SLT2H3J",
        "rating": "4.2",
        "totalReviews": "1475",
        "subtitle": "Mineral Me California",
        "isPrimeEligible": "1"
    },
    {
        "ASIN": "B09SXXDQ3C",
        "title": "Tea Tree Body Scrub Exfoliator - Dead Sea Salt Scrub Body Exfoliator with Nourishing Tea Tree Oil for Skin - Deep Exfoliating Foot Scrub for Pedicure and Invigorating Dry Skin Exfoliator for Body Care",
        "price": "$9.95 ($1.00 / Ounce)",
        "listPrice": "",
        "imageUrl": "https://m.media-amazon.com/images/I/41ce0QSCVhL._SL160_.jpg",
        "detailPageURL": "https://www.amazon.com/dp/B09SXXDQ3C",
        "rating": "4.3",
        "totalReviews": "858",
        "subtitle": "Maple Holistics",
        "isPrimeEligible": "1"
    },
    {
        "ASIN": "B0BQPPY9RY",
        "title": "N\u00e9cessaire The Body Exfoliator. Bergamot. AHA/BHA/PHA. Activated Charcoal. Erase KP. Smooth Rough Patches. Release Ingrowns. Hypoallergenic. Dermatologist-Tested. Non-Comedogenic. 180 ml / 6.1 fl oz",
        "price": "$30.00 ($4.92 / Ounce)",
        "listPrice": "",
        "imageUrl": "https://m.media-amazon.com/images/I/31JemV2VPSL._SL160_.jpg",
        "detailPageURL": "https://www.amazon.com/dp/B0BQPPY9RY",
        "rating": "4.6",
        "totalReviews": "167",
        "subtitle": "N\u00e9cessaire",
        "isPrimeEligible": "1"
    },
    {
        "ASIN": "B0BJ19LLWJ",
        "title": "Aveeno Stress Relief Body Scrub, Exfoliating Body Wash for Softer, Smoother Skin, Formulated with Prebiotic Oat & Lavender Scent to Calm & Relax, Sulfate-Free & Soap-Free, 8 fl. Oz",
        "price": "$7.99 ($1.00 / Ounce)",
        "listPrice": "",
        "imageUrl": "https://m.media-amazon.com/images/I/31vjDb54kmL._SL160_.jpg",
        "detailPageURL": "https://www.amazon.com/dp/B0BJ19LLWJ",
        "rating": "4.7",
        "totalReviews": "105",
        "subtitle": "Aveeno",
        "isPrimeEligible": "1"
    },
    {
        "ASIN": "B00UOLBEAA",
        "title": "Neutrogena Body Clear Oil Free Acne Body Scrub with Salicylic Acid Acne Treatment Medicine, Exfoliating Salicylic Acid Body Wash to Treat Acne on Back, Chest, and Shoulders, 8.5 fl. oz",
        "price": "$8.94 ($1.05 / Fl Oz)",
        "listPrice": "$10.50 ($1.24 / Fl Oz)",
        "imageUrl": "https://m.media-amazon.com/images/I/31hNjGtPqFL._SL160_.jpg",
        "detailPageURL": "https://www.amazon.com/dp/B00UOLBEAA",
        "rating": "4.6",
        "totalReviews": "462",
        "subtitle": "Neutrogena",
        "isPrimeEligible": "1"
    },
    {
        "ASIN": "B09PJ3CPVH",
        "title": "OGX Sensitive + Pink Sea Salt & Rosewater Sulfate-Free Soothing Body Scrub with Healing Rose Quartz, Gentle Exfoliating Daily Body Wash to Soften & Smooth Skin, 19.5 Fl Oz (pack of 3)",
        "price": "$18.67 ($0.32 / Fl Oz)",
        "listPrice": "$20.92 ($0.36 / Fl Oz)",
        "imageUrl": "https://m.media-amazon.com/images/I/41vn8-+X37L._SL160_.jpg",
        "detailPageURL": "https://www.amazon.com/dp/B09PJ3CPVH",
        "rating": "4.5",
        "totalReviews": "26727",
        "subtitle": "OGX",
        "isPrimeEligible": "1"
    },
    {
        "ASIN": "B0CFG2B7N2",
        "title": "Spascriptions Lavender & Melatonin Calming Body Scrub, 21 oz, Ultra Hydrating and Exfoliating Scrub for Nourishing Essential Body Care",
        "price": "$7.99 ($0.38 / Ounce)",
        "listPrice": "",
        "imageUrl": "https://m.media-amazon.com/images/I/414j0O5qmtL._SL160_.jpg",
        "detailPageURL": "https://www.amazon.com/dp/B0CFG2B7N2",
        "rating": "",
        "totalReviews": "",
        "subtitle": "SpaScriptions",
        "isPrimeEligible": "1"
    },
    {
        "ASIN": "B088S8GMWP",
        "title": "Sol de Janeiro Bum Bum Body Scrub 220g/7.8 oz.",
        "price": "$42.00 ($5.45 / Ounce)",
        "listPrice": "",
        "imageUrl": "https://m.media-amazon.com/images/I/41IXHd5pR5L._SL160_.jpg",
        "detailPageURL": "https://www.amazon.com/dp/B088S8GMWP",
        "rating": "4.7",
        "totalReviews": "1588",
        "subtitle": "SOL DE JANEIRO",
        "isPrimeEligible": "1"
    },
    {
        "ASIN": "B01MSU9K2J",
        "title": "HERBIVORE Coco Rose Exfoliating Body Scrub \u2013 Cleansing Detox with Pink Clay, Moisturizing Coconut Oil & Shea Butter, Plant-based, Vegan, Cruelty-Free, 8 oz",
        "price": "$40.00 ($5.00 / Ounce)",
        "listPrice": "",
        "imageUrl": "https://m.media-amazon.com/images/I/41OWwEkzhJL._SL160_.jpg",
        "detailPageURL": "https://www.amazon.com/dp/B01MSU9K2J",
        "rating": "4.5",
        "totalReviews": "168",
        "subtitle": "HERBIVORE",
        "isPrimeEligible": "1"
    },
    {
        "ASIN": "B08SLT2H3J",
        "title": "Body Scrub Exfoliator - 12oz WATERMELON Sugar scrub cubes w/Mango Butter & Shea butter- Ultra Hydrating & Moisturizing - All Natural & Organic for all body exfoliation- For hands, arms legs, elbow & foot",
        "price": "$9.99 ($9.99 / Count)",
        "listPrice": "$14.99 ($14.99 / Count)",
        "imageUrl": "https://m.media-amazon.com/images/I/51mqWw5sDpL._SL160_.jpg",
        "detailPageURL": "https://www.amazon.com/dp/B08SLT2H3J",
        "rating": "4.2",
        "totalReviews": "1475",
        "subtitle": "Mineral Me California",
        "isPrimeEligible": "1"
    },
    {
        "ASIN": "B09SXXDQ3C",
        "title": "Tea Tree Body Scrub Exfoliator - Dead Sea Salt Scrub Body Exfoliator with Nourishing Tea Tree Oil for Skin - Deep Exfoliating Foot Scrub for Pedicure and Invigorating Dry Skin Exfoliator for Body Care",
        "price": "$9.95 ($1.00 / Ounce)",
        "listPrice": "",
        "imageUrl": "https://m.media-amazon.com/images/I/41ce0QSCVhL._SL160_.jpg",
        "detailPageURL": "https://www.amazon.com/dp/B09SXXDQ3C",
        "rating": "4.3",
        "totalReviews": "858",
        "subtitle": "Maple Holistics",
        "isPrimeEligible": "1"
    },
    {
        "ASIN": "B0BQPPY9RY",
        "title": "N\u00e9cessaire The Body Exfoliator. Bergamot. AHA/BHA/PHA. Activated Charcoal. Erase KP. Smooth Rough Patches. Release Ingrowns. Hypoallergenic. Dermatologist-Tested. Non-Comedogenic. 180 ml / 6.1 fl oz",
        "price": "$30.00 ($4.92 / Ounce)",
        "listPrice": "",
        "imageUrl": "https://m.media-amazon.com/images/I/31JemV2VPSL._SL160_.jpg",
        "detailPageURL": "https://www.amazon.com/dp/B0BQPPY9RY",
        "rating": "4.6",
        "totalReviews": "167",
        "subtitle": "N\u00e9cessaire",
        "isPrimeEligible": "1"
    },
    {
        "ASIN": "B0BJ19LLWJ",
        "title": "Aveeno Stress Relief Body Scrub, Exfoliating Body Wash for Softer, Smoother Skin, Formulated with Prebiotic Oat & Lavender Scent to Calm & Relax, Sulfate-Free & Soap-Free, 8 fl. Oz",
        "price": "$7.99 ($1.00 / Ounce)",
        "listPrice": "",
        "imageUrl": "https://m.media-amazon.com/images/I/31vjDb54kmL._SL160_.jpg",
        "detailPageURL": "https://www.amazon.com/dp/B0BJ19LLWJ",
        "rating": "4.7",
        "totalReviews": "105",
        "subtitle": "Aveeno",
        "isPrimeEligible": "1"
    },
    {
        "ASIN": "B00UOLBEAA",
        "title": "Neutrogena Body Clear Oil Free Acne Body Scrub with Salicylic Acid Acne Treatment Medicine, Exfoliating Salicylic Acid Body Wash to Treat Acne on Back, Chest, and Shoulders, 8.5 fl. oz",
        "price": "$8.94 ($1.05 / Fl Oz)",
        "listPrice": "$10.50 ($1.24 / Fl Oz)",
        "imageUrl": "https://m.media-amazon.com/images/I/31hNjGtPqFL._SL160_.jpg",
        "detailPageURL": "https://www.amazon.com/dp/B00UOLBEAA",
        "rating": "4.6",
        "totalReviews": "462",
        "subtitle": "Neutrogena",
        "isPrimeEligible": "1"
    },
    {
        "ASIN": "B09PJ3CPVH",
        "title": "OGX Sensitive + Pink Sea Salt & Rosewater Sulfate-Free Soothing Body Scrub with Healing Rose Quartz, Gentle Exfoliating Daily Body Wash to Soften & Smooth Skin, 19.5 Fl Oz (pack of 3)",
        "price": "$18.67 ($0.32 / Fl Oz)",
        "listPrice": "$20.92 ($0.36 / Fl Oz)",
        "imageUrl": "https://m.media-amazon.com/images/I/41vn8-+X37L._SL160_.jpg",
        "detailPageURL": "https://www.amazon.com/dp/B09PJ3CPVH",
        "rating": "4.5",
        "totalReviews": "26727",
        "subtitle": "OGX",
        "isPrimeEligible": "1"
    },
    {
        "ASIN": "B0CFG2B7N2",
        "title": "Spascriptions Lavender & Melatonin Calming Body Scrub, 21 oz, Ultra Hydrating and Exfoliating Scrub for Nourishing Essential Body Care",
        "price": "$7.99 ($0.38 / Ounce)",
        "listPrice": "",
        "imageUrl": "https://m.media-amazon.com/images/I/414j0O5qmtL._SL160_.jpg",
        "detailPageURL": "https://www.amazon.com/dp/B0CFG2B7N2",
        "rating": "",
        "totalReviews": "",
        "subtitle": "SpaScriptions",
        "isPrimeEligible": "1"
    },
    {
        "ASIN": "B088S8GMWP",
        "title": "Sol de Janeiro Bum Bum Body Scrub 220g/7.8 oz.",
        "price": "$42.00 ($5.45 / Ounce)",
        "listPrice": "",
        "imageUrl": "https://m.media-amazon.com/images/I/41IXHd5pR5L._SL160_.jpg",
        "detailPageURL": "https://www.amazon.com/dp/B088S8GMWP",
        "rating": "4.7",
        "totalReviews": "1588",
        "subtitle": "SOL DE JANEIRO",
        "isPrimeEligible": "1"
    },
    {
        "ASIN": "B01MSU9K2J",
        "title": "HERBIVORE Coco Rose Exfoliating Body Scrub \u2013 Cleansing Detox with Pink Clay, Moisturizing Coconut Oil & Shea Butter, Plant-based, Vegan, Cruelty-Free, 8 oz",
        "price": "$40.00 ($5.00 / Ounce)",
        "listPrice": "",
        "imageUrl": "https://m.media-amazon.com/images/I/41OWwEkzhJL._SL160_.jpg",
        "detailPageURL": "https://www.amazon.com/dp/B01MSU9K2J",
        "rating": "4.5",
        "totalReviews": "168",
        "subtitle": "HERBIVORE",
        "isPrimeEligible": "1"
    },
    {
        "ASIN": "B0CCSSMY5N",
        "title": "Shea Moisture Daily Hydration Creme Sugar Body Exfoliator Scrub - Virgin Coconut Oil Body Wash Scrub with Coconut Milk & Acacia Senegal, Coconut Body Scrub for Men and Women, 8 Fl Oz (Pack of 2)",
        "price": "$22.98 ($1.44 / Fl Oz)",
        "listPrice": "$28.99 ($1.81 / Fl Oz)",
        "imageUrl": "https://m.media-amazon.com/images/I/51GCSWbKBcL._SL160_.jpg",
        "detailPageURL": "https://www.amazon.com/dp/B0CCSSMY5N",
        "rating": "4.6",
        "totalReviews": "999",
        "subtitle": "SheaMoisture",
        "isPrimeEligible": "1"
    },
    {
        "ASIN": "B09SXXDQ3C",
        "title": "Tea Tree Body Scrub Exfoliator - Dead Sea Salt Scrub Body Exfoliator with Nourishing Tea Tree Oil for Skin - Deep Exfoliating Foot Scrub for Pedicure and Invigorating Dry Skin Exfoliator for Body Care",
        "price": "$9.95 ($1.00 / Ounce)",
        "listPrice": "",
        "imageUrl": "https://m.media-amazon.com/images/I/41ce0QSCVhL._SL160_.jpg",
        "detailPageURL": "https://www.amazon.com/dp/B09SXXDQ3C",
        "rating": "4.3",
        "totalReviews": "858",
        "subtitle": "Maple Holistics",
        "isPrimeEligible": "1"
    },
    {
        "ASIN": "B0BQPPY9RY",
        "title": "N\u00e9cessaire The Body Exfoliator. Bergamot. AHA/BHA/PHA. Activated Charcoal. Erase KP. Smooth Rough Patches. Release Ingrowns. Hypoallergenic. Dermatologist-Tested. Non-Comedogenic. 180 ml / 6.1 fl oz",
        "price": "$30.00 ($4.92 / Ounce)",
        "listPrice": "",
        "imageUrl": "https://m.media-amazon.com/images/I/31JemV2VPSL._SL160_.jpg",
        "detailPageURL": "https://www.amazon.com/dp/B0BQPPY9RY",
        "rating": "4.6",
        "totalReviews": "167",
        "subtitle": "N\u00e9cessaire",
        "isPrimeEligible": "1"
    },
    {
        "ASIN": "B0BJ19LLWJ",
        "title": "Aveeno Stress Relief Body Scrub, Exfoliating Body Wash for Softer, Smoother Skin, Formulated with Prebiotic Oat & Lavender Scent to Calm & Relax, Sulfate-Free & Soap-Free, 8 fl. Oz",
        "price": "$7.99 ($1.00 / Ounce)",
        "listPrice": "",
        "imageUrl": "https://m.media-amazon.com/images/I/31vjDb54kmL._SL160_.jpg",
        "detailPageURL": "https://www.amazon.com/dp/B0BJ19LLWJ",
        "rating": "4.7",
        "totalReviews": "105",
        "subtitle": "Aveeno",
        "isPrimeEligible": "1"
    },
    {
        "ASIN": "B00UOLBEAA",
        "title": "Neutrogena Body Clear Oil Free Acne Body Scrub with Salicylic Acid Acne Treatment Medicine, Exfoliating Salicylic Acid Body Wash to Treat Acne on Back, Chest, and Shoulders, 8.5 fl. oz",
        "price": "$8.94 ($1.05 / Fl Oz)",
        "listPrice": "$10.50 ($1.24 / Fl Oz)",
        "imageUrl": "https://m.media-amazon.com/images/I/31hNjGtPqFL._SL160_.jpg",
        "detailPageURL": "https://www.amazon.com/dp/B00UOLBEAA",
        "rating": "4.6",
        "totalReviews": "462",
        "subtitle": "Neutrogena",
        "isPrimeEligible": "1"
    },
    {
        "ASIN": "B09PJ3CPVH",
        "title": "OGX Sensitive + Pink Sea Salt & Rosewater Sulfate-Free Soothing Body Scrub with Healing Rose Quartz, Gentle Exfoliating Daily Body Wash to Soften & Smooth Skin, 19.5 Fl Oz (pack of 3)",
        "price": "$18.67 ($0.32 / Fl Oz)",
        "listPrice": "$20.92 ($0.36 / Fl Oz)",
        "imageUrl": "https://m.media-amazon.com/images/I/41vn8-+X37L._SL160_.jpg",
        "detailPageURL": "https://www.amazon.com/dp/B09PJ3CPVH",
        "rating": "4.5",
        "totalReviews": "26727",
        "subtitle": "OGX",
        "isPrimeEligible": "1"
    },
    {
        "ASIN": "B0CFG2B7N2",
        "title": "Spascriptions Lavender & Melatonin Calming Body Scrub, 21 oz, Ultra Hydrating and Exfoliating Scrub for Nourishing Essential Body Care",
        "price": "$7.99 ($0.38 / Ounce)",
        "listPrice": "",
        "imageUrl": "https://m.media-amazon.com/images/I/414j0O5qmtL._SL160_.jpg",
        "detailPageURL": "https://www.amazon.com/dp/B0CFG2B7N2",
        "rating": "",
        "totalReviews": "",
        "subtitle": "SpaScriptions",
        "isPrimeEligible": "1"
    },
    {
        "ASIN": "B088S8GMWP",
        "title": "Sol de Janeiro Bum Bum Body Scrub 220g/7.8 oz.",
        "price": "$42.00 ($5.45 / Ounce)",
        "listPrice": "",
        "imageUrl": "https://m.media-amazon.com/images/I/41IXHd5pR5L._SL160_.jpg",
        "detailPageURL": "https://www.amazon.com/dp/B088S8GMWP",
        "rating": "4.7",
        "totalReviews": "1588",
        "subtitle": "SOL DE JANEIRO",
        "isPrimeEligible": "1"
    },
    {
        "ASIN": "B01MSU9K2J",
        "title": "HERBIVORE Coco Rose Exfoliating Body Scrub \u2013 Cleansing Detox with Pink Clay, Moisturizing Coconut Oil & Shea Butter, Plant-based, Vegan, Cruelty-Free, 8 oz",
        "price": "$40.00 ($5.00 / Ounce)",
        "listPrice": "",
        "imageUrl": "https://m.media-amazon.com/images/I/41OWwEkzhJL._SL160_.jpg",
        "detailPageURL": "https://www.amazon.com/dp/B01MSU9K2J",
        "rating": "4.5",
        "totalReviews": "168",
        "subtitle": "HERBIVORE",
        "isPrimeEligible": "1"
    },
    {
        "ASIN": "B0CCSSMY5N",
        "title": "Shea Moisture Daily Hydration Creme Sugar Body Exfoliator Scrub - Virgin Coconut Oil Body Wash Scrub with Coconut Milk & Acacia Senegal, Coconut Body Scrub for Men and Women, 8 Fl Oz (Pack of 2)",
        "price": "$22.98 ($1.44 / Fl Oz)",
        "listPrice": "$28.99 ($1.81 / Fl Oz)",
        "imageUrl": "https://m.media-amazon.com/images/I/51GCSWbKBcL._SL160_.jpg",
        "detailPageURL": "https://www.amazon.com/dp/B0CCSSMY5N",
        "rating": "4.6",
        "totalReviews": "999",
        "subtitle": "SheaMoisture",
        "isPrimeEligible": "1"
    },
    {
        "ASIN": "B07D3DFKY6",
        "title": "BODHI HANDMADE SOAP Eucalyptus Spa Charcoal Detox Whipped Soap Body Scrub, 14 OZ",
        "price": "$13.00 ($0.93 / Ounce)",
        "listPrice": "$13.95 ($1.00 / Ounce)",
        "imageUrl": "https://m.media-amazon.com/images/I/4129nu0LmGS._SL160_.jpg",
        "detailPageURL": "https://www.amazon.com/dp/B07D3DFKY6",
        "rating": "4.4",
        "totalReviews": "97",
        "subtitle": "BODHI",
        "isPrimeEligible": "1"
    },
    {
        "ASIN": "B0BQPPY9RY",
        "title": "N\u00e9cessaire The Body Exfoliator. Bergamot. AHA/BHA/PHA. Activated Charcoal. Erase KP. Smooth Rough Patches. Release Ingrowns. Hypoallergenic. Dermatologist-Tested. Non-Comedogenic. 180 ml / 6.1 fl oz",
        "price": "$30.00 ($4.92 / Ounce)",
        "listPrice": "",
        "imageUrl": "https://m.media-amazon.com/images/I/31JemV2VPSL._SL160_.jpg",
        "detailPageURL": "https://www.amazon.com/dp/B0BQPPY9RY",
        "rating": "4.6",
        "totalReviews": "167",
        "subtitle": "N\u00e9cessaire",
        "isPrimeEligible": "1"
    },
    {
        "ASIN": "B0BJ19LLWJ",
        "title": "Aveeno Stress Relief Body Scrub, Exfoliating Body Wash for Softer, Smoother Skin, Formulated with Prebiotic Oat & Lavender Scent to Calm & Relax, Sulfate-Free & Soap-Free, 8 fl. Oz",
        "price": "$7.99 ($1.00 / Ounce)",
        "listPrice": "",
        "imageUrl": "https://m.media-amazon.com/images/I/31vjDb54kmL._SL160_.jpg",
        "detailPageURL": "https://www.amazon.com/dp/B0BJ19LLWJ",
        "rating": "4.7",
        "totalReviews": "105",
        "subtitle": "Aveeno",
        "isPrimeEligible": "1"
    },
    {
        "ASIN": "B00UOLBEAA",
        "title": "Neutrogena Body Clear Oil Free Acne Body Scrub with Salicylic Acid Acne Treatment Medicine, Exfoliating Salicylic Acid Body Wash to Treat Acne on Back, Chest, and Shoulders, 8.5 fl. oz",
        "price": "$8.94 ($1.05 / Fl Oz)",
        "listPrice": "$10.50 ($1.24 / Fl Oz)",
        "imageUrl": "https://m.media-amazon.com/images/I/31hNjGtPqFL._SL160_.jpg",
        "detailPageURL": "https://www.amazon.com/dp/B00UOLBEAA",
        "rating": "4.6",
        "totalReviews": "462",
        "subtitle": "Neutrogena",
        "isPrimeEligible": "1"
    },
    {
        "ASIN": "B09PJ3CPVH",
        "title": "OGX Sensitive + Pink Sea Salt & Rosewater Sulfate-Free Soothing Body Scrub with Healing Rose Quartz, Gentle Exfoliating Daily Body Wash to Soften & Smooth Skin, 19.5 Fl Oz (pack of 3)",
        "price": "$18.67 ($0.32 / Fl Oz)",
        "listPrice": "$20.92 ($0.36 / Fl Oz)",
        "imageUrl": "https://m.media-amazon.com/images/I/41vn8-+X37L._SL160_.jpg",
        "detailPageURL": "https://www.amazon.com/dp/B09PJ3CPVH",
        "rating": "4.5",
        "totalReviews": "26727",
        "subtitle": "OGX",
        "isPrimeEligible": "1"
    },
    {
        "ASIN": "B0CFG2B7N2",
        "title": "Spascriptions Lavender & Melatonin Calming Body Scrub, 21 oz, Ultra Hydrating and Exfoliating Scrub for Nourishing Essential Body Care",
        "price": "$7.99 ($0.38 / Ounce)",
        "listPrice": "",
        "imageUrl": "https://m.media-amazon.com/images/I/414j0O5qmtL._SL160_.jpg",
        "detailPageURL": "https://www.amazon.com/dp/B0CFG2B7N2",
        "rating": "",
        "totalReviews": "",
        "subtitle": "SpaScriptions",
        "isPrimeEligible": "1"
    },
    {
        "ASIN": "B088S8GMWP",
        "title": "Sol de Janeiro Bum Bum Body Scrub 220g/7.8 oz.",
        "price": "$42.00 ($5.45 / Ounce)",
        "listPrice": "",
        "imageUrl": "https://m.media-amazon.com/images/I/41IXHd5pR5L._SL160_.jpg",
        "detailPageURL": "https://www.amazon.com/dp/B088S8GMWP",
        "rating": "4.7",
        "totalReviews": "1588",
        "subtitle": "SOL DE JANEIRO",
        "isPrimeEligible": "1"
    },
    {
        "ASIN": "B01MSU9K2J",
        "title": "HERBIVORE Coco Rose Exfoliating Body Scrub \u2013 Cleansing Detox with Pink Clay, Moisturizing Coconut Oil & Shea Butter, Plant-based, Vegan, Cruelty-Free, 8 oz",
        "price": "$40.00 ($5.00 / Ounce)",
        "listPrice": "",
        "imageUrl": "https://m.media-amazon.com/images/I/41OWwEkzhJL._SL160_.jpg",
        "detailPageURL": "https://www.amazon.com/dp/B01MSU9K2J",
        "rating": "4.5",
        "totalReviews": "168",
        "subtitle": "HERBIVORE",
        "isPrimeEligible": "1"
    },
    {
        "ASIN": "B0CCSSMY5N",
        "title": "Shea Moisture Daily Hydration Creme Sugar Body Exfoliator Scrub - Virgin Coconut Oil Body Wash Scrub with Coconut Milk & Acacia Senegal, Coconut Body Scrub for Men and Women, 8 Fl Oz (Pack of 2)",
        "price": "$22.98 ($1.44 / Fl Oz)",
        "listPrice": "$28.99 ($1.81 / Fl Oz)",
        "imageUrl": "https://m.media-amazon.com/images/I/51GCSWbKBcL._SL160_.jpg",
        "detailPageURL": "https://www.amazon.com/dp/B0CCSSMY5N",
        "rating": "4.6",
        "totalReviews": "999",
        "subtitle": "SheaMoisture",
        "isPrimeEligible": "1"
    },
    {
        "ASIN": "B07D3DFKY6",
        "title": "BODHI HANDMADE SOAP Eucalyptus Spa Charcoal Detox Whipped Soap Body Scrub, 14 OZ",
        "price": "$13.00 ($0.93 / Ounce)",
        "listPrice": "$13.95 ($1.00 / Ounce)",
        "imageUrl": "https://m.media-amazon.com/images/I/4129nu0LmGS._SL160_.jpg",
        "detailPageURL": "https://www.amazon.com/dp/B07D3DFKY6",
        "rating": "4.4",
        "totalReviews": "97",
        "subtitle": "BODHI",
        "isPrimeEligible": "1"
    },
    {
        "ASIN": "B07GQ4W15V",
        "title": "Brooklyn Botany Dead Sea Salt and Arabica Coffee Body Scrub - Moisturizing and Exfoliating Body, Face, Hand, Foot Scrub - Fights Stretch Marks, Fine Lines, Wrinkles - Great Gifts for Women & Men - 10 oz",
        "price": "$9.99 ($0.95 / Ounce)",
        "listPrice": "",
        "imageUrl": "https://m.media-amazon.com/images/I/516rss6SD6L._SL160_.jpg",
        "detailPageURL": "https://www.amazon.com/dp/B07GQ4W15V",
        "rating": "4.1",
        "totalReviews": "9018",
        "subtitle": "Brooklyn Botany",
        "isPrimeEligible": "1"
    },
    {
        "ASIN": "B0BJ19LLWJ",
        "title": "Aveeno Stress Relief Body Scrub, Exfoliating Body Wash for Softer, Smoother Skin, Formulated with Prebiotic Oat & Lavender Scent to Calm & Relax, Sulfate-Free & Soap-Free, 8 fl. Oz",
        "price": "$7.99 ($1.00 / Ounce)",
        "listPrice": "",
        "imageUrl": "https://m.media-amazon.com/images/I/31vjDb54kmL._SL160_.jpg",
        "detailPageURL": "https://www.amazon.com/dp/B0BJ19LLWJ",
        "rating": "4.7",
        "totalReviews": "105",
        "subtitle": "Aveeno",
        "isPrimeEligible": "1"
    },
    {
        "ASIN": "B00UOLBEAA",
        "title": "Neutrogena Body Clear Oil Free Acne Body Scrub with Salicylic Acid Acne Treatment Medicine, Exfoliating Salicylic Acid Body Wash to Treat Acne on Back, Chest, and Shoulders, 8.5 fl. oz",
        "price": "$8.94 ($1.05 / Fl Oz)",
        "listPrice": "$10.50 ($1.24 / Fl Oz)",
        "imageUrl": "https://m.media-amazon.com/images/I/31hNjGtPqFL._SL160_.jpg",
        "detailPageURL": "https://www.amazon.com/dp/B00UOLBEAA",
        "rating": "4.6",
        "totalReviews": "462",
        "subtitle": "Neutrogena",
        "isPrimeEligible": "1"
    },
    {
        "ASIN": "B09PJ3CPVH",
        "title": "OGX Sensitive + Pink Sea Salt & Rosewater Sulfate-Free Soothing Body Scrub with Healing Rose Quartz, Gentle Exfoliating Daily Body Wash to Soften & Smooth Skin, 19.5 Fl Oz (pack of 3)",
        "price": "$18.67 ($0.32 / Fl Oz)",
        "listPrice": "$20.92 ($0.36 / Fl Oz)",
        "imageUrl": "https://m.media-amazon.com/images/I/41vn8-+X37L._SL160_.jpg",
        "detailPageURL": "https://www.amazon.com/dp/B09PJ3CPVH",
        "rating": "4.5",
        "totalReviews": "26727",
        "subtitle": "OGX",
        "isPrimeEligible": "1"
    },
    {
        "ASIN": "B0CFG2B7N2",
        "title": "Spascriptions Lavender & Melatonin Calming Body Scrub, 21 oz, Ultra Hydrating and Exfoliating Scrub for Nourishing Essential Body Care",
        "price": "$7.99 ($0.38 / Ounce)",
        "listPrice": "",
        "imageUrl": "https://m.media-amazon.com/images/I/414j0O5qmtL._SL160_.jpg",
        "detailPageURL": "https://www.amazon.com/dp/B0CFG2B7N2",
        "rating": "",
        "totalReviews": "",
        "subtitle": "SpaScriptions",
        "isPrimeEligible": "1"
    },
    {
        "ASIN": "B088S8GMWP",
        "title": "Sol de Janeiro Bum Bum Body Scrub 220g/7.8 oz.",
        "price": "$42.00 ($5.45 / Ounce)",
        "listPrice": "",
        "imageUrl": "https://m.media-amazon.com/images/I/41IXHd5pR5L._SL160_.jpg",
        "detailPageURL": "https://www.amazon.com/dp/B088S8GMWP",
        "rating": "4.7",
        "totalReviews": "1588",
        "subtitle": "SOL DE JANEIRO",
        "isPrimeEligible": "1"
    },
    {
        "ASIN": "B01MSU9K2J",
        "title": "HERBIVORE Coco Rose Exfoliating Body Scrub \u2013 Cleansing Detox with Pink Clay, Moisturizing Coconut Oil & Shea Butter, Plant-based, Vegan, Cruelty-Free, 8 oz",
        "price": "$40.00 ($5.00 / Ounce)",
        "listPrice": "",
        "imageUrl": "https://m.media-amazon.com/images/I/41OWwEkzhJL._SL160_.jpg",
        "detailPageURL": "https://www.amazon.com/dp/B01MSU9K2J",
        "rating": "4.5",
        "totalReviews": "168",
        "subtitle": "HERBIVORE",
        "isPrimeEligible": "1"
    },
    {
        "ASIN": "B0CCSSMY5N",
        "title": "Shea Moisture Daily Hydration Creme Sugar Body Exfoliator Scrub - Virgin Coconut Oil Body Wash Scrub with Coconut Milk & Acacia Senegal, Coconut Body Scrub for Men and Women, 8 Fl Oz (Pack of 2)",
        "price": "$22.98 ($1.44 / Fl Oz)",
        "listPrice": "$28.99 ($1.81 / Fl Oz)",
        "imageUrl": "https://m.media-amazon.com/images/I/51GCSWbKBcL._SL160_.jpg",
        "detailPageURL": "https://www.amazon.com/dp/B0CCSSMY5N",
        "rating": "4.6",
        "totalReviews": "999",
        "subtitle": "SheaMoisture",
        "isPrimeEligible": "1"
    },
    {
        "ASIN": "B07D3DFKY6",
        "title": "BODHI HANDMADE SOAP Eucalyptus Spa Charcoal Detox Whipped Soap Body Scrub, 14 OZ",
        "price": "$13.00 ($0.93 / Ounce)",
        "listPrice": "$13.95 ($1.00 / Ounce)",
        "imageUrl": "https://m.media-amazon.com/images/I/4129nu0LmGS._SL160_.jpg",
        "detailPageURL": "https://www.amazon.com/dp/B07D3DFKY6",
        "rating": "4.4",
        "totalReviews": "97",
        "subtitle": "BODHI",
        "isPrimeEligible": "1"
    },
    {
        "ASIN": "B07GQ4W15V",
        "title": "Brooklyn Botany Dead Sea Salt and Arabica Coffee Body Scrub - Moisturizing and Exfoliating Body, Face, Hand, Foot Scrub - Fights Stretch Marks, Fine Lines, Wrinkles - Great Gifts for Women & Men - 10 oz",
        "price": "$9.99 ($0.95 / Ounce)",
        "listPrice": "",
        "imageUrl": "https://m.media-amazon.com/images/I/516rss6SD6L._SL160_.jpg",
        "detailPageURL": "https://www.amazon.com/dp/B07GQ4W15V",
        "rating": "4.1",
        "totalReviews": "9018",
        "subtitle": "Brooklyn Botany",
        "isPrimeEligible": "1"
    },
    {
        "ASIN": "B0BXVCVZ6S",
        "title": "SheaMoisture Body Scrub for Dull Skin Illuminating Coconut and Hibiscus Cruelty-Free Skin Care 20 oz",
        "price": "$15.82 ($0.79 / Ounce)",
        "listPrice": "$17.99 ($0.90 / Ounce)",
        "imageUrl": "https://m.media-amazon.com/images/I/61jr03uysvL._SL160_.jpg",
        "detailPageURL": "https://www.amazon.com/dp/B0BXVCVZ6S",
        "rating": "4.8",
        "totalReviews": "37",
        "subtitle": "SheaMoisture",
        "isPrimeEligible": "1"
    },
    {
        "ASIN": "B00UOLBEAA",
        "title": "Neutrogena Body Clear Oil Free Acne Body Scrub with Salicylic Acid Acne Treatment Medicine, Exfoliating Salicylic Acid Body Wash to Treat Acne on Back, Chest, and Shoulders, 8.5 fl. oz",
        "price": "$8.94 ($1.05 / Fl Oz)",
        "listPrice": "$10.50 ($1.24 / Fl Oz)",
        "imageUrl": "https://m.media-amazon.com/images/I/31hNjGtPqFL._SL160_.jpg",
        "detailPageURL": "https://www.amazon.com/dp/B00UOLBEAA",
        "rating": "4.6",
        "totalReviews": "462",
        "subtitle": "Neutrogena",
        "isPrimeEligible": "1"
    },
    {
        "ASIN": "B09PJ3CPVH",
        "title": "OGX Sensitive + Pink Sea Salt & Rosewater Sulfate-Free Soothing Body Scrub with Healing Rose Quartz, Gentle Exfoliating Daily Body Wash to Soften & Smooth Skin, 19.5 Fl Oz (pack of 3)",
        "price": "$18.67 ($0.32 / Fl Oz)",
        "listPrice": "$20.92 ($0.36 / Fl Oz)",
        "imageUrl": "https://m.media-amazon.com/images/I/41vn8-+X37L._SL160_.jpg",
        "detailPageURL": "https://www.amazon.com/dp/B09PJ3CPVH",
        "rating": "4.5",
        "totalReviews": "26727",
        "subtitle": "OGX",
        "isPrimeEligible": "1"
    },
    {
        "ASIN": "B0CFG2B7N2",
        "title": "Spascriptions Lavender & Melatonin Calming Body Scrub, 21 oz, Ultra Hydrating and Exfoliating Scrub for Nourishing Essential Body Care",
        "price": "$7.99 ($0.38 / Ounce)",
        "listPrice": "",
        "imageUrl": "https://m.media-amazon.com/images/I/414j0O5qmtL._SL160_.jpg",
        "detailPageURL": "https://www.amazon.com/dp/B0CFG2B7N2",
        "rating": "",
        "totalReviews": "",
        "subtitle": "SpaScriptions",
        "isPrimeEligible": "1"
    },
    {
        "ASIN": "B088S8GMWP",
        "title": "Sol de Janeiro Bum Bum Body Scrub 220g/7.8 oz.",
        "price": "$42.00 ($5.45 / Ounce)",
        "listPrice": "",
        "imageUrl": "https://m.media-amazon.com/images/I/41IXHd5pR5L._SL160_.jpg",
        "detailPageURL": "https://www.amazon.com/dp/B088S8GMWP",
        "rating": "4.7",
        "totalReviews": "1588",
        "subtitle": "SOL DE JANEIRO",
        "isPrimeEligible": "1"
    },
    {
        "ASIN": "B01MSU9K2J",
        "title": "HERBIVORE Coco Rose Exfoliating Body Scrub \u2013 Cleansing Detox with Pink Clay, Moisturizing Coconut Oil & Shea Butter, Plant-based, Vegan, Cruelty-Free, 8 oz",
        "price": "$40.00 ($5.00 / Ounce)",
        "listPrice": "",
        "imageUrl": "https://m.media-amazon.com/images/I/41OWwEkzhJL._SL160_.jpg",
        "detailPageURL": "https://www.amazon.com/dp/B01MSU9K2J",
        "rating": "4.5",
        "totalReviews": "168",
        "subtitle": "HERBIVORE",
        "isPrimeEligible": "1"
    },
    {
        "ASIN": "B0CCSSMY5N",
        "title": "Shea Moisture Daily Hydration Creme Sugar Body Exfoliator Scrub - Virgin Coconut Oil Body Wash Scrub with Coconut Milk & Acacia Senegal, Coconut Body Scrub for Men and Women, 8 Fl Oz (Pack of 2)",
        "price": "$22.98 ($1.44 / Fl Oz)",
        "listPrice": "$28.99 ($1.81 / Fl Oz)",
        "imageUrl": "https://m.media-amazon.com/images/I/51GCSWbKBcL._SL160_.jpg",
        "detailPageURL": "https://www.amazon.com/dp/B0CCSSMY5N",
        "rating": "4.6",
        "totalReviews": "999",
        "subtitle": "SheaMoisture",
        "isPrimeEligible": "1"
    },
    {
        "ASIN": "B07D3DFKY6",
        "title": "BODHI HANDMADE SOAP Eucalyptus Spa Charcoal Detox Whipped Soap Body Scrub, 14 OZ",
        "price": "$13.00 ($0.93 / Ounce)",
        "listPrice": "$13.95 ($1.00 / Ounce)",
        "imageUrl": "https://m.media-amazon.com/images/I/4129nu0LmGS._SL160_.jpg",
        "detailPageURL": "https://www.amazon.com/dp/B07D3DFKY6",
        "rating": "4.4",
        "totalReviews": "97",
        "subtitle": "BODHI",
        "isPrimeEligible": "1"
    },
    {
        "ASIN": "B07GQ4W15V",
        "title": "Brooklyn Botany Dead Sea Salt and Arabica Coffee Body Scrub - Moisturizing and Exfoliating Body, Face, Hand, Foot Scrub - Fights Stretch Marks, Fine Lines, Wrinkles - Great Gifts for Women & Men - 10 oz",
        "price": "$9.99 ($0.95 / Ounce)",
        "listPrice": "",
        "imageUrl": "https://m.media-amazon.com/images/I/516rss6SD6L._SL160_.jpg",
        "detailPageURL": "https://www.amazon.com/dp/B07GQ4W15V",
        "rating": "4.1",
        "totalReviews": "9018",
        "subtitle": "Brooklyn Botany",
        "isPrimeEligible": "1"
    },
    {
        "ASIN": "B0BXVCVZ6S",
        "title": "SheaMoisture Body Scrub for Dull Skin Illuminating Coconut and Hibiscus Cruelty-Free Skin Care 20 oz",
        "price": "$15.82 ($0.79 / Ounce)",
        "listPrice": "$17.99 ($0.90 / Ounce)",
        "imageUrl": "https://m.media-amazon.com/images/I/61jr03uysvL._SL160_.jpg",
        "detailPageURL": "https://www.amazon.com/dp/B0BXVCVZ6S",
        "rating": "4.8",
        "totalReviews": "37",
        "subtitle": "SheaMoisture",
        "isPrimeEligible": "1"
    },
    {
        "ASIN": "B016WX7XV2",
        "title": "ASUTRA Dead Sea Salt Body Scrub Exfoliator (Vitamin C), NEW BIGGER 16 oz size | Ultra Hydrating, Gentle, & Moisturizing | Coconut, Sweet Orange, Grapefruit, and Lemon Oils | Includes Wooden Spoon | Great Gifts for Women & Men",
        "price": "$21.99 ($1.37 / Ounce)",
        "listPrice": "",
        "imageUrl": "https://m.media-amazon.com/images/I/41Pi9UzakRS._SL160_.jpg",
        "detailPageURL": "https://www.amazon.com/dp/B016WX7XV2",
        "rating": "4.4",
        "totalReviews": "3358",
        "subtitle": "ASUTRA",
        "isPrimeEligible": "1"
    },
    {
        "ASIN": "B09PJ3CPVH",
        "title": "OGX Sensitive + Pink Sea Salt & Rosewater Sulfate-Free Soothing Body Scrub with Healing Rose Quartz, Gentle Exfoliating Daily Body Wash to Soften & Smooth Skin, 19.5 Fl Oz (pack of 3)",
        "price": "$18.67 ($0.32 / Fl Oz)",
        "listPrice": "$20.92 ($0.36 / Fl Oz)",
        "imageUrl": "https://m.media-amazon.com/images/I/41vn8-+X37L._SL160_.jpg",
        "detailPageURL": "https://www.amazon.com/dp/B09PJ3CPVH",
        "rating": "4.5",
        "totalReviews": "26727",
        "subtitle": "OGX",
        "isPrimeEligible": "1"
    },
    {
        "ASIN": "B0CFG2B7N2",
        "title": "Spascriptions Lavender & Melatonin Calming Body Scrub, 21 oz, Ultra Hydrating and Exfoliating Scrub for Nourishing Essential Body Care",
        "price": "$7.99 ($0.38 / Ounce)",
        "listPrice": "",
        "imageUrl": "https://m.media-amazon.com/images/I/414j0O5qmtL._SL160_.jpg",
        "detailPageURL": "https://www.amazon.com/dp/B0CFG2B7N2",
        "rating": "",
        "totalReviews": "",
        "subtitle": "SpaScriptions",
        "isPrimeEligible": "1"
    },
    {
        "ASIN": "B088S8GMWP",
        "title": "Sol de Janeiro Bum Bum Body Scrub 220g/7.8 oz.",
        "price": "$42.00 ($5.45 / Ounce)",
        "listPrice": "",
        "imageUrl": "https://m.media-amazon.com/images/I/41IXHd5pR5L._SL160_.jpg",
        "detailPageURL": "https://www.amazon.com/dp/B088S8GMWP",
        "rating": "4.7",
        "totalReviews": "1588",
        "subtitle": "SOL DE JANEIRO",
        "isPrimeEligible": "1"
    },
    {
        "ASIN": "B01MSU9K2J",
        "title": "HERBIVORE Coco Rose Exfoliating Body Scrub \u2013 Cleansing Detox with Pink Clay, Moisturizing Coconut Oil & Shea Butter, Plant-based, Vegan, Cruelty-Free, 8 oz",
        "price": "$40.00 ($5.00 / Ounce)",
        "listPrice": "",
        "imageUrl": "https://m.media-amazon.com/images/I/41OWwEkzhJL._SL160_.jpg",
        "detailPageURL": "https://www.amazon.com/dp/B01MSU9K2J",
        "rating": "4.5",
        "totalReviews": "168",
        "subtitle": "HERBIVORE",
        "isPrimeEligible": "1"
    },
    {
        "ASIN": "B0CCSSMY5N",
        "title": "Shea Moisture Daily Hydration Creme Sugar Body Exfoliator Scrub - Virgin Coconut Oil Body Wash Scrub with Coconut Milk & Acacia Senegal, Coconut Body Scrub for Men and Women, 8 Fl Oz (Pack of 2)",
        "price": "$22.98 ($1.44 / Fl Oz)",
        "listPrice": "$28.99 ($1.81 / Fl Oz)",
        "imageUrl": "https://m.media-amazon.com/images/I/51GCSWbKBcL._SL160_.jpg",
        "detailPageURL": "https://www.amazon.com/dp/B0CCSSMY5N",
        "rating": "4.6",
        "totalReviews": "999",
        "subtitle": "SheaMoisture",
        "isPrimeEligible": "1"
    },
    {
        "ASIN": "B07D3DFKY6",
        "title": "BODHI HANDMADE SOAP Eucalyptus Spa Charcoal Detox Whipped Soap Body Scrub, 14 OZ",
        "price": "$13.00 ($0.93 / Ounce)",
        "listPrice": "$13.95 ($1.00 / Ounce)",
        "imageUrl": "https://m.media-amazon.com/images/I/4129nu0LmGS._SL160_.jpg",
        "detailPageURL": "https://www.amazon.com/dp/B07D3DFKY6",
        "rating": "4.4",
        "totalReviews": "97",
        "subtitle": "BODHI",
        "isPrimeEligible": "1"
    },
    {
        "ASIN": "B07GQ4W15V",
        "title": "Brooklyn Botany Dead Sea Salt and Arabica Coffee Body Scrub - Moisturizing and Exfoliating Body, Face, Hand, Foot Scrub - Fights Stretch Marks, Fine Lines, Wrinkles - Great Gifts for Women & Men - 10 oz",
        "price": "$9.99 ($0.95 / Ounce)",
        "listPrice": "",
        "imageUrl": "https://m.media-amazon.com/images/I/516rss6SD6L._SL160_.jpg",
        "detailPageURL": "https://www.amazon.com/dp/B07GQ4W15V",
        "rating": "4.1",
        "totalReviews": "9018",
        "subtitle": "Brooklyn Botany",
        "isPrimeEligible": "1"
    },
    {
        "ASIN": "B0BXVCVZ6S",
        "title": "SheaMoisture Body Scrub for Dull Skin Illuminating Coconut and Hibiscus Cruelty-Free Skin Care 20 oz",
        "price": "$15.82 ($0.79 / Ounce)",
        "listPrice": "$17.99 ($0.90 / Ounce)",
        "imageUrl": "https://m.media-amazon.com/images/I/61jr03uysvL._SL160_.jpg",
        "detailPageURL": "https://www.amazon.com/dp/B0BXVCVZ6S",
        "rating": "4.8",
        "totalReviews": "37",
        "subtitle": "SheaMoisture",
        "isPrimeEligible": "1"
    },
    {
        "ASIN": "B016WX7XV2",
        "title": "ASUTRA Dead Sea Salt Body Scrub Exfoliator (Vitamin C), NEW BIGGER 16 oz size | Ultra Hydrating, Gentle, & Moisturizing | Coconut, Sweet Orange, Grapefruit, and Lemon Oils | Includes Wooden Spoon | Great Gifts for Women & Men",
        "price": "$21.99 ($1.37 / Ounce)",
        "listPrice": "",
        "imageUrl": "https://m.media-amazon.com/images/I/41Pi9UzakRS._SL160_.jpg",
        "detailPageURL": "https://www.amazon.com/dp/B016WX7XV2",
        "rating": "4.4",
        "totalReviews": "3358",
        "subtitle": "ASUTRA",
        "isPrimeEligible": "1"
    },
    {
        "ASIN": "B0C73G1P3H",
        "title": "Turmeric Lemon Body Scrub - Natural Exfoliating Salt Scrub for Hands and Body | For All Skin Types | Gentle Exfoliation | 3.53 oz",
        "price": "$14.99 ($4.26 / Ounce)",
        "listPrice": "",
        "imageUrl": "https://m.media-amazon.com/images/I/41swOBNgVrL._SL160_.jpg",
        "detailPageURL": "https://www.amazon.com/dp/B0C73G1P3H",
        "rating": "4.4",
        "totalReviews": "23",
        "subtitle": "Motor City Organics",
        "isPrimeEligible": "1"
    },
    {
        "ASIN": "B0CFG2B7N2",
        "title": "Spascriptions Lavender & Melatonin Calming Body Scrub, 21 oz, Ultra Hydrating and Exfoliating Scrub for Nourishing Essential Body Care",
        "price": "$7.99 ($0.38 / Ounce)",
        "listPrice": "",
        "imageUrl": "https://m.media-amazon.com/images/I/414j0O5qmtL._SL160_.jpg",
        "detailPageURL": "https://www.amazon.com/dp/B0CFG2B7N2",
        "rating": "",
        "totalReviews": "",
        "subtitle": "SpaScriptions",
        "isPrimeEligible": "1"
    },
    {
        "ASIN": "B088S8GMWP",
        "title": "Sol de Janeiro Bum Bum Body Scrub 220g/7.8 oz.",
        "price": "$42.00 ($5.45 / Ounce)",
        "listPrice": "",
        "imageUrl": "https://m.media-amazon.com/images/I/41IXHd5pR5L._SL160_.jpg",
        "detailPageURL": "https://www.amazon.com/dp/B088S8GMWP",
        "rating": "4.7",
        "totalReviews": "1588",
        "subtitle": "SOL DE JANEIRO",
        "isPrimeEligible": "1"
    },
    {
        "ASIN": "B01MSU9K2J",
        "title": "HERBIVORE Coco Rose Exfoliating Body Scrub \u2013 Cleansing Detox with Pink Clay, Moisturizing Coconut Oil & Shea Butter, Plant-based, Vegan, Cruelty-Free, 8 oz",
        "price": "$40.00 ($5.00 / Ounce)",
        "listPrice": "",
        "imageUrl": "https://m.media-amazon.com/images/I/41OWwEkzhJL._SL160_.jpg",
        "detailPageURL": "https://www.amazon.com/dp/B01MSU9K2J",
        "rating": "4.5",
        "totalReviews": "168",
        "subtitle": "HERBIVORE",
        "isPrimeEligible": "1"
    },
    {
        "ASIN": "B0CCSSMY5N",
        "title": "Shea Moisture Daily Hydration Creme Sugar Body Exfoliator Scrub - Virgin Coconut Oil Body Wash Scrub with Coconut Milk & Acacia Senegal, Coconut Body Scrub for Men and Women, 8 Fl Oz (Pack of 2)",
        "price": "$22.98 ($1.44 / Fl Oz)",
        "listPrice": "$28.99 ($1.81 / Fl Oz)",
        "imageUrl": "https://m.media-amazon.com/images/I/51GCSWbKBcL._SL160_.jpg",
        "detailPageURL": "https://www.amazon.com/dp/B0CCSSMY5N",
        "rating": "4.6",
        "totalReviews": "999",
        "subtitle": "SheaMoisture",
        "isPrimeEligible": "1"
    },
    {
        "ASIN": "B07D3DFKY6",
        "title": "BODHI HANDMADE SOAP Eucalyptus Spa Charcoal Detox Whipped Soap Body Scrub, 14 OZ",
        "price": "$13.00 ($0.93 / Ounce)",
        "listPrice": "$13.95 ($1.00 / Ounce)",
        "imageUrl": "https://m.media-amazon.com/images/I/4129nu0LmGS._SL160_.jpg",
        "detailPageURL": "https://www.amazon.com/dp/B07D3DFKY6",
        "rating": "4.4",
        "totalReviews": "97",
        "subtitle": "BODHI",
        "isPrimeEligible": "1"
    },
    {
        "ASIN": "B07GQ4W15V",
        "title": "Brooklyn Botany Dead Sea Salt and Arabica Coffee Body Scrub - Moisturizing and Exfoliating Body, Face, Hand, Foot Scrub - Fights Stretch Marks, Fine Lines, Wrinkles - Great Gifts for Women & Men - 10 oz",
        "price": "$9.99 ($0.95 / Ounce)",
        "listPrice": "",
        "imageUrl": "https://m.media-amazon.com/images/I/516rss6SD6L._SL160_.jpg",
        "detailPageURL": "https://www.amazon.com/dp/B07GQ4W15V",
        "rating": "4.1",
        "totalReviews": "9018",
        "subtitle": "Brooklyn Botany",
        "isPrimeEligible": "1"
    },
    {
        "ASIN": "B0BXVCVZ6S",
        "title": "SheaMoisture Body Scrub for Dull Skin Illuminating Coconut and Hibiscus Cruelty-Free Skin Care 20 oz",
        "price": "$15.82 ($0.79 / Ounce)",
        "listPrice": "$17.99 ($0.90 / Ounce)",
        "imageUrl": "https://m.media-amazon.com/images/I/61jr03uysvL._SL160_.jpg",
        "detailPageURL": "https://www.amazon.com/dp/B0BXVCVZ6S",
        "rating": "4.8",
        "totalReviews": "37",
        "subtitle": "SheaMoisture",
        "isPrimeEligible": "1"
    },
    {
        "ASIN": "B016WX7XV2",
        "title": "ASUTRA Dead Sea Salt Body Scrub Exfoliator (Vitamin C), NEW BIGGER 16 oz size | Ultra Hydrating, Gentle, & Moisturizing | Coconut, Sweet Orange, Grapefruit, and Lemon Oils | Includes Wooden Spoon | Great Gifts for Women & Men",
        "price": "$21.99 ($1.37 / Ounce)",
        "listPrice": "",
        "imageUrl": "https://m.media-amazon.com/images/I/41Pi9UzakRS._SL160_.jpg",
        "detailPageURL": "https://www.amazon.com/dp/B016WX7XV2",
        "rating": "4.4",
        "totalReviews": "3358",
        "subtitle": "ASUTRA",
        "isPrimeEligible": "1"
    },
    {
        "ASIN": "B0C73G1P3H",
        "title": "Turmeric Lemon Body Scrub - Natural Exfoliating Salt Scrub for Hands and Body | For All Skin Types | Gentle Exfoliation | 3.53 oz",
        "price": "$14.99 ($4.26 / Ounce)",
        "listPrice": "",
        "imageUrl": "https://m.media-amazon.com/images/I/41swOBNgVrL._SL160_.jpg",
        "detailPageURL": "https://www.amazon.com/dp/B0C73G1P3H",
        "rating": "4.4",
        "totalReviews": "23",
        "subtitle": "Motor City Organics",
        "isPrimeEligible": "1"
    },
    {
        "ASIN": "B07M5PKHWX",
        "title": "pureSCRUBS Premium Organic Brown Sugar VANILLA FACE & BODY SCRUB Set - Large 16oz, Infused With Organic Essential Oils, Glycolic Acid & INCLUDES Wooden Spoon, Loofah & Mini Exfoliating Bar Soap",
        "price": "$28.95 ($1.81 / Ounce)",
        "listPrice": "",
        "imageUrl": "https://m.media-amazon.com/images/I/51t3ZKTzQGL._SL160_.jpg",
        "detailPageURL": "https://www.amazon.com/dp/B07M5PKHWX",
        "rating": "4.6",
        "totalReviews": "1473",
        "subtitle": "pureSCRUBS",
        "isPrimeEligible": "1"
    },
    {
        "ASIN": "B088S8GMWP",
        "title": "Sol de Janeiro Bum Bum Body Scrub 220g/7.8 oz.",
        "price": "$42.00 ($5.45 / Ounce)",
        "listPrice": "",
        "imageUrl": "https://m.media-amazon.com/images/I/41IXHd5pR5L._SL160_.jpg",
        "detailPageURL": "https://www.amazon.com/dp/B088S8GMWP",
        "rating": "4.7",
        "totalReviews": "1588",
        "subtitle": "SOL DE JANEIRO",
        "isPrimeEligible": "1"
    },
    {
        "ASIN": "B01MSU9K2J",
        "title": "HERBIVORE Coco Rose Exfoliating Body Scrub \u2013 Cleansing Detox with Pink Clay, Moisturizing Coconut Oil & Shea Butter, Plant-based, Vegan, Cruelty-Free, 8 oz",
        "price": "$40.00 ($5.00 / Ounce)",
        "listPrice": "",
        "imageUrl": "https://m.media-amazon.com/images/I/41OWwEkzhJL._SL160_.jpg",
        "detailPageURL": "https://www.amazon.com/dp/B01MSU9K2J",
        "rating": "4.5",
        "totalReviews": "168",
        "subtitle": "HERBIVORE",
        "isPrimeEligible": "1"
    },
    {
        "ASIN": "B0CCSSMY5N",
        "title": "Shea Moisture Daily Hydration Creme Sugar Body Exfoliator Scrub - Virgin Coconut Oil Body Wash Scrub with Coconut Milk & Acacia Senegal, Coconut Body Scrub for Men and Women, 8 Fl Oz (Pack of 2)",
        "price": "$22.98 ($1.44 / Fl Oz)",
        "listPrice": "$28.99 ($1.81 / Fl Oz)",
        "imageUrl": "https://m.media-amazon.com/images/I/51GCSWbKBcL._SL160_.jpg",
        "detailPageURL": "https://www.amazon.com/dp/B0CCSSMY5N",
        "rating": "4.6",
        "totalReviews": "999",
        "subtitle": "SheaMoisture",
        "isPrimeEligible": "1"
    },
    {
        "ASIN": "B07D3DFKY6",
        "title": "BODHI HANDMADE SOAP Eucalyptus Spa Charcoal Detox Whipped Soap Body Scrub, 14 OZ",
        "price": "$13.00 ($0.93 / Ounce)",
        "listPrice": "$13.95 ($1.00 / Ounce)",
        "imageUrl": "https://m.media-amazon.com/images/I/4129nu0LmGS._SL160_.jpg",
        "detailPageURL": "https://www.amazon.com/dp/B07D3DFKY6",
        "rating": "4.4",
        "totalReviews": "97",
        "subtitle": "BODHI",
        "isPrimeEligible": "1"
    },
    {
        "ASIN": "B07GQ4W15V",
        "title": "Brooklyn Botany Dead Sea Salt and Arabica Coffee Body Scrub - Moisturizing and Exfoliating Body, Face, Hand, Foot Scrub - Fights Stretch Marks, Fine Lines, Wrinkles - Great Gifts for Women & Men - 10 oz",
        "price": "$9.99 ($0.95 / Ounce)",
        "listPrice": "",
        "imageUrl": "https://m.media-amazon.com/images/I/516rss6SD6L._SL160_.jpg",
        "detailPageURL": "https://www.amazon.com/dp/B07GQ4W15V",
        "rating": "4.1",
        "totalReviews": "9018",
        "subtitle": "Brooklyn Botany",
        "isPrimeEligible": "1"
    },
    {
        "ASIN": "B0BXVCVZ6S",
        "title": "SheaMoisture Body Scrub for Dull Skin Illuminating Coconut and Hibiscus Cruelty-Free Skin Care 20 oz",
        "price": "$15.82 ($0.79 / Ounce)",
        "listPrice": "$17.99 ($0.90 / Ounce)",
        "imageUrl": "https://m.media-amazon.com/images/I/61jr03uysvL._SL160_.jpg",
        "detailPageURL": "https://www.amazon.com/dp/B0BXVCVZ6S",
        "rating": "4.8",
        "totalReviews": "37",
        "subtitle": "SheaMoisture",
        "isPrimeEligible": "1"
    },
    {
        "ASIN": "B016WX7XV2",
        "title": "ASUTRA Dead Sea Salt Body Scrub Exfoliator (Vitamin C), NEW BIGGER 16 oz size | Ultra Hydrating, Gentle, & Moisturizing | Coconut, Sweet Orange, Grapefruit, and Lemon Oils | Includes Wooden Spoon | Great Gifts for Women & Men",
        "price": "$21.99 ($1.37 / Ounce)",
        "listPrice": "",
        "imageUrl": "https://m.media-amazon.com/images/I/41Pi9UzakRS._SL160_.jpg",
        "detailPageURL": "https://www.amazon.com/dp/B016WX7XV2",
        "rating": "4.4",
        "totalReviews": "3358",
        "subtitle": "ASUTRA",
        "isPrimeEligible": "1"
    },
    {
        "ASIN": "B0C73G1P3H",
        "title": "Turmeric Lemon Body Scrub - Natural Exfoliating Salt Scrub for Hands and Body | For All Skin Types | Gentle Exfoliation | 3.53 oz",
        "price": "$14.99 ($4.26 / Ounce)",
        "listPrice": "",
        "imageUrl": "https://m.media-amazon.com/images/I/41swOBNgVrL._SL160_.jpg",
        "detailPageURL": "https://www.amazon.com/dp/B0C73G1P3H",
        "rating": "4.4",
        "totalReviews": "23",
        "subtitle": "Motor City Organics",
        "isPrimeEligible": "1"
    },
    {
        "ASIN": "B07M5PKHWX",
        "title": "pureSCRUBS Premium Organic Brown Sugar VANILLA FACE & BODY SCRUB Set - Large 16oz, Infused With Organic Essential Oils, Glycolic Acid & INCLUDES Wooden Spoon, Loofah & Mini Exfoliating Bar Soap",
        "price": "$28.95 ($1.81 / Ounce)",
        "listPrice": "",
        "imageUrl": "https://m.media-amazon.com/images/I/51t3ZKTzQGL._SL160_.jpg",
        "detailPageURL": "https://www.amazon.com/dp/B07M5PKHWX",
        "rating": "4.6",
        "totalReviews": "1473",
        "subtitle": "pureSCRUBS",
        "isPrimeEligible": "1"
    },
    {
        "ASIN": "B0BQP7DTTL",
        "title": "Billie Body Buffer - Pre-shave Exfoliating Bar - 3.5 oz",
        "price": "$6.97 ($1.99 / Ounce)",
        "listPrice": "",
        "imageUrl": "https://m.media-amazon.com/images/I/31MU5zkSWVL._SL160_.jpg",
        "detailPageURL": "https://www.amazon.com/dp/B0BQP7DTTL",
        "rating": "4.5",
        "totalReviews": "452",
        "subtitle": "Billie",
        "isPrimeEligible": "1"
    },
    {
        "ASIN": "B01MSU9K2J",
        "title": "HERBIVORE Coco Rose Exfoliating Body Scrub \u2013 Cleansing Detox with Pink Clay, Moisturizing Coconut Oil & Shea Butter, Plant-based, Vegan, Cruelty-Free, 8 oz",
        "price": "$40.00 ($5.00 / Ounce)",
        "listPrice": "",
        "imageUrl": "https://m.media-amazon.com/images/I/41OWwEkzhJL._SL160_.jpg",
        "detailPageURL": "https://www.amazon.com/dp/B01MSU9K2J",
        "rating": "4.5",
        "totalReviews": "168",
        "subtitle": "HERBIVORE",
        "isPrimeEligible": "1"
    },
    {
        "ASIN": "B0CCSSMY5N",
        "title": "Shea Moisture Daily Hydration Creme Sugar Body Exfoliator Scrub - Virgin Coconut Oil Body Wash Scrub with Coconut Milk & Acacia Senegal, Coconut Body Scrub for Men and Women, 8 Fl Oz (Pack of 2)",
        "price": "$22.98 ($1.44 / Fl Oz)",
        "listPrice": "$28.99 ($1.81 / Fl Oz)",
        "imageUrl": "https://m.media-amazon.com/images/I/51GCSWbKBcL._SL160_.jpg",
        "detailPageURL": "https://www.amazon.com/dp/B0CCSSMY5N",
        "rating": "4.6",
        "totalReviews": "999",
        "subtitle": "SheaMoisture",
        "isPrimeEligible": "1"
    },
    {
        "ASIN": "B07D3DFKY6",
        "title": "BODHI HANDMADE SOAP Eucalyptus Spa Charcoal Detox Whipped Soap Body Scrub, 14 OZ",
        "price": "$13.00 ($0.93 / Ounce)",
        "listPrice": "$13.95 ($1.00 / Ounce)",
        "imageUrl": "https://m.media-amazon.com/images/I/4129nu0LmGS._SL160_.jpg",
        "detailPageURL": "https://www.amazon.com/dp/B07D3DFKY6",
        "rating": "4.4",
        "totalReviews": "97",
        "subtitle": "BODHI",
        "isPrimeEligible": "1"
    },
    {
        "ASIN": "B07GQ4W15V",
        "title": "Brooklyn Botany Dead Sea Salt and Arabica Coffee Body Scrub - Moisturizing and Exfoliating Body, Face, Hand, Foot Scrub - Fights Stretch Marks, Fine Lines, Wrinkles - Great Gifts for Women & Men - 10 oz",
        "price": "$9.99 ($0.95 / Ounce)",
        "listPrice": "",
        "imageUrl": "https://m.media-amazon.com/images/I/516rss6SD6L._SL160_.jpg",
        "detailPageURL": "https://www.amazon.com/dp/B07GQ4W15V",
        "rating": "4.1",
        "totalReviews": "9018",
        "subtitle": "Brooklyn Botany",
        "isPrimeEligible": "1"
    },
    {
        "ASIN": "B0BXVCVZ6S",
        "title": "SheaMoisture Body Scrub for Dull Skin Illuminating Coconut and Hibiscus Cruelty-Free Skin Care 20 oz",
        "price": "$15.82 ($0.79 / Ounce)",
        "listPrice": "$17.99 ($0.90 / Ounce)",
        "imageUrl": "https://m.media-amazon.com/images/I/61jr03uysvL._SL160_.jpg",
        "detailPageURL": "https://www.amazon.com/dp/B0BXVCVZ6S",
        "rating": "4.8",
        "totalReviews": "37",
        "subtitle": "SheaMoisture",
        "isPrimeEligible": "1"
    },
    {
        "ASIN": "B016WX7XV2",
        "title": "ASUTRA Dead Sea Salt Body Scrub Exfoliator (Vitamin C), NEW BIGGER 16 oz size | Ultra Hydrating, Gentle, & Moisturizing | Coconut, Sweet Orange, Grapefruit, and Lemon Oils | Includes Wooden Spoon | Great Gifts for Women & Men",
        "price": "$21.99 ($1.37 / Ounce)",
        "listPrice": "",
        "imageUrl": "https://m.media-amazon.com/images/I/41Pi9UzakRS._SL160_.jpg",
        "detailPageURL": "https://www.amazon.com/dp/B016WX7XV2",
        "rating": "4.4",
        "totalReviews": "3358",
        "subtitle": "ASUTRA",
        "isPrimeEligible": "1"
    },
    {
        "ASIN": "B0C73G1P3H",
        "title": "Turmeric Lemon Body Scrub - Natural Exfoliating Salt Scrub for Hands and Body | For All Skin Types | Gentle Exfoliation | 3.53 oz",
        "price": "$14.99 ($4.26 / Ounce)",
        "listPrice": "",
        "imageUrl": "https://m.media-amazon.com/images/I/41swOBNgVrL._SL160_.jpg",
        "detailPageURL": "https://www.amazon.com/dp/B0C73G1P3H",
        "rating": "4.4",
        "totalReviews": "23",
        "subtitle": "Motor City Organics",
        "isPrimeEligible": "1"
    },
    {
        "ASIN": "B07M5PKHWX",
        "title": "pureSCRUBS Premium Organic Brown Sugar VANILLA FACE & BODY SCRUB Set - Large 16oz, Infused With Organic Essential Oils, Glycolic Acid & INCLUDES Wooden Spoon, Loofah & Mini Exfoliating Bar Soap",
        "price": "$28.95 ($1.81 / Ounce)",
        "listPrice": "",
        "imageUrl": "https://m.media-amazon.com/images/I/51t3ZKTzQGL._SL160_.jpg",
        "detailPageURL": "https://www.amazon.com/dp/B07M5PKHWX",
        "rating": "4.6",
        "totalReviews": "1473",
        "subtitle": "pureSCRUBS",
        "isPrimeEligible": "1"
    },
    {
        "ASIN": "B0BQP7DTTL",
        "title": "Billie Body Buffer - Pre-shave Exfoliating Bar - 3.5 oz",
        "price": "$6.97 ($1.99 / Ounce)",
        "listPrice": "",
        "imageUrl": "https://m.media-amazon.com/images/I/31MU5zkSWVL._SL160_.jpg",
        "detailPageURL": "https://www.amazon.com/dp/B0BQP7DTTL",
        "rating": "4.5",
        "totalReviews": "452",
        "subtitle": "Billie",
        "isPrimeEligible": "1"
    },
    {
        "ASIN": "B07S38D8GR",
        "title": "The Seaweed Bath Co. Body Scrub, Eucalyptus & Peppermint, Hydrating, Exfoliating, Natural Organic Bladderwrack Seaweed, Paraben Free, 6 oz.",
        "price": "$9.09 ($1.52 / Ounce)",
        "listPrice": "$12.99 ($2.16 / Ounce)",
        "imageUrl": "https://m.media-amazon.com/images/I/31VE3pDd57L._SL160_.jpg",
        "detailPageURL": "https://www.amazon.com/dp/B07S38D8GR",
        "rating": "4.3",
        "totalReviews": "382",
        "subtitle": "The Seaweed Bath Co.",
        "isPrimeEligible": "1"
    },
    {
        "ASIN": "B0CCSSMY5N",
        "title": "Shea Moisture Daily Hydration Creme Sugar Body Exfoliator Scrub - Virgin Coconut Oil Body Wash Scrub with Coconut Milk & Acacia Senegal, Coconut Body Scrub for Men and Women, 8 Fl Oz (Pack of 2)",
        "price": "$22.98 ($1.44 / Fl Oz)",
        "listPrice": "$28.99 ($1.81 / Fl Oz)",
        "imageUrl": "https://m.media-amazon.com/images/I/51GCSWbKBcL._SL160_.jpg",
        "detailPageURL": "https://www.amazon.com/dp/B0CCSSMY5N",
        "rating": "4.6",
        "totalReviews": "999",
        "subtitle": "SheaMoisture",
        "isPrimeEligible": "1"
    },
    {
        "ASIN": "B07D3DFKY6",
        "title": "BODHI HANDMADE SOAP Eucalyptus Spa Charcoal Detox Whipped Soap Body Scrub, 14 OZ",
        "price": "$13.00 ($0.93 / Ounce)",
        "listPrice": "$13.95 ($1.00 / Ounce)",
        "imageUrl": "https://m.media-amazon.com/images/I/4129nu0LmGS._SL160_.jpg",
        "detailPageURL": "https://www.amazon.com/dp/B07D3DFKY6",
        "rating": "4.4",
        "totalReviews": "97",
        "subtitle": "BODHI",
        "isPrimeEligible": "1"
    },
    {
        "ASIN": "B07GQ4W15V",
        "title": "Brooklyn Botany Dead Sea Salt and Arabica Coffee Body Scrub - Moisturizing and Exfoliating Body, Face, Hand, Foot Scrub - Fights Stretch Marks, Fine Lines, Wrinkles - Great Gifts for Women & Men - 10 oz",
        "price": "$9.99 ($0.95 / Ounce)",
        "listPrice": "",
        "imageUrl": "https://m.media-amazon.com/images/I/516rss6SD6L._SL160_.jpg",
        "detailPageURL": "https://www.amazon.com/dp/B07GQ4W15V",
        "rating": "4.1",
        "totalReviews": "9018",
        "subtitle": "Brooklyn Botany",
        "isPrimeEligible": "1"
    },
    {
        "ASIN": "B0BXVCVZ6S",
        "title": "SheaMoisture Body Scrub for Dull Skin Illuminating Coconut and Hibiscus Cruelty-Free Skin Care 20 oz",
        "price": "$15.82 ($0.79 / Ounce)",
        "listPrice": "$17.99 ($0.90 / Ounce)",
        "imageUrl": "https://m.media-amazon.com/images/I/61jr03uysvL._SL160_.jpg",
        "detailPageURL": "https://www.amazon.com/dp/B0BXVCVZ6S",
        "rating": "4.8",
        "totalReviews": "37",
        "subtitle": "SheaMoisture",
        "isPrimeEligible": "1"
    },
    {
        "ASIN": "B016WX7XV2",
        "title": "ASUTRA Dead Sea Salt Body Scrub Exfoliator (Vitamin C), NEW BIGGER 16 oz size | Ultra Hydrating, Gentle, & Moisturizing | Coconut, Sweet Orange, Grapefruit, and Lemon Oils | Includes Wooden Spoon | Great Gifts for Women & Men",
        "price": "$21.99 ($1.37 / Ounce)",
        "listPrice": "",
        "imageUrl": "https://m.media-amazon.com/images/I/41Pi9UzakRS._SL160_.jpg",
        "detailPageURL": "https://www.amazon.com/dp/B016WX7XV2",
        "rating": "4.4",
        "totalReviews": "3358",
        "subtitle": "ASUTRA",
        "isPrimeEligible": "1"
    },
    {
        "ASIN": "B0C73G1P3H",
        "title": "Turmeric Lemon Body Scrub - Natural Exfoliating Salt Scrub for Hands and Body | For All Skin Types | Gentle Exfoliation | 3.53 oz",
        "price": "$14.99 ($4.26 / Ounce)",
        "listPrice": "",
        "imageUrl": "https://m.media-amazon.com/images/I/41swOBNgVrL._SL160_.jpg",
        "detailPageURL": "https://www.amazon.com/dp/B0C73G1P3H",
        "rating": "4.4",
        "totalReviews": "23",
        "subtitle": "Motor City Organics",
        "isPrimeEligible": "1"
    },
    {
        "ASIN": "B07M5PKHWX",
        "title": "pureSCRUBS Premium Organic Brown Sugar VANILLA FACE & BODY SCRUB Set - Large 16oz, Infused With Organic Essential Oils, Glycolic Acid & INCLUDES Wooden Spoon, Loofah & Mini Exfoliating Bar Soap",
        "price": "$28.95 ($1.81 / Ounce)",
        "listPrice": "",
        "imageUrl": "https://m.media-amazon.com/images/I/51t3ZKTzQGL._SL160_.jpg",
        "detailPageURL": "https://www.amazon.com/dp/B07M5PKHWX",
        "rating": "4.6",
        "totalReviews": "1473",
        "subtitle": "pureSCRUBS",
        "isPrimeEligible": "1"
    },
    {
        "ASIN": "B0BQP7DTTL",
        "title": "Billie Body Buffer - Pre-shave Exfoliating Bar - 3.5 oz",
        "price": "$6.97 ($1.99 / Ounce)",
        "listPrice": "",
        "imageUrl": "https://m.media-amazon.com/images/I/31MU5zkSWVL._SL160_.jpg",
        "detailPageURL": "https://www.amazon.com/dp/B0BQP7DTTL",
        "rating": "4.5",
        "totalReviews": "452",
        "subtitle": "Billie",
        "isPrimeEligible": "1"
    },
    {
        "ASIN": "B07S38D8GR",
        "title": "The Seaweed Bath Co. Body Scrub, Eucalyptus & Peppermint, Hydrating, Exfoliating, Natural Organic Bladderwrack Seaweed, Paraben Free, 6 oz.",
        "price": "$9.09 ($1.52 / Ounce)",
        "listPrice": "$12.99 ($2.16 / Ounce)",
        "imageUrl": "https://m.media-amazon.com/images/I/31VE3pDd57L._SL160_.jpg",
        "detailPageURL": "https://www.amazon.com/dp/B07S38D8GR",
        "rating": "4.3",
        "totalReviews": "382",
        "subtitle": "The Seaweed Bath Co.",
        "isPrimeEligible": "1"
    },
    {
        "ASIN": "B079QQR8F1",
        "title": "Bliss Satin-Skin Body Polish - Lemon and Sage - Body Scrub with Shea Butter and Coconut Oil - 8.5 Oz - Smoothing and Balancing Skincare - All Skin Types - Vegan & Cruelty-Free",
        "price": "$11.80 ($1.39 / Fl Oz)",
        "listPrice": "$15.00 ($1.76 / Fl Oz)",
        "imageUrl": "https://m.media-amazon.com/images/I/3163Ky-c7OL._SL160_.jpg",
        "detailPageURL": "https://www.amazon.com/dp/B079QQR8F1",
        "rating": "4.4",
        "totalReviews": "2058",
        "subtitle": "Bliss",
        "isPrimeEligible": "1"
    },
    {
        "ASIN": "B07D3DFKY6",
        "title": "BODHI HANDMADE SOAP Eucalyptus Spa Charcoal Detox Whipped Soap Body Scrub, 14 OZ",
        "price": "$13.00 ($0.93 / Ounce)",
        "listPrice": "$13.95 ($1.00 / Ounce)",
        "imageUrl": "https://m.media-amazon.com/images/I/4129nu0LmGS._SL160_.jpg",
        "detailPageURL": "https://www.amazon.com/dp/B07D3DFKY6",
        "rating": "4.4",
        "totalReviews": "97",
        "subtitle": "BODHI",
        "isPrimeEligible": "1"
    },
    {
        "ASIN": "B07GQ4W15V",
        "title": "Brooklyn Botany Dead Sea Salt and Arabica Coffee Body Scrub - Moisturizing and Exfoliating Body, Face, Hand, Foot Scrub - Fights Stretch Marks, Fine Lines, Wrinkles - Great Gifts for Women & Men - 10 oz",
        "price": "$9.99 ($0.95 / Ounce)",
        "listPrice": "",
        "imageUrl": "https://m.media-amazon.com/images/I/516rss6SD6L._SL160_.jpg",
        "detailPageURL": "https://www.amazon.com/dp/B07GQ4W15V",
        "rating": "4.1",
        "totalReviews": "9018",
        "subtitle": "Brooklyn Botany",
        "isPrimeEligible": "1"
    },
    {
        "ASIN": "B0BXVCVZ6S",
        "title": "SheaMoisture Body Scrub for Dull Skin Illuminating Coconut and Hibiscus Cruelty-Free Skin Care 20 oz",
        "price": "$15.82 ($0.79 / Ounce)",
        "listPrice": "$17.99 ($0.90 / Ounce)",
        "imageUrl": "https://m.media-amazon.com/images/I/61jr03uysvL._SL160_.jpg",
        "detailPageURL": "https://www.amazon.com/dp/B0BXVCVZ6S",
        "rating": "4.8",
        "totalReviews": "37",
        "subtitle": "SheaMoisture",
        "isPrimeEligible": "1"
    },
    {
        "ASIN": "B016WX7XV2",
        "title": "ASUTRA Dead Sea Salt Body Scrub Exfoliator (Vitamin C), NEW BIGGER 16 oz size | Ultra Hydrating, Gentle, & Moisturizing | Coconut, Sweet Orange, Grapefruit, and Lemon Oils | Includes Wooden Spoon | Great Gifts for Women & Men",
        "price": "$21.99 ($1.37 / Ounce)",
        "listPrice": "",
        "imageUrl": "https://m.media-amazon.com/images/I/41Pi9UzakRS._SL160_.jpg",
        "detailPageURL": "https://www.amazon.com/dp/B016WX7XV2",
        "rating": "4.4",
        "totalReviews": "3358",
        "subtitle": "ASUTRA",
        "isPrimeEligible": "1"
    },
    {
        "ASIN": "B0C73G1P3H",
        "title": "Turmeric Lemon Body Scrub - Natural Exfoliating Salt Scrub for Hands and Body | For All Skin Types | Gentle Exfoliation | 3.53 oz",
        "price": "$14.99 ($4.26 / Ounce)",
        "listPrice": "",
        "imageUrl": "https://m.media-amazon.com/images/I/41swOBNgVrL._SL160_.jpg",
        "detailPageURL": "https://www.amazon.com/dp/B0C73G1P3H",
        "rating": "4.4",
        "totalReviews": "23",
        "subtitle": "Motor City Organics",
        "isPrimeEligible": "1"
    },
    {
        "ASIN": "B07M5PKHWX",
        "title": "pureSCRUBS Premium Organic Brown Sugar VANILLA FACE & BODY SCRUB Set - Large 16oz, Infused With Organic Essential Oils, Glycolic Acid & INCLUDES Wooden Spoon, Loofah & Mini Exfoliating Bar Soap",
        "price": "$28.95 ($1.81 / Ounce)",
        "listPrice": "",
        "imageUrl": "https://m.media-amazon.com/images/I/51t3ZKTzQGL._SL160_.jpg",
        "detailPageURL": "https://www.amazon.com/dp/B07M5PKHWX",
        "rating": "4.6",
        "totalReviews": "1473",
        "subtitle": "pureSCRUBS",
        "isPrimeEligible": "1"
    },
    {
        "ASIN": "B0BQP7DTTL",
        "title": "Billie Body Buffer - Pre-shave Exfoliating Bar - 3.5 oz",
        "price": "$6.97 ($1.99 / Ounce)",
        "listPrice": "",
        "imageUrl": "https://m.media-amazon.com/images/I/31MU5zkSWVL._SL160_.jpg",
        "detailPageURL": "https://www.amazon.com/dp/B0BQP7DTTL",
        "rating": "4.5",
        "totalReviews": "452",
        "subtitle": "Billie",
        "isPrimeEligible": "1"
    },
    {
        "ASIN": "B07S38D8GR",
        "title": "The Seaweed Bath Co. Body Scrub, Eucalyptus & Peppermint, Hydrating, Exfoliating, Natural Organic Bladderwrack Seaweed, Paraben Free, 6 oz.",
        "price": "$9.09 ($1.52 / Ounce)",
        "listPrice": "$12.99 ($2.16 / Ounce)",
        "imageUrl": "https://m.media-amazon.com/images/I/31VE3pDd57L._SL160_.jpg",
        "detailPageURL": "https://www.amazon.com/dp/B07S38D8GR",
        "rating": "4.3",
        "totalReviews": "382",
        "subtitle": "The Seaweed Bath Co.",
        "isPrimeEligible": "1"
    },
    {
        "ASIN": "B079QQR8F1",
        "title": "Bliss Satin-Skin Body Polish - Lemon and Sage - Body Scrub with Shea Butter and Coconut Oil - 8.5 Oz - Smoothing and Balancing Skincare - All Skin Types - Vegan & Cruelty-Free",
        "price": "$11.80 ($1.39 / Fl Oz)",
        "listPrice": "$15.00 ($1.76 / Fl Oz)",
        "imageUrl": "https://m.media-amazon.com/images/I/3163Ky-c7OL._SL160_.jpg",
        "detailPageURL": "https://www.amazon.com/dp/B079QQR8F1",
        "rating": "4.4",
        "totalReviews": "2058",
        "subtitle": "Bliss",
        "isPrimeEligible": "1"
    },
    {
        "ASIN": "B0CFG2ZNM4",
        "title": "Spascriptions Hyaluronic Acid Exfoliating Body Scrub, 21 oz, Ultra Hydrating and Exfoliating Scrub for Nourishing Essential Body Care",
        "price": "$7.99 ($0.38 / Ounce)",
        "listPrice": "",
        "imageUrl": "https://m.media-amazon.com/images/I/41bqUeizdhL._SL160_.jpg",
        "detailPageURL": "https://www.amazon.com/dp/B0CFG2ZNM4",
        "rating": "",
        "totalReviews": "",
        "subtitle": "SpaScriptions",
        "isPrimeEligible": "1"
    },
    {
        "ASIN": "B07GQ4W15V",
        "title": "Brooklyn Botany Dead Sea Salt and Arabica Coffee Body Scrub - Moisturizing and Exfoliating Body, Face, Hand, Foot Scrub - Fights Stretch Marks, Fine Lines, Wrinkles - Great Gifts for Women & Men - 10 oz",
        "price": "$9.99 ($0.95 / Ounce)",
        "listPrice": "",
        "imageUrl": "https://m.media-amazon.com/images/I/516rss6SD6L._SL160_.jpg",
        "detailPageURL": "https://www.amazon.com/dp/B07GQ4W15V",
        "rating": "4.1",
        "totalReviews": "9018",
        "subtitle": "Brooklyn Botany",
        "isPrimeEligible": "1"
    },
    {
        "ASIN": "B0BXVCVZ6S",
        "title": "SheaMoisture Body Scrub for Dull Skin Illuminating Coconut and Hibiscus Cruelty-Free Skin Care 20 oz",
        "price": "$15.82 ($0.79 / Ounce)",
        "listPrice": "$17.99 ($0.90 / Ounce)",
        "imageUrl": "https://m.media-amazon.com/images/I/61jr03uysvL._SL160_.jpg",
        "detailPageURL": "https://www.amazon.com/dp/B0BXVCVZ6S",
        "rating": "4.8",
        "totalReviews": "37",
        "subtitle": "SheaMoisture",
        "isPrimeEligible": "1"
    },
    {
        "ASIN": "B016WX7XV2",
        "title": "ASUTRA Dead Sea Salt Body Scrub Exfoliator (Vitamin C), NEW BIGGER 16 oz size | Ultra Hydrating, Gentle, & Moisturizing | Coconut, Sweet Orange, Grapefruit, and Lemon Oils | Includes Wooden Spoon | Great Gifts for Women & Men",
        "price": "$21.99 ($1.37 / Ounce)",
        "listPrice": "",
        "imageUrl": "https://m.media-amazon.com/images/I/41Pi9UzakRS._SL160_.jpg",
        "detailPageURL": "https://www.amazon.com/dp/B016WX7XV2",
        "rating": "4.4",
        "totalReviews": "3358",
        "subtitle": "ASUTRA",
        "isPrimeEligible": "1"
    },
    {
        "ASIN": "B0C73G1P3H",
        "title": "Turmeric Lemon Body Scrub - Natural Exfoliating Salt Scrub for Hands and Body | For All Skin Types | Gentle Exfoliation | 3.53 oz",
        "price": "$14.99 ($4.26 / Ounce)",
        "listPrice": "",
        "imageUrl": "https://m.media-amazon.com/images/I/41swOBNgVrL._SL160_.jpg",
        "detailPageURL": "https://www.amazon.com/dp/B0C73G1P3H",
        "rating": "4.4",
        "totalReviews": "23",
        "subtitle": "Motor City Organics",
        "isPrimeEligible": "1"
    },
    {
        "ASIN": "B07M5PKHWX",
        "title": "pureSCRUBS Premium Organic Brown Sugar VANILLA FACE & BODY SCRUB Set - Large 16oz, Infused With Organic Essential Oils, Glycolic Acid & INCLUDES Wooden Spoon, Loofah & Mini Exfoliating Bar Soap",
        "price": "$28.95 ($1.81 / Ounce)",
        "listPrice": "",
        "imageUrl": "https://m.media-amazon.com/images/I/51t3ZKTzQGL._SL160_.jpg",
        "detailPageURL": "https://www.amazon.com/dp/B07M5PKHWX",
        "rating": "4.6",
        "totalReviews": "1473",
        "subtitle": "pureSCRUBS",
        "isPrimeEligible": "1"
    },
    {
        "ASIN": "B0BQP7DTTL",
        "title": "Billie Body Buffer - Pre-shave Exfoliating Bar - 3.5 oz",
        "price": "$6.97 ($1.99 / Ounce)",
        "listPrice": "",
        "imageUrl": "https://m.media-amazon.com/images/I/31MU5zkSWVL._SL160_.jpg",
        "detailPageURL": "https://www.amazon.com/dp/B0BQP7DTTL",
        "rating": "4.5",
        "totalReviews": "452",
        "subtitle": "Billie",
        "isPrimeEligible": "1"
    },
    {
        "ASIN": "B07S38D8GR",
        "title": "The Seaweed Bath Co. Body Scrub, Eucalyptus & Peppermint, Hydrating, Exfoliating, Natural Organic Bladderwrack Seaweed, Paraben Free, 6 oz.",
        "price": "$9.09 ($1.52 / Ounce)",
        "listPrice": "$12.99 ($2.16 / Ounce)",
        "imageUrl": "https://m.media-amazon.com/images/I/31VE3pDd57L._SL160_.jpg",
        "detailPageURL": "https://www.amazon.com/dp/B07S38D8GR",
        "rating": "4.3",
        "totalReviews": "382",
        "subtitle": "The Seaweed Bath Co.",
        "isPrimeEligible": "1"
    },
    {
        "ASIN": "B079QQR8F1",
        "title": "Bliss Satin-Skin Body Polish - Lemon and Sage - Body Scrub with Shea Butter and Coconut Oil - 8.5 Oz - Smoothing and Balancing Skincare - All Skin Types - Vegan & Cruelty-Free",
        "price": "$11.80 ($1.39 / Fl Oz)",
        "listPrice": "$15.00 ($1.76 / Fl Oz)",
        "imageUrl": "https://m.media-amazon.com/images/I/3163Ky-c7OL._SL160_.jpg",
        "detailPageURL": "https://www.amazon.com/dp/B079QQR8F1",
        "rating": "4.4",
        "totalReviews": "2058",
        "subtitle": "Bliss",
        "isPrimeEligible": "1"
    },
    {
        "ASIN": "B0CFG2ZNM4",
        "title": "Spascriptions Hyaluronic Acid Exfoliating Body Scrub, 21 oz, Ultra Hydrating and Exfoliating Scrub for Nourishing Essential Body Care",
        "price": "$7.99 ($0.38 / Ounce)",
        "listPrice": "",
        "imageUrl": "https://m.media-amazon.com/images/I/41bqUeizdhL._SL160_.jpg",
        "detailPageURL": "https://www.amazon.com/dp/B0CFG2ZNM4",
        "rating": "",
        "totalReviews": "",
        "subtitle": "SpaScriptions",
        "isPrimeEligible": "1"
    },
    {
        "ASIN": "B002W8SP0A",
        "title": "OSEA Salts of the Earth Body Scrub | Gently Exfoliate & Soften Skin | Naturally Derived Seaweed Skincare | Vegan & Cruelty-Free",
        "price": "$48.00 ($4.00 / Ounce)",
        "listPrice": "$51.00 ($4.25 / Ounce)",
        "imageUrl": "https://m.media-amazon.com/images/I/31thFwEwR9L._SL160_.jpg",
        "detailPageURL": "https://www.amazon.com/dp/B002W8SP0A",
        "rating": "4.5",
        "totalReviews": "208",
        "subtitle": "OSEA",
        "isPrimeEligible": "1"
    },
    {
        "ASIN": "B0BXVCVZ6S",
        "title": "SheaMoisture Body Scrub for Dull Skin Illuminating Coconut and Hibiscus Cruelty-Free Skin Care 20 oz",
        "price": "$15.82 ($0.79 / Ounce)",
        "listPrice": "$17.99 ($0.90 / Ounce)",
        "imageUrl": "https://m.media-amazon.com/images/I/61jr03uysvL._SL160_.jpg",
        "detailPageURL": "https://www.amazon.com/dp/B0BXVCVZ6S",
        "rating": "4.8",
        "totalReviews": "37",
        "subtitle": "SheaMoisture",
        "isPrimeEligible": "1"
    },
    {
        "ASIN": "B016WX7XV2",
        "title": "ASUTRA Dead Sea Salt Body Scrub Exfoliator (Vitamin C), NEW BIGGER 16 oz size | Ultra Hydrating, Gentle, & Moisturizing | Coconut, Sweet Orange, Grapefruit, and Lemon Oils | Includes Wooden Spoon | Great Gifts for Women & Men",
        "price": "$21.99 ($1.37 / Ounce)",
        "listPrice": "",
        "imageUrl": "https://m.media-amazon.com/images/I/41Pi9UzakRS._SL160_.jpg",
        "detailPageURL": "https://www.amazon.com/dp/B016WX7XV2",
        "rating": "4.4",
        "totalReviews": "3358",
        "subtitle": "ASUTRA",
        "isPrimeEligible": "1"
    },
    {
        "ASIN": "B0C73G1P3H",
        "title": "Turmeric Lemon Body Scrub - Natural Exfoliating Salt Scrub for Hands and Body | For All Skin Types | Gentle Exfoliation | 3.53 oz",
        "price": "$14.99 ($4.26 / Ounce)",
        "listPrice": "",
        "imageUrl": "https://m.media-amazon.com/images/I/41swOBNgVrL._SL160_.jpg",
        "detailPageURL": "https://www.amazon.com/dp/B0C73G1P3H",
        "rating": "4.4",
        "totalReviews": "23",
        "subtitle": "Motor City Organics",
        "isPrimeEligible": "1"
    },
    {
        "ASIN": "B07M5PKHWX",
        "title": "pureSCRUBS Premium Organic Brown Sugar VANILLA FACE & BODY SCRUB Set - Large 16oz, Infused With Organic Essential Oils, Glycolic Acid & INCLUDES Wooden Spoon, Loofah & Mini Exfoliating Bar Soap",
        "price": "$28.95 ($1.81 / Ounce)",
        "listPrice": "",
        "imageUrl": "https://m.media-amazon.com/images/I/51t3ZKTzQGL._SL160_.jpg",
        "detailPageURL": "https://www.amazon.com/dp/B07M5PKHWX",
        "rating": "4.6",
        "totalReviews": "1473",
        "subtitle": "pureSCRUBS",
        "isPrimeEligible": "1"
    },
    {
        "ASIN": "B0BQP7DTTL",
        "title": "Billie Body Buffer - Pre-shave Exfoliating Bar - 3.5 oz",
        "price": "$6.97 ($1.99 / Ounce)",
        "listPrice": "",
        "imageUrl": "https://m.media-amazon.com/images/I/31MU5zkSWVL._SL160_.jpg",
        "detailPageURL": "https://www.amazon.com/dp/B0BQP7DTTL",
        "rating": "4.5",
        "totalReviews": "452",
        "subtitle": "Billie",
        "isPrimeEligible": "1"
    },
    {
        "ASIN": "B07S38D8GR",
        "title": "The Seaweed Bath Co. Body Scrub, Eucalyptus & Peppermint, Hydrating, Exfoliating, Natural Organic Bladderwrack Seaweed, Paraben Free, 6 oz.",
        "price": "$9.09 ($1.52 / Ounce)",
        "listPrice": "$12.99 ($2.16 / Ounce)",
        "imageUrl": "https://m.media-amazon.com/images/I/31VE3pDd57L._SL160_.jpg",
        "detailPageURL": "https://www.amazon.com/dp/B07S38D8GR",
        "rating": "4.3",
        "totalReviews": "382",
        "subtitle": "The Seaweed Bath Co.",
        "isPrimeEligible": "1"
    },
    {
        "ASIN": "B079QQR8F1",
        "title": "Bliss Satin-Skin Body Polish - Lemon and Sage - Body Scrub with Shea Butter and Coconut Oil - 8.5 Oz - Smoothing and Balancing Skincare - All Skin Types - Vegan & Cruelty-Free",
        "price": "$11.80 ($1.39 / Fl Oz)",
        "listPrice": "$15.00 ($1.76 / Fl Oz)",
        "imageUrl": "https://m.media-amazon.com/images/I/3163Ky-c7OL._SL160_.jpg",
        "detailPageURL": "https://www.amazon.com/dp/B079QQR8F1",
        "rating": "4.4",
        "totalReviews": "2058",
        "subtitle": "Bliss",
        "isPrimeEligible": "1"
    },
    {
        "ASIN": "B0CFG2ZNM4",
        "title": "Spascriptions Hyaluronic Acid Exfoliating Body Scrub, 21 oz, Ultra Hydrating and Exfoliating Scrub for Nourishing Essential Body Care",
        "price": "$7.99 ($0.38 / Ounce)",
        "listPrice": "",
        "imageUrl": "https://m.media-amazon.com/images/I/41bqUeizdhL._SL160_.jpg",
        "detailPageURL": "https://www.amazon.com/dp/B0CFG2ZNM4",
        "rating": "",
        "totalReviews": "",
        "subtitle": "SpaScriptions",
        "isPrimeEligible": "1"
    },
    {
        "ASIN": "B002W8SP0A",
        "title": "OSEA Salts of the Earth Body Scrub | Gently Exfoliate & Soften Skin | Naturally Derived Seaweed Skincare | Vegan & Cruelty-Free",
        "price": "$48.00 ($4.00 / Ounce)",
        "listPrice": "$51.00 ($4.25 / Ounce)",
        "imageUrl": "https://m.media-amazon.com/images/I/31thFwEwR9L._SL160_.jpg",
        "detailPageURL": "https://www.amazon.com/dp/B002W8SP0A",
        "rating": "4.5",
        "totalReviews": "208",
        "subtitle": "OSEA",
        "isPrimeEligible": "1"
    },
    {
        "ASIN": "B07N2GXFVK",
        "title": "Majestic Pure Sweet Orange Body Scrub - Exfoliates, Moisturizes, and Nourishes Skin, 10 oz",
        "price": "$12.89 ($1.29 / Ounce)",
        "listPrice": "",
        "imageUrl": "https://m.media-amazon.com/images/I/41L6wskQNIL._SL160_.jpg",
        "detailPageURL": "https://www.amazon.com/dp/B07N2GXFVK",
        "rating": "4.2",
        "totalReviews": "3529",
        "subtitle": "MAJESTIC PURE",
        "isPrimeEligible": "1"
    },
    {
        "ASIN": "B016WX7XV2",
        "title": "ASUTRA Dead Sea Salt Body Scrub Exfoliator (Vitamin C), NEW BIGGER 16 oz size | Ultra Hydrating, Gentle, & Moisturizing | Coconut, Sweet Orange, Grapefruit, and Lemon Oils | Includes Wooden Spoon | Great Gifts for Women & Men",
        "price": "$21.99 ($1.37 / Ounce)",
        "listPrice": "",
        "imageUrl": "https://m.media-amazon.com/images/I/41Pi9UzakRS._SL160_.jpg",
        "detailPageURL": "https://www.amazon.com/dp/B016WX7XV2",
        "rating": "4.4",
        "totalReviews": "3358",
        "subtitle": "ASUTRA",
        "isPrimeEligible": "1"
    },
    {
        "ASIN": "B0C73G1P3H",
        "title": "Turmeric Lemon Body Scrub - Natural Exfoliating Salt Scrub for Hands and Body | For All Skin Types | Gentle Exfoliation | 3.53 oz",
        "price": "$14.99 ($4.26 / Ounce)",
        "listPrice": "",
        "imageUrl": "https://m.media-amazon.com/images/I/41swOBNgVrL._SL160_.jpg",
        "detailPageURL": "https://www.amazon.com/dp/B0C73G1P3H",
        "rating": "4.4",
        "totalReviews": "23",
        "subtitle": "Motor City Organics",
        "isPrimeEligible": "1"
    },
    {
        "ASIN": "B07M5PKHWX",
        "title": "pureSCRUBS Premium Organic Brown Sugar VANILLA FACE & BODY SCRUB Set - Large 16oz, Infused With Organic Essential Oils, Glycolic Acid & INCLUDES Wooden Spoon, Loofah & Mini Exfoliating Bar Soap",
        "price": "$28.95 ($1.81 / Ounce)",
        "listPrice": "",
        "imageUrl": "https://m.media-amazon.com/images/I/51t3ZKTzQGL._SL160_.jpg",
        "detailPageURL": "https://www.amazon.com/dp/B07M5PKHWX",
        "rating": "4.6",
        "totalReviews": "1473",
        "subtitle": "pureSCRUBS",
        "isPrimeEligible": "1"
    },
    {
        "ASIN": "B0BQP7DTTL",
        "title": "Billie Body Buffer - Pre-shave Exfoliating Bar - 3.5 oz",
        "price": "$6.97 ($1.99 / Ounce)",
        "listPrice": "",
        "imageUrl": "https://m.media-amazon.com/images/I/31MU5zkSWVL._SL160_.jpg",
        "detailPageURL": "https://www.amazon.com/dp/B0BQP7DTTL",
        "rating": "4.5",
        "totalReviews": "452",
        "subtitle": "Billie",
        "isPrimeEligible": "1"
    },
    {
        "ASIN": "B07S38D8GR",
        "title": "The Seaweed Bath Co. Body Scrub, Eucalyptus & Peppermint, Hydrating, Exfoliating, Natural Organic Bladderwrack Seaweed, Paraben Free, 6 oz.",
        "price": "$9.09 ($1.52 / Ounce)",
        "listPrice": "$12.99 ($2.16 / Ounce)",
        "imageUrl": "https://m.media-amazon.com/images/I/31VE3pDd57L._SL160_.jpg",
        "detailPageURL": "https://www.amazon.com/dp/B07S38D8GR",
        "rating": "4.3",
        "totalReviews": "382",
        "subtitle": "The Seaweed Bath Co.",
        "isPrimeEligible": "1"
    },
    {
        "ASIN": "B079QQR8F1",
        "title": "Bliss Satin-Skin Body Polish - Lemon and Sage - Body Scrub with Shea Butter and Coconut Oil - 8.5 Oz - Smoothing and Balancing Skincare - All Skin Types - Vegan & Cruelty-Free",
        "price": "$11.80 ($1.39 / Fl Oz)",
        "listPrice": "$15.00 ($1.76 / Fl Oz)",
        "imageUrl": "https://m.media-amazon.com/images/I/3163Ky-c7OL._SL160_.jpg",
        "detailPageURL": "https://www.amazon.com/dp/B079QQR8F1",
        "rating": "4.4",
        "totalReviews": "2058",
        "subtitle": "Bliss",
        "isPrimeEligible": "1"
    },
    {
        "ASIN": "B0CFG2ZNM4",
        "title": "Spascriptions Hyaluronic Acid Exfoliating Body Scrub, 21 oz, Ultra Hydrating and Exfoliating Scrub for Nourishing Essential Body Care",
        "price": "$7.99 ($0.38 / Ounce)",
        "listPrice": "",
        "imageUrl": "https://m.media-amazon.com/images/I/41bqUeizdhL._SL160_.jpg",
        "detailPageURL": "https://www.amazon.com/dp/B0CFG2ZNM4",
        "rating": "",
        "totalReviews": "",
        "subtitle": "SpaScriptions",
        "isPrimeEligible": "1"
    },
    {
        "ASIN": "B002W8SP0A",
        "title": "OSEA Salts of the Earth Body Scrub | Gently Exfoliate & Soften Skin | Naturally Derived Seaweed Skincare | Vegan & Cruelty-Free",
        "price": "$48.00 ($4.00 / Ounce)",
        "listPrice": "$51.00 ($4.25 / Ounce)",
        "imageUrl": "https://m.media-amazon.com/images/I/31thFwEwR9L._SL160_.jpg",
        "detailPageURL": "https://www.amazon.com/dp/B002W8SP0A",
        "rating": "4.5",
        "totalReviews": "208",
        "subtitle": "OSEA",
        "isPrimeEligible": "1"
    },
    {
        "ASIN": "B07N2GXFVK",
        "title": "Majestic Pure Sweet Orange Body Scrub - Exfoliates, Moisturizes, and Nourishes Skin, 10 oz",
        "price": "$12.89 ($1.29 / Ounce)",
        "listPrice": "",
        "imageUrl": "https://m.media-amazon.com/images/I/41L6wskQNIL._SL160_.jpg",
        "detailPageURL": "https://www.amazon.com/dp/B07N2GXFVK",
        "rating": "4.2",
        "totalReviews": "3529",
        "subtitle": "MAJESTIC PURE",
        "isPrimeEligible": "1"
    },
    {
        "ASIN": "B0011802T4",
        "title": "Pro Tan, Get Buffed, Pre-Tan Body Scrub, Skin Balancing Exfoliator, Balance Skin pH, 8 oz.",
        "price": "$22.95 ($2.87 / Fl Oz)",
        "listPrice": "",
        "imageUrl": "https://m.media-amazon.com/images/I/41RvS40XehL._SL160_.jpg",
        "detailPageURL": "https://www.amazon.com/dp/B0011802T4",
        "rating": "4.5",
        "totalReviews": "184",
        "subtitle": "",
        "isPrimeEligible": "1"
    },
    {
        "ASIN": "B0C73G1P3H",
        "title": "Turmeric Lemon Body Scrub - Natural Exfoliating Salt Scrub for Hands and Body | For All Skin Types | Gentle Exfoliation | 3.53 oz",
        "price": "$14.99 ($4.26 / Ounce)",
        "listPrice": "",
        "imageUrl": "https://m.media-amazon.com/images/I/41swOBNgVrL._SL160_.jpg",
        "detailPageURL": "https://www.amazon.com/dp/B0C73G1P3H",
        "rating": "4.4",
        "totalReviews": "23",
        "subtitle": "Motor City Organics",
        "isPrimeEligible": "1"
    },
    {
        "ASIN": "B07M5PKHWX",
        "title": "pureSCRUBS Premium Organic Brown Sugar VANILLA FACE & BODY SCRUB Set - Large 16oz, Infused With Organic Essential Oils, Glycolic Acid & INCLUDES Wooden Spoon, Loofah & Mini Exfoliating Bar Soap",
        "price": "$28.95 ($1.81 / Ounce)",
        "listPrice": "",
        "imageUrl": "https://m.media-amazon.com/images/I/51t3ZKTzQGL._SL160_.jpg",
        "detailPageURL": "https://www.amazon.com/dp/B07M5PKHWX",
        "rating": "4.6",
        "totalReviews": "1473",
        "subtitle": "pureSCRUBS",
        "isPrimeEligible": "1"
    },
    {
        "ASIN": "B0BQP7DTTL",
        "title": "Billie Body Buffer - Pre-shave Exfoliating Bar - 3.5 oz",
        "price": "$6.97 ($1.99 / Ounce)",
        "listPrice": "",
        "imageUrl": "https://m.media-amazon.com/images/I/31MU5zkSWVL._SL160_.jpg",
        "detailPageURL": "https://www.amazon.com/dp/B0BQP7DTTL",
        "rating": "4.5",
        "totalReviews": "452",
        "subtitle": "Billie",
        "isPrimeEligible": "1"
    },
    {
        "ASIN": "B07S38D8GR",
        "title": "The Seaweed Bath Co. Body Scrub, Eucalyptus & Peppermint, Hydrating, Exfoliating, Natural Organic Bladderwrack Seaweed, Paraben Free, 6 oz.",
        "price": "$9.09 ($1.52 / Ounce)",
        "listPrice": "$12.99 ($2.16 / Ounce)",
        "imageUrl": "https://m.media-amazon.com/images/I/31VE3pDd57L._SL160_.jpg",
        "detailPageURL": "https://www.amazon.com/dp/B07S38D8GR",
        "rating": "4.3",
        "totalReviews": "382",
        "subtitle": "The Seaweed Bath Co.",
        "isPrimeEligible": "1"
    },
    {
        "ASIN": "B079QQR8F1",
        "title": "Bliss Satin-Skin Body Polish - Lemon and Sage - Body Scrub with Shea Butter and Coconut Oil - 8.5 Oz - Smoothing and Balancing Skincare - All Skin Types - Vegan & Cruelty-Free",
        "price": "$11.80 ($1.39 / Fl Oz)",
        "listPrice": "$15.00 ($1.76 / Fl Oz)",
        "imageUrl": "https://m.media-amazon.com/images/I/3163Ky-c7OL._SL160_.jpg",
        "detailPageURL": "https://www.amazon.com/dp/B079QQR8F1",
        "rating": "4.4",
        "totalReviews": "2058",
        "subtitle": "Bliss",
        "isPrimeEligible": "1"
    },
    {
        "ASIN": "B0CFG2ZNM4",
        "title": "Spascriptions Hyaluronic Acid Exfoliating Body Scrub, 21 oz, Ultra Hydrating and Exfoliating Scrub for Nourishing Essential Body Care",
        "price": "$7.99 ($0.38 / Ounce)",
        "listPrice": "",
        "imageUrl": "https://m.media-amazon.com/images/I/41bqUeizdhL._SL160_.jpg",
        "detailPageURL": "https://www.amazon.com/dp/B0CFG2ZNM4",
        "rating": "",
        "totalReviews": "",
        "subtitle": "SpaScriptions",
        "isPrimeEligible": "1"
    },
    {
        "ASIN": "B002W8SP0A",
        "title": "OSEA Salts of the Earth Body Scrub | Gently Exfoliate & Soften Skin | Naturally Derived Seaweed Skincare | Vegan & Cruelty-Free",
        "price": "$48.00 ($4.00 / Ounce)",
        "listPrice": "$51.00 ($4.25 / Ounce)",
        "imageUrl": "https://m.media-amazon.com/images/I/31thFwEwR9L._SL160_.jpg",
        "detailPageURL": "https://www.amazon.com/dp/B002W8SP0A",
        "rating": "4.5",
        "totalReviews": "208",
        "subtitle": "OSEA",
        "isPrimeEligible": "1"
    },
    {
        "ASIN": "B07N2GXFVK",
        "title": "Majestic Pure Sweet Orange Body Scrub - Exfoliates, Moisturizes, and Nourishes Skin, 10 oz",
        "price": "$12.89 ($1.29 / Ounce)",
        "listPrice": "",
        "imageUrl": "https://m.media-amazon.com/images/I/41L6wskQNIL._SL160_.jpg",
        "detailPageURL": "https://www.amazon.com/dp/B07N2GXFVK",
        "rating": "4.2",
        "totalReviews": "3529",
        "subtitle": "MAJESTIC PURE",
        "isPrimeEligible": "1"
    },
    {
        "ASIN": "B0011802T4",
        "title": "Pro Tan, Get Buffed, Pre-Tan Body Scrub, Skin Balancing Exfoliator, Balance Skin pH, 8 oz.",
        "price": "$22.95 ($2.87 / Fl Oz)",
        "listPrice": "",
        "imageUrl": "https://m.media-amazon.com/images/I/41RvS40XehL._SL160_.jpg",
        "detailPageURL": "https://www.amazon.com/dp/B0011802T4",
        "rating": "4.5",
        "totalReviews": "184",
        "subtitle": "",
        "isPrimeEligible": "1"
    },
    {
        "ASIN": "B0BQCPJ95D",
        "title": "Naturium KP Body Scrub & Mask for Keratosis Pilaris, Bump Eraser Shower Scrub & Exfoliator for Skin, 8 oz",
        "price": "$17.99 ($2.25 / Ounce)",
        "listPrice": "$19.99 ($2.50 / Ounce)",
        "imageUrl": "https://m.media-amazon.com/images/I/31GilPOaRUL._SL160_.jpg",
        "detailPageURL": "https://www.amazon.com/dp/B0BQCPJ95D",
        "rating": "4.6",
        "totalReviews": "104",
        "subtitle": "Naturium",
        "isPrimeEligible": "1"
    },
    {
        "ASIN": "B07M5PKHWX",
        "title": "pureSCRUBS Premium Organic Brown Sugar VANILLA FACE & BODY SCRUB Set - Large 16oz, Infused With Organic Essential Oils, Glycolic Acid & INCLUDES Wooden Spoon, Loofah & Mini Exfoliating Bar Soap",
        "price": "$28.95 ($1.81 / Ounce)",
        "listPrice": "",
        "imageUrl": "https://m.media-amazon.com/images/I/51t3ZKTzQGL._SL160_.jpg",
        "detailPageURL": "https://www.amazon.com/dp/B07M5PKHWX",
        "rating": "4.6",
        "totalReviews": "1473",
        "subtitle": "pureSCRUBS",
        "isPrimeEligible": "1"
    },
    {
        "ASIN": "B0BQP7DTTL",
        "title": "Billie Body Buffer - Pre-shave Exfoliating Bar - 3.5 oz",
        "price": "$6.97 ($1.99 / Ounce)",
        "listPrice": "",
        "imageUrl": "https://m.media-amazon.com/images/I/31MU5zkSWVL._SL160_.jpg",
        "detailPageURL": "https://www.amazon.com/dp/B0BQP7DTTL",
        "rating": "4.5",
        "totalReviews": "452",
        "subtitle": "Billie",
        "isPrimeEligible": "1"
    },
    {
        "ASIN": "B07S38D8GR",
        "title": "The Seaweed Bath Co. Body Scrub, Eucalyptus & Peppermint, Hydrating, Exfoliating, Natural Organic Bladderwrack Seaweed, Paraben Free, 6 oz.",
        "price": "$9.09 ($1.52 / Ounce)",
        "listPrice": "$12.99 ($2.16 / Ounce)",
        "imageUrl": "https://m.media-amazon.com/images/I/31VE3pDd57L._SL160_.jpg",
        "detailPageURL": "https://www.amazon.com/dp/B07S38D8GR",
        "rating": "4.3",
        "totalReviews": "382",
        "subtitle": "The Seaweed Bath Co.",
        "isPrimeEligible": "1"
    },
    {
        "ASIN": "B079QQR8F1",
        "title": "Bliss Satin-Skin Body Polish - Lemon and Sage - Body Scrub with Shea Butter and Coconut Oil - 8.5 Oz - Smoothing and Balancing Skincare - All Skin Types - Vegan & Cruelty-Free",
        "price": "$11.80 ($1.39 / Fl Oz)",
        "listPrice": "$15.00 ($1.76 / Fl Oz)",
        "imageUrl": "https://m.media-amazon.com/images/I/3163Ky-c7OL._SL160_.jpg",
        "detailPageURL": "https://www.amazon.com/dp/B079QQR8F1",
        "rating": "4.4",
        "totalReviews": "2058",
        "subtitle": "Bliss",
        "isPrimeEligible": "1"
    },
    {
        "ASIN": "B0CFG2ZNM4",
        "title": "Spascriptions Hyaluronic Acid Exfoliating Body Scrub, 21 oz, Ultra Hydrating and Exfoliating Scrub for Nourishing Essential Body Care",
        "price": "$7.99 ($0.38 / Ounce)",
        "listPrice": "",
        "imageUrl": "https://m.media-amazon.com/images/I/41bqUeizdhL._SL160_.jpg",
        "detailPageURL": "https://www.amazon.com/dp/B0CFG2ZNM4",
        "rating": "",
        "totalReviews": "",
        "subtitle": "SpaScriptions",
        "isPrimeEligible": "1"
    },
    {
        "ASIN": "B002W8SP0A",
        "title": "OSEA Salts of the Earth Body Scrub | Gently Exfoliate & Soften Skin | Naturally Derived Seaweed Skincare | Vegan & Cruelty-Free",
        "price": "$48.00 ($4.00 / Ounce)",
        "listPrice": "$51.00 ($4.25 / Ounce)",
        "imageUrl": "https://m.media-amazon.com/images/I/31thFwEwR9L._SL160_.jpg",
        "detailPageURL": "https://www.amazon.com/dp/B002W8SP0A",
        "rating": "4.5",
        "totalReviews": "208",
        "subtitle": "OSEA",
        "isPrimeEligible": "1"
    },
    {
        "ASIN": "B07N2GXFVK",
        "title": "Majestic Pure Sweet Orange Body Scrub - Exfoliates, Moisturizes, and Nourishes Skin, 10 oz",
        "price": "$12.89 ($1.29 / Ounce)",
        "listPrice": "",
        "imageUrl": "https://m.media-amazon.com/images/I/41L6wskQNIL._SL160_.jpg",
        "detailPageURL": "https://www.amazon.com/dp/B07N2GXFVK",
        "rating": "4.2",
        "totalReviews": "3529",
        "subtitle": "MAJESTIC PURE",
        "isPrimeEligible": "1"
    },
    {
        "ASIN": "B0011802T4",
        "title": "Pro Tan, Get Buffed, Pre-Tan Body Scrub, Skin Balancing Exfoliator, Balance Skin pH, 8 oz.",
        "price": "$22.95 ($2.87 / Fl Oz)",
        "listPrice": "",
        "imageUrl": "https://m.media-amazon.com/images/I/41RvS40XehL._SL160_.jpg",
        "detailPageURL": "https://www.amazon.com/dp/B0011802T4",
        "rating": "4.5",
        "totalReviews": "184",
        "subtitle": "",
        "isPrimeEligible": "1"
    },
    {
        "ASIN": "B0BQCPJ95D",
        "title": "Naturium KP Body Scrub & Mask for Keratosis Pilaris, Bump Eraser Shower Scrub & Exfoliator for Skin, 8 oz",
        "price": "$17.99 ($2.25 / Ounce)",
        "listPrice": "$19.99 ($2.50 / Ounce)",
        "imageUrl": "https://m.media-amazon.com/images/I/31GilPOaRUL._SL160_.jpg",
        "detailPageURL": "https://www.amazon.com/dp/B0BQCPJ95D",
        "rating": "4.6",
        "totalReviews": "104",
        "subtitle": "Naturium",
        "isPrimeEligible": "1"
    },
    {
        "ASIN": "B08LW5NCK1",
        "title": "Organic Coffee Body Scrub - Coffee Scrub & Sugar Scrub Body Polish, Exfoliating Body Scrub Exfoliator & Foot Scrub, Body Exfoliator, Body Scrubs for Women Exfoliation, Sugar Scrubs for Women & Men",
        "price": "$24.99 ($2.50 / Ounce)",
        "listPrice": "$29.99 ($3.00 / Ounce)",
        "imageUrl": "https://m.media-amazon.com/images/I/51L9pNxcp1L._SL160_.jpg",
        "detailPageURL": "https://www.amazon.com/dp/B08LW5NCK1",
        "rating": "4.4",
        "totalReviews": "820",
        "subtitle": "Beauty by Earth",
        "isPrimeEligible": "1"
    },
    {
        "ASIN": "B0BQP7DTTL",
        "title": "Billie Body Buffer - Pre-shave Exfoliating Bar - 3.5 oz",
        "price": "$6.97 ($1.99 / Ounce)",
        "listPrice": "",
        "imageUrl": "https://m.media-amazon.com/images/I/31MU5zkSWVL._SL160_.jpg",
        "detailPageURL": "https://www.amazon.com/dp/B0BQP7DTTL",
        "rating": "4.5",
        "totalReviews": "452",
        "subtitle": "Billie",
        "isPrimeEligible": "1"
    },
    {
        "ASIN": "B07S38D8GR",
        "title": "The Seaweed Bath Co. Body Scrub, Eucalyptus & Peppermint, Hydrating, Exfoliating, Natural Organic Bladderwrack Seaweed, Paraben Free, 6 oz.",
        "price": "$9.09 ($1.52 / Ounce)",
        "listPrice": "$12.99 ($2.16 / Ounce)",
        "imageUrl": "https://m.media-amazon.com/images/I/31VE3pDd57L._SL160_.jpg",
        "detailPageURL": "https://www.amazon.com/dp/B07S38D8GR",
        "rating": "4.3",
        "totalReviews": "382",
        "subtitle": "The Seaweed Bath Co.",
        "isPrimeEligible": "1"
    },
    {
        "ASIN": "B079QQR8F1",
        "title": "Bliss Satin-Skin Body Polish - Lemon and Sage - Body Scrub with Shea Butter and Coconut Oil - 8.5 Oz - Smoothing and Balancing Skincare - All Skin Types - Vegan & Cruelty-Free",
        "price": "$11.80 ($1.39 / Fl Oz)",
        "listPrice": "$15.00 ($1.76 / Fl Oz)",
        "imageUrl": "https://m.media-amazon.com/images/I/3163Ky-c7OL._SL160_.jpg",
        "detailPageURL": "https://www.amazon.com/dp/B079QQR8F1",
        "rating": "4.4",
        "totalReviews": "2058",
        "subtitle": "Bliss",
        "isPrimeEligible": "1"
    },
    {
        "ASIN": "B0CFG2ZNM4",
        "title": "Spascriptions Hyaluronic Acid Exfoliating Body Scrub, 21 oz, Ultra Hydrating and Exfoliating Scrub for Nourishing Essential Body Care",
        "price": "$7.99 ($0.38 / Ounce)",
        "listPrice": "",
        "imageUrl": "https://m.media-amazon.com/images/I/41bqUeizdhL._SL160_.jpg",
        "detailPageURL": "https://www.amazon.com/dp/B0CFG2ZNM4",
        "rating": "",
        "totalReviews": "",
        "subtitle": "SpaScriptions",
        "isPrimeEligible": "1"
    },
    {
        "ASIN": "B002W8SP0A",
        "title": "OSEA Salts of the Earth Body Scrub | Gently Exfoliate & Soften Skin | Naturally Derived Seaweed Skincare | Vegan & Cruelty-Free",
        "price": "$48.00 ($4.00 / Ounce)",
        "listPrice": "$51.00 ($4.25 / Ounce)",
        "imageUrl": "https://m.media-amazon.com/images/I/31thFwEwR9L._SL160_.jpg",
        "detailPageURL": "https://www.amazon.com/dp/B002W8SP0A",
        "rating": "4.5",
        "totalReviews": "208",
        "subtitle": "OSEA",
        "isPrimeEligible": "1"
    },
    {
        "ASIN": "B07N2GXFVK",
        "title": "Majestic Pure Sweet Orange Body Scrub - Exfoliates, Moisturizes, and Nourishes Skin, 10 oz",
        "price": "$12.89 ($1.29 / Ounce)",
        "listPrice": "",
        "imageUrl": "https://m.media-amazon.com/images/I/41L6wskQNIL._SL160_.jpg",
        "detailPageURL": "https://www.amazon.com/dp/B07N2GXFVK",
        "rating": "4.2",
        "totalReviews": "3529",
        "subtitle": "MAJESTIC PURE",
        "isPrimeEligible": "1"
    },
    {
        "ASIN": "B0011802T4",
        "title": "Pro Tan, Get Buffed, Pre-Tan Body Scrub, Skin Balancing Exfoliator, Balance Skin pH, 8 oz.",
        "price": "$22.95 ($2.87 / Fl Oz)",
        "listPrice": "",
        "imageUrl": "https://m.media-amazon.com/images/I/41RvS40XehL._SL160_.jpg",
        "detailPageURL": "https://www.amazon.com/dp/B0011802T4",
        "rating": "4.5",
        "totalReviews": "184",
        "subtitle": "",
        "isPrimeEligible": "1"
    },
    {
        "ASIN": "B0BQCPJ95D",
        "title": "Naturium KP Body Scrub & Mask for Keratosis Pilaris, Bump Eraser Shower Scrub & Exfoliator for Skin, 8 oz",
        "price": "$17.99 ($2.25 / Ounce)",
        "listPrice": "$19.99 ($2.50 / Ounce)",
        "imageUrl": "https://m.media-amazon.com/images/I/31GilPOaRUL._SL160_.jpg",
        "detailPageURL": "https://www.amazon.com/dp/B0BQCPJ95D",
        "rating": "4.6",
        "totalReviews": "104",
        "subtitle": "Naturium",
        "isPrimeEligible": "1"
    },
    {
        "ASIN": "B08LW5NCK1",
        "title": "Organic Coffee Body Scrub - Coffee Scrub & Sugar Scrub Body Polish, Exfoliating Body Scrub Exfoliator & Foot Scrub, Body Exfoliator, Body Scrubs for Women Exfoliation, Sugar Scrubs for Women & Men",
        "price": "$24.99 ($2.50 / Ounce)",
        "listPrice": "$29.99 ($3.00 / Ounce)",
        "imageUrl": "https://m.media-amazon.com/images/I/51L9pNxcp1L._SL160_.jpg",
        "detailPageURL": "https://www.amazon.com/dp/B08LW5NCK1",
        "rating": "4.4",
        "totalReviews": "820",
        "subtitle": "Beauty by Earth",
        "isPrimeEligible": "1"
    },
    {
        "ASIN": "B09Z7FK957",
        "title": "Pina Colada Body Scrub \u2013 Moisturizing Vitamin C, Potassium, Amino Acids & Nourishing Body Oils -Exfoliating Salt Scrub For Body - Win Against Aging & Dead Skin Scars- 10 oz",
        "price": "$6.95 ($0.70 / Fl Oz)",
        "listPrice": "$8.99 ($0.90 / Fl Oz)",
        "imageUrl": "https://m.media-amazon.com/images/I/513Z0CAjUVL._SL160_.jpg",
        "detailPageURL": "https://www.amazon.com/dp/B09Z7FK957",
        "rating": "3.4",
        "totalReviews": "98",
        "subtitle": "Artnaturals",
        "isPrimeEligible": "1"
    },
    {
        "ASIN": "B07S38D8GR",
        "title": "The Seaweed Bath Co. Body Scrub, Eucalyptus & Peppermint, Hydrating, Exfoliating, Natural Organic Bladderwrack Seaweed, Paraben Free, 6 oz.",
        "price": "$9.09 ($1.52 / Ounce)",
        "listPrice": "$12.99 ($2.16 / Ounce)",
        "imageUrl": "https://m.media-amazon.com/images/I/31VE3pDd57L._SL160_.jpg",
        "detailPageURL": "https://www.amazon.com/dp/B07S38D8GR",
        "rating": "4.3",
        "totalReviews": "382",
        "subtitle": "The Seaweed Bath Co.",
        "isPrimeEligible": "1"
    },
    {
        "ASIN": "B079QQR8F1",
        "title": "Bliss Satin-Skin Body Polish - Lemon and Sage - Body Scrub with Shea Butter and Coconut Oil - 8.5 Oz - Smoothing and Balancing Skincare - All Skin Types - Vegan & Cruelty-Free",
        "price": "$11.80 ($1.39 / Fl Oz)",
        "listPrice": "$15.00 ($1.76 / Fl Oz)",
        "imageUrl": "https://m.media-amazon.com/images/I/3163Ky-c7OL._SL160_.jpg",
        "detailPageURL": "https://www.amazon.com/dp/B079QQR8F1",
        "rating": "4.4",
        "totalReviews": "2058",
        "subtitle": "Bliss",
        "isPrimeEligible": "1"
    },
    {
        "ASIN": "B0CFG2ZNM4",
        "title": "Spascriptions Hyaluronic Acid Exfoliating Body Scrub, 21 oz, Ultra Hydrating and Exfoliating Scrub for Nourishing Essential Body Care",
        "price": "$7.99 ($0.38 / Ounce)",
        "listPrice": "",
        "imageUrl": "https://m.media-amazon.com/images/I/41bqUeizdhL._SL160_.jpg",
        "detailPageURL": "https://www.amazon.com/dp/B0CFG2ZNM4",
        "rating": "",
        "totalReviews": "",
        "subtitle": "SpaScriptions",
        "isPrimeEligible": "1"
    },
    {
        "ASIN": "B002W8SP0A",
        "title": "OSEA Salts of the Earth Body Scrub | Gently Exfoliate & Soften Skin | Naturally Derived Seaweed Skincare | Vegan & Cruelty-Free",
        "price": "$48.00 ($4.00 / Ounce)",
        "listPrice": "$51.00 ($4.25 / Ounce)",
        "imageUrl": "https://m.media-amazon.com/images/I/31thFwEwR9L._SL160_.jpg",
        "detailPageURL": "https://www.amazon.com/dp/B002W8SP0A",
        "rating": "4.5",
        "totalReviews": "208",
        "subtitle": "OSEA",
        "isPrimeEligible": "1"
    },
    {
        "ASIN": "B07N2GXFVK",
        "title": "Majestic Pure Sweet Orange Body Scrub - Exfoliates, Moisturizes, and Nourishes Skin, 10 oz",
        "price": "$12.89 ($1.29 / Ounce)",
        "listPrice": "",
        "imageUrl": "https://m.media-amazon.com/images/I/41L6wskQNIL._SL160_.jpg",
        "detailPageURL": "https://www.amazon.com/dp/B07N2GXFVK",
        "rating": "4.2",
        "totalReviews": "3529",
        "subtitle": "MAJESTIC PURE",
        "isPrimeEligible": "1"
    },
    {
        "ASIN": "B0011802T4",
        "title": "Pro Tan, Get Buffed, Pre-Tan Body Scrub, Skin Balancing Exfoliator, Balance Skin pH, 8 oz.",
        "price": "$22.95 ($2.87 / Fl Oz)",
        "listPrice": "",
        "imageUrl": "https://m.media-amazon.com/images/I/41RvS40XehL._SL160_.jpg",
        "detailPageURL": "https://www.amazon.com/dp/B0011802T4",
        "rating": "4.5",
        "totalReviews": "184",
        "subtitle": "",
        "isPrimeEligible": "1"
    },
    {
        "ASIN": "B0BQCPJ95D",
        "title": "Naturium KP Body Scrub & Mask for Keratosis Pilaris, Bump Eraser Shower Scrub & Exfoliator for Skin, 8 oz",
        "price": "$17.99 ($2.25 / Ounce)",
        "listPrice": "$19.99 ($2.50 / Ounce)",
        "imageUrl": "https://m.media-amazon.com/images/I/31GilPOaRUL._SL160_.jpg",
        "detailPageURL": "https://www.amazon.com/dp/B0BQCPJ95D",
        "rating": "4.6",
        "totalReviews": "104",
        "subtitle": "Naturium",
        "isPrimeEligible": "1"
    },
    {
        "ASIN": "B08LW5NCK1",
        "title": "Organic Coffee Body Scrub - Coffee Scrub & Sugar Scrub Body Polish, Exfoliating Body Scrub Exfoliator & Foot Scrub, Body Exfoliator, Body Scrubs for Women Exfoliation, Sugar Scrubs for Women & Men",
        "price": "$24.99 ($2.50 / Ounce)",
        "listPrice": "$29.99 ($3.00 / Ounce)",
        "imageUrl": "https://m.media-amazon.com/images/I/51L9pNxcp1L._SL160_.jpg",
        "detailPageURL": "https://www.amazon.com/dp/B08LW5NCK1",
        "rating": "4.4",
        "totalReviews": "820",
        "subtitle": "Beauty by Earth",
        "isPrimeEligible": "1"
    },
    {
        "ASIN": "B09Z7FK957",
        "title": "Pina Colada Body Scrub \u2013 Moisturizing Vitamin C, Potassium, Amino Acids & Nourishing Body Oils -Exfoliating Salt Scrub For Body - Win Against Aging & Dead Skin Scars- 10 oz",
        "price": "$6.95 ($0.70 / Fl Oz)",
        "listPrice": "$8.99 ($0.90 / Fl Oz)",
        "imageUrl": "https://m.media-amazon.com/images/I/513Z0CAjUVL._SL160_.jpg",
        "detailPageURL": "https://www.amazon.com/dp/B09Z7FK957",
        "rating": "3.4",
        "totalReviews": "98",
        "subtitle": "Artnaturals",
        "isPrimeEligible": "1"
    },
    {
        "ASIN": "B0BGW8LGGS",
        "title": "goop Beauty Microderm Body Scrub | Exfoliating Body Wash to Cleanse & Moisturize Skin | Quartz, Garnet, & Hydrated Silica | 6 fl oz | Dead Skin Remover Inspired by Microdermabrasion | Paraben Free",
        "price": "$48.00 ($8.00 / Ounce)",
        "listPrice": "",
        "imageUrl": "https://m.media-amazon.com/images/I/314vchffU9L._SL160_.jpg",
        "detailPageURL": "https://www.amazon.com/dp/B0BGW8LGGS",
        "rating": "4.6",
        "totalReviews": "40",
        "subtitle": "goop",
        "isPrimeEligible": "1"
    },
    {
        "ASIN": "B079QQR8F1",
        "title": "Bliss Satin-Skin Body Polish - Lemon and Sage - Body Scrub with Shea Butter and Coconut Oil - 8.5 Oz - Smoothing and Balancing Skincare - All Skin Types - Vegan & Cruelty-Free",
        "price": "$11.80 ($1.39 / Fl Oz)",
        "listPrice": "$15.00 ($1.76 / Fl Oz)",
        "imageUrl": "https://m.media-amazon.com/images/I/3163Ky-c7OL._SL160_.jpg",
        "detailPageURL": "https://www.amazon.com/dp/B079QQR8F1",
        "rating": "4.4",
        "totalReviews": "2058",
        "subtitle": "Bliss",
        "isPrimeEligible": "1"
    },
    {
        "ASIN": "B0CFG2ZNM4",
        "title": "Spascriptions Hyaluronic Acid Exfoliating Body Scrub, 21 oz, Ultra Hydrating and Exfoliating Scrub for Nourishing Essential Body Care",
        "price": "$7.99 ($0.38 / Ounce)",
        "listPrice": "",
        "imageUrl": "https://m.media-amazon.com/images/I/41bqUeizdhL._SL160_.jpg",
        "detailPageURL": "https://www.amazon.com/dp/B0CFG2ZNM4",
        "rating": "",
        "totalReviews": "",
        "subtitle": "SpaScriptions",
        "isPrimeEligible": "1"
    },
    {
        "ASIN": "B002W8SP0A",
        "title": "OSEA Salts of the Earth Body Scrub | Gently Exfoliate & Soften Skin | Naturally Derived Seaweed Skincare | Vegan & Cruelty-Free",
        "price": "$48.00 ($4.00 / Ounce)",
        "listPrice": "$51.00 ($4.25 / Ounce)",
        "imageUrl": "https://m.media-amazon.com/images/I/31thFwEwR9L._SL160_.jpg",
        "detailPageURL": "https://www.amazon.com/dp/B002W8SP0A",
        "rating": "4.5",
        "totalReviews": "208",
        "subtitle": "OSEA",
        "isPrimeEligible": "1"
    },
    {
        "ASIN": "B07N2GXFVK",
        "title": "Majestic Pure Sweet Orange Body Scrub - Exfoliates, Moisturizes, and Nourishes Skin, 10 oz",
        "price": "$12.89 ($1.29 / Ounce)",
        "listPrice": "",
        "imageUrl": "https://m.media-amazon.com/images/I/41L6wskQNIL._SL160_.jpg",
        "detailPageURL": "https://www.amazon.com/dp/B07N2GXFVK",
        "rating": "4.2",
        "totalReviews": "3529",
        "subtitle": "MAJESTIC PURE",
        "isPrimeEligible": "1"
    },
    {
        "ASIN": "B0011802T4",
        "title": "Pro Tan, Get Buffed, Pre-Tan Body Scrub, Skin Balancing Exfoliator, Balance Skin pH, 8 oz.",
        "price": "$22.95 ($2.87 / Fl Oz)",
        "listPrice": "",
        "imageUrl": "https://m.media-amazon.com/images/I/41RvS40XehL._SL160_.jpg",
        "detailPageURL": "https://www.amazon.com/dp/B0011802T4",
        "rating": "4.5",
        "totalReviews": "184",
        "subtitle": "",
        "isPrimeEligible": "1"
    },
    {
        "ASIN": "B0BQCPJ95D",
        "title": "Naturium KP Body Scrub & Mask for Keratosis Pilaris, Bump Eraser Shower Scrub & Exfoliator for Skin, 8 oz",
        "price": "$17.99 ($2.25 / Ounce)",
        "listPrice": "$19.99 ($2.50 / Ounce)",
        "imageUrl": "https://m.media-amazon.com/images/I/31GilPOaRUL._SL160_.jpg",
        "detailPageURL": "https://www.amazon.com/dp/B0BQCPJ95D",
        "rating": "4.6",
        "totalReviews": "104",
        "subtitle": "Naturium",
        "isPrimeEligible": "1"
    },
    {
        "ASIN": "B08LW5NCK1",
        "title": "Organic Coffee Body Scrub - Coffee Scrub & Sugar Scrub Body Polish, Exfoliating Body Scrub Exfoliator & Foot Scrub, Body Exfoliator, Body Scrubs for Women Exfoliation, Sugar Scrubs for Women & Men",
        "price": "$24.99 ($2.50 / Ounce)",
        "listPrice": "$29.99 ($3.00 / Ounce)",
        "imageUrl": "https://m.media-amazon.com/images/I/51L9pNxcp1L._SL160_.jpg",
        "detailPageURL": "https://www.amazon.com/dp/B08LW5NCK1",
        "rating": "4.4",
        "totalReviews": "820",
        "subtitle": "Beauty by Earth",
        "isPrimeEligible": "1"
    },
    {
        "ASIN": "B09Z7FK957",
        "title": "Pina Colada Body Scrub \u2013 Moisturizing Vitamin C, Potassium, Amino Acids & Nourishing Body Oils -Exfoliating Salt Scrub For Body - Win Against Aging & Dead Skin Scars- 10 oz",
        "price": "$6.95 ($0.70 / Fl Oz)",
        "listPrice": "$8.99 ($0.90 / Fl Oz)",
        "imageUrl": "https://m.media-amazon.com/images/I/513Z0CAjUVL._SL160_.jpg",
        "detailPageURL": "https://www.amazon.com/dp/B09Z7FK957",
        "rating": "3.4",
        "totalReviews": "98",
        "subtitle": "Artnaturals",
        "isPrimeEligible": "1"
    },
    {
        "ASIN": "B0BGW8LGGS",
        "title": "goop Beauty Microderm Body Scrub | Exfoliating Body Wash to Cleanse & Moisturize Skin | Quartz, Garnet, & Hydrated Silica | 6 fl oz | Dead Skin Remover Inspired by Microdermabrasion | Paraben Free",
        "price": "$48.00 ($8.00 / Ounce)",
        "listPrice": "",
        "imageUrl": "https://m.media-amazon.com/images/I/314vchffU9L._SL160_.jpg",
        "detailPageURL": "https://www.amazon.com/dp/B0BGW8LGGS",
        "rating": "4.6",
        "totalReviews": "40",
        "subtitle": "goop",
        "isPrimeEligible": "1"
    },
    {
        "ASIN": "B087QMPBQV",
        "title": "Bella and Bear Rose & Ivy Body Scrub, Oil Free, Cruelty-Free, Vegan Body Exfoliator and Polish for Women, 6.7oz",
        "price": "$9.99 ($1.49 / Ounce)",
        "listPrice": "",
        "imageUrl": "https://m.media-amazon.com/images/I/41xhqmX7oyL._SL160_.jpg",
        "detailPageURL": "https://www.amazon.com/dp/B087QMPBQV",
        "rating": "4.2",
        "totalReviews": "993",
        "subtitle": "Bella and Bear",
        "isPrimeEligible": "1"
    },
    {
        "ASIN": "B0CFG2ZNM4",
        "title": "Spascriptions Hyaluronic Acid Exfoliating Body Scrub, 21 oz, Ultra Hydrating and Exfoliating Scrub for Nourishing Essential Body Care",
        "price": "$7.99 ($0.38 / Ounce)",
        "listPrice": "",
        "imageUrl": "https://m.media-amazon.com/images/I/41bqUeizdhL._SL160_.jpg",
        "detailPageURL": "https://www.amazon.com/dp/B0CFG2ZNM4",
        "rating": "",
        "totalReviews": "",
        "subtitle": "SpaScriptions",
        "isPrimeEligible": "1"
    },
    {
        "ASIN": "B002W8SP0A",
        "title": "OSEA Salts of the Earth Body Scrub | Gently Exfoliate & Soften Skin | Naturally Derived Seaweed Skincare | Vegan & Cruelty-Free",
        "price": "$48.00 ($4.00 / Ounce)",
        "listPrice": "$51.00 ($4.25 / Ounce)",
        "imageUrl": "https://m.media-amazon.com/images/I/31thFwEwR9L._SL160_.jpg",
        "detailPageURL": "https://www.amazon.com/dp/B002W8SP0A",
        "rating": "4.5",
        "totalReviews": "208",
        "subtitle": "OSEA",
        "isPrimeEligible": "1"
    },
    {
        "ASIN": "B07N2GXFVK",
        "title": "Majestic Pure Sweet Orange Body Scrub - Exfoliates, Moisturizes, and Nourishes Skin, 10 oz",
        "price": "$12.89 ($1.29 / Ounce)",
        "listPrice": "",
        "imageUrl": "https://m.media-amazon.com/images/I/41L6wskQNIL._SL160_.jpg",
        "detailPageURL": "https://www.amazon.com/dp/B07N2GXFVK",
        "rating": "4.2",
        "totalReviews": "3529",
        "subtitle": "MAJESTIC PURE",
        "isPrimeEligible": "1"
    },
    {
        "ASIN": "B0011802T4",
        "title": "Pro Tan, Get Buffed, Pre-Tan Body Scrub, Skin Balancing Exfoliator, Balance Skin pH, 8 oz.",
        "price": "$22.95 ($2.87 / Fl Oz)",
        "listPrice": "",
        "imageUrl": "https://m.media-amazon.com/images/I/41RvS40XehL._SL160_.jpg",
        "detailPageURL": "https://www.amazon.com/dp/B0011802T4",
        "rating": "4.5",
        "totalReviews": "184",
        "subtitle": "",
        "isPrimeEligible": "1"
    },
    {
        "ASIN": "B0BQCPJ95D",
        "title": "Naturium KP Body Scrub & Mask for Keratosis Pilaris, Bump Eraser Shower Scrub & Exfoliator for Skin, 8 oz",
        "price": "$17.99 ($2.25 / Ounce)",
        "listPrice": "$19.99 ($2.50 / Ounce)",
        "imageUrl": "https://m.media-amazon.com/images/I/31GilPOaRUL._SL160_.jpg",
        "detailPageURL": "https://www.amazon.com/dp/B0BQCPJ95D",
        "rating": "4.6",
        "totalReviews": "104",
        "subtitle": "Naturium",
        "isPrimeEligible": "1"
    },
    {
        "ASIN": "B08LW5NCK1",
        "title": "Organic Coffee Body Scrub - Coffee Scrub & Sugar Scrub Body Polish, Exfoliating Body Scrub Exfoliator & Foot Scrub, Body Exfoliator, Body Scrubs for Women Exfoliation, Sugar Scrubs for Women & Men",
        "price": "$24.99 ($2.50 / Ounce)",
        "listPrice": "$29.99 ($3.00 / Ounce)",
        "imageUrl": "https://m.media-amazon.com/images/I/51L9pNxcp1L._SL160_.jpg",
        "detailPageURL": "https://www.amazon.com/dp/B08LW5NCK1",
        "rating": "4.4",
        "totalReviews": "820",
        "subtitle": "Beauty by Earth",
        "isPrimeEligible": "1"
    },
    {
        "ASIN": "B09Z7FK957",
        "title": "Pina Colada Body Scrub \u2013 Moisturizing Vitamin C, Potassium, Amino Acids & Nourishing Body Oils -Exfoliating Salt Scrub For Body - Win Against Aging & Dead Skin Scars- 10 oz",
        "price": "$6.95 ($0.70 / Fl Oz)",
        "listPrice": "$8.99 ($0.90 / Fl Oz)",
        "imageUrl": "https://m.media-amazon.com/images/I/513Z0CAjUVL._SL160_.jpg",
        "detailPageURL": "https://www.amazon.com/dp/B09Z7FK957",
        "rating": "3.4",
        "totalReviews": "98",
        "subtitle": "Artnaturals",
        "isPrimeEligible": "1"
    },
    {
        "ASIN": "B0BGW8LGGS",
        "title": "goop Beauty Microderm Body Scrub | Exfoliating Body Wash to Cleanse & Moisturize Skin | Quartz, Garnet, & Hydrated Silica | 6 fl oz | Dead Skin Remover Inspired by Microdermabrasion | Paraben Free",
        "price": "$48.00 ($8.00 / Ounce)",
        "listPrice": "",
        "imageUrl": "https://m.media-amazon.com/images/I/314vchffU9L._SL160_.jpg",
        "detailPageURL": "https://www.amazon.com/dp/B0BGW8LGGS",
        "rating": "4.6",
        "totalReviews": "40",
        "subtitle": "goop",
        "isPrimeEligible": "1"
    },
    {
        "ASIN": "B087QMPBQV",
        "title": "Bella and Bear Rose & Ivy Body Scrub, Oil Free, Cruelty-Free, Vegan Body Exfoliator and Polish for Women, 6.7oz",
        "price": "$9.99 ($1.49 / Ounce)",
        "listPrice": "",
        "imageUrl": "https://m.media-amazon.com/images/I/41xhqmX7oyL._SL160_.jpg",
        "detailPageURL": "https://www.amazon.com/dp/B087QMPBQV",
        "rating": "4.2",
        "totalReviews": "993",
        "subtitle": "Bella and Bear",
        "isPrimeEligible": "1"
    },
    {
        "ASIN": "B0CF1R2Z5C",
        "title": "KP Bump Eraser Body Scrub, Exfoliating Body Scrub, Body Exfoliator Scrub, KP Body Scrub for Women Strawberry Legs, Effective Body Scrubs for Women Exfoliation Bump Eraser",
        "price": "$19.99 ($2.46 / Fl Oz)",
        "listPrice": "",
        "imageUrl": "https://m.media-amazon.com/images/I/41kK5Dp830L._SL160_.jpg",
        "detailPageURL": "https://www.amazon.com/dp/B0CF1R2Z5C",
        "rating": "4.8",
        "totalReviews": "243",
        "subtitle": "CIZ",
        "isPrimeEligible": "1"
    },
    {
        "ASIN": "B002W8SP0A",
        "title": "OSEA Salts of the Earth Body Scrub | Gently Exfoliate & Soften Skin | Naturally Derived Seaweed Skincare | Vegan & Cruelty-Free",
        "price": "$48.00 ($4.00 / Ounce)",
        "listPrice": "$51.00 ($4.25 / Ounce)",
        "imageUrl": "https://m.media-amazon.com/images/I/31thFwEwR9L._SL160_.jpg",
        "detailPageURL": "https://www.amazon.com/dp/B002W8SP0A",
        "rating": "4.5",
        "totalReviews": "208",
        "subtitle": "OSEA",
        "isPrimeEligible": "1"
    },
    {
        "ASIN": "B07N2GXFVK",
        "title": "Majestic Pure Sweet Orange Body Scrub - Exfoliates, Moisturizes, and Nourishes Skin, 10 oz",
        "price": "$12.89 ($1.29 / Ounce)",
        "listPrice": "",
        "imageUrl": "https://m.media-amazon.com/images/I/41L6wskQNIL._SL160_.jpg",
        "detailPageURL": "https://www.amazon.com/dp/B07N2GXFVK",
        "rating": "4.2",
        "totalReviews": "3529",
        "subtitle": "MAJESTIC PURE",
        "isPrimeEligible": "1"
    },
    {
        "ASIN": "B0011802T4",
        "title": "Pro Tan, Get Buffed, Pre-Tan Body Scrub, Skin Balancing Exfoliator, Balance Skin pH, 8 oz.",
        "price": "$22.95 ($2.87 / Fl Oz)",
        "listPrice": "",
        "imageUrl": "https://m.media-amazon.com/images/I/41RvS40XehL._SL160_.jpg",
        "detailPageURL": "https://www.amazon.com/dp/B0011802T4",
        "rating": "4.5",
        "totalReviews": "184",
        "subtitle": "",
        "isPrimeEligible": "1"
    },
    {
        "ASIN": "B0BQCPJ95D",
        "title": "Naturium KP Body Scrub & Mask for Keratosis Pilaris, Bump Eraser Shower Scrub & Exfoliator for Skin, 8 oz",
        "price": "$17.99 ($2.25 / Ounce)",
        "listPrice": "$19.99 ($2.50 / Ounce)",
        "imageUrl": "https://m.media-amazon.com/images/I/31GilPOaRUL._SL160_.jpg",
        "detailPageURL": "https://www.amazon.com/dp/B0BQCPJ95D",
        "rating": "4.6",
        "totalReviews": "104",
        "subtitle": "Naturium",
        "isPrimeEligible": "1"
    },
    {
        "ASIN": "B08LW5NCK1",
        "title": "Organic Coffee Body Scrub - Coffee Scrub & Sugar Scrub Body Polish, Exfoliating Body Scrub Exfoliator & Foot Scrub, Body Exfoliator, Body Scrubs for Women Exfoliation, Sugar Scrubs for Women & Men",
        "price": "$24.99 ($2.50 / Ounce)",
        "listPrice": "$29.99 ($3.00 / Ounce)",
        "imageUrl": "https://m.media-amazon.com/images/I/51L9pNxcp1L._SL160_.jpg",
        "detailPageURL": "https://www.amazon.com/dp/B08LW5NCK1",
        "rating": "4.4",
        "totalReviews": "820",
        "subtitle": "Beauty by Earth",
        "isPrimeEligible": "1"
    },
    {
        "ASIN": "B09Z7FK957",
        "title": "Pina Colada Body Scrub \u2013 Moisturizing Vitamin C, Potassium, Amino Acids & Nourishing Body Oils -Exfoliating Salt Scrub For Body - Win Against Aging & Dead Skin Scars- 10 oz",
        "price": "$6.95 ($0.70 / Fl Oz)",
        "listPrice": "$8.99 ($0.90 / Fl Oz)",
        "imageUrl": "https://m.media-amazon.com/images/I/513Z0CAjUVL._SL160_.jpg",
        "detailPageURL": "https://www.amazon.com/dp/B09Z7FK957",
        "rating": "3.4",
        "totalReviews": "98",
        "subtitle": "Artnaturals",
        "isPrimeEligible": "1"
    },
    {
        "ASIN": "B0BGW8LGGS",
        "title": "goop Beauty Microderm Body Scrub | Exfoliating Body Wash to Cleanse & Moisturize Skin | Quartz, Garnet, & Hydrated Silica | 6 fl oz | Dead Skin Remover Inspired by Microdermabrasion | Paraben Free",
        "price": "$48.00 ($8.00 / Ounce)",
        "listPrice": "",
        "imageUrl": "https://m.media-amazon.com/images/I/314vchffU9L._SL160_.jpg",
        "detailPageURL": "https://www.amazon.com/dp/B0BGW8LGGS",
        "rating": "4.6",
        "totalReviews": "40",
        "subtitle": "goop",
        "isPrimeEligible": "1"
    },
    {
        "ASIN": "B087QMPBQV",
        "title": "Bella and Bear Rose & Ivy Body Scrub, Oil Free, Cruelty-Free, Vegan Body Exfoliator and Polish for Women, 6.7oz",
        "price": "$9.99 ($1.49 / Ounce)",
        "listPrice": "",
        "imageUrl": "https://m.media-amazon.com/images/I/41xhqmX7oyL._SL160_.jpg",
        "detailPageURL": "https://www.amazon.com/dp/B087QMPBQV",
        "rating": "4.2",
        "totalReviews": "993",
        "subtitle": "Bella and Bear",
        "isPrimeEligible": "1"
    },
    {
        "ASIN": "B0CF1R2Z5C",
        "title": "KP Bump Eraser Body Scrub, Exfoliating Body Scrub, Body Exfoliator Scrub, KP Body Scrub for Women Strawberry Legs, Effective Body Scrubs for Women Exfoliation Bump Eraser",
        "price": "$19.99 ($2.46 / Fl Oz)",
        "listPrice": "",
        "imageUrl": "https://m.media-amazon.com/images/I/41kK5Dp830L._SL160_.jpg",
        "detailPageURL": "https://www.amazon.com/dp/B0CF1R2Z5C",
        "rating": "4.8",
        "totalReviews": "243",
        "subtitle": "CIZ",
        "isPrimeEligible": "1"
    },
    {
        "ASIN": "B08KWHBFMV",
        "title": "Bare Botanics Lemon Orange Body Scrub 24oz | Made in Madison, WI | All Natural Sea Salt Exfoliator w/ Skin Loving Moisturizers | Vegan & Cruelty Free | Gift Ready Packaging w/ a Cute Wooden Spoon",
        "price": "$26.95 ($1.12 / Ounce)",
        "listPrice": "",
        "imageUrl": "https://m.media-amazon.com/images/I/41v8jSYQ4oL._SL160_.jpg",
        "detailPageURL": "https://www.amazon.com/dp/B08KWHBFMV",
        "rating": "4.4",
        "totalReviews": "483",
        "subtitle": "BARE BOTANICS",
        "isPrimeEligible": "1"
    },
    {
        "ASIN": "B07N2GXFVK",
        "title": "Majestic Pure Sweet Orange Body Scrub - Exfoliates, Moisturizes, and Nourishes Skin, 10 oz",
        "price": "$12.89 ($1.29 / Ounce)",
        "listPrice": "",
        "imageUrl": "https://m.media-amazon.com/images/I/41L6wskQNIL._SL160_.jpg",
        "detailPageURL": "https://www.amazon.com/dp/B07N2GXFVK",
        "rating": "4.2",
        "totalReviews": "3529",
        "subtitle": "MAJESTIC PURE",
        "isPrimeEligible": "1"
    },
    {
        "ASIN": "B0011802T4",
        "title": "Pro Tan, Get Buffed, Pre-Tan Body Scrub, Skin Balancing Exfoliator, Balance Skin pH, 8 oz.",
        "price": "$22.95 ($2.87 / Fl Oz)",
        "listPrice": "",
        "imageUrl": "https://m.media-amazon.com/images/I/41RvS40XehL._SL160_.jpg",
        "detailPageURL": "https://www.amazon.com/dp/B0011802T4",
        "rating": "4.5",
        "totalReviews": "184",
        "subtitle": "",
        "isPrimeEligible": "1"
    },
    {
        "ASIN": "B0BQCPJ95D",
        "title": "Naturium KP Body Scrub & Mask for Keratosis Pilaris, Bump Eraser Shower Scrub & Exfoliator for Skin, 8 oz",
        "price": "$17.99 ($2.25 / Ounce)",
        "listPrice": "$19.99 ($2.50 / Ounce)",
        "imageUrl": "https://m.media-amazon.com/images/I/31GilPOaRUL._SL160_.jpg",
        "detailPageURL": "https://www.amazon.com/dp/B0BQCPJ95D",
        "rating": "4.6",
        "totalReviews": "104",
        "subtitle": "Naturium",
        "isPrimeEligible": "1"
    },
    {
        "ASIN": "B08LW5NCK1",
        "title": "Organic Coffee Body Scrub - Coffee Scrub & Sugar Scrub Body Polish, Exfoliating Body Scrub Exfoliator & Foot Scrub, Body Exfoliator, Body Scrubs for Women Exfoliation, Sugar Scrubs for Women & Men",
        "price": "$24.99 ($2.50 / Ounce)",
        "listPrice": "$29.99 ($3.00 / Ounce)",
        "imageUrl": "https://m.media-amazon.com/images/I/51L9pNxcp1L._SL160_.jpg",
        "detailPageURL": "https://www.amazon.com/dp/B08LW5NCK1",
        "rating": "4.4",
        "totalReviews": "820",
        "subtitle": "Beauty by Earth",
        "isPrimeEligible": "1"
    },
    {
        "ASIN": "B09Z7FK957",
        "title": "Pina Colada Body Scrub \u2013 Moisturizing Vitamin C, Potassium, Amino Acids & Nourishing Body Oils -Exfoliating Salt Scrub For Body - Win Against Aging & Dead Skin Scars- 10 oz",
        "price": "$6.95 ($0.70 / Fl Oz)",
        "listPrice": "$8.99 ($0.90 / Fl Oz)",
        "imageUrl": "https://m.media-amazon.com/images/I/513Z0CAjUVL._SL160_.jpg",
        "detailPageURL": "https://www.amazon.com/dp/B09Z7FK957",
        "rating": "3.4",
        "totalReviews": "98",
        "subtitle": "Artnaturals",
        "isPrimeEligible": "1"
    },
    {
        "ASIN": "B0BGW8LGGS",
        "title": "goop Beauty Microderm Body Scrub | Exfoliating Body Wash to Cleanse & Moisturize Skin | Quartz, Garnet, & Hydrated Silica | 6 fl oz | Dead Skin Remover Inspired by Microdermabrasion | Paraben Free",
        "price": "$48.00 ($8.00 / Ounce)",
        "listPrice": "",
        "imageUrl": "https://m.media-amazon.com/images/I/314vchffU9L._SL160_.jpg",
        "detailPageURL": "https://www.amazon.com/dp/B0BGW8LGGS",
        "rating": "4.6",
        "totalReviews": "40",
        "subtitle": "goop",
        "isPrimeEligible": "1"
    },
    {
        "ASIN": "B087QMPBQV",
        "title": "Bella and Bear Rose & Ivy Body Scrub, Oil Free, Cruelty-Free, Vegan Body Exfoliator and Polish for Women, 6.7oz",
        "price": "$9.99 ($1.49 / Ounce)",
        "listPrice": "",
        "imageUrl": "https://m.media-amazon.com/images/I/41xhqmX7oyL._SL160_.jpg",
        "detailPageURL": "https://www.amazon.com/dp/B087QMPBQV",
        "rating": "4.2",
        "totalReviews": "993",
        "subtitle": "Bella and Bear",
        "isPrimeEligible": "1"
    },
    {
        "ASIN": "B0CF1R2Z5C",
        "title": "KP Bump Eraser Body Scrub, Exfoliating Body Scrub, Body Exfoliator Scrub, KP Body Scrub for Women Strawberry Legs, Effective Body Scrubs for Women Exfoliation Bump Eraser",
        "price": "$19.99 ($2.46 / Fl Oz)",
        "listPrice": "",
        "imageUrl": "https://m.media-amazon.com/images/I/41kK5Dp830L._SL160_.jpg",
        "detailPageURL": "https://www.amazon.com/dp/B0CF1R2Z5C",
        "rating": "4.8",
        "totalReviews": "243",
        "subtitle": "CIZ",
        "isPrimeEligible": "1"
    },
    {
        "ASIN": "B08KWHBFMV",
        "title": "Bare Botanics Lemon Orange Body Scrub 24oz | Made in Madison, WI | All Natural Sea Salt Exfoliator w/ Skin Loving Moisturizers | Vegan & Cruelty Free | Gift Ready Packaging w/ a Cute Wooden Spoon",
        "price": "$26.95 ($1.12 / Ounce)",
        "listPrice": "",
        "imageUrl": "https://m.media-amazon.com/images/I/41v8jSYQ4oL._SL160_.jpg",
        "detailPageURL": "https://www.amazon.com/dp/B08KWHBFMV",
        "rating": "4.4",
        "totalReviews": "483",
        "subtitle": "BARE BOTANICS",
        "isPrimeEligible": "1"
    },
    {
        "ASIN": "B00A2WHOD2",
        "title": "Shea Moisture Sheamoisture Coconut & Hibiscus Hand & Body Scrub, 12 Oz",
        "price": "$14.71 ($1.23 / Ounce)",
        "listPrice": "",
        "imageUrl": "https://m.media-amazon.com/images/I/41mfM8bSPKL._SL160_.jpg",
        "detailPageURL": "https://www.amazon.com/dp/B00A2WHOD2",
        "rating": "4.5",
        "totalReviews": "342",
        "subtitle": "SheaMoisture",
        "isPrimeEligible": "1"
    },
    {
        "ASIN": "B0011802T4",
        "title": "Pro Tan, Get Buffed, Pre-Tan Body Scrub, Skin Balancing Exfoliator, Balance Skin pH, 8 oz.",
        "price": "$22.95 ($2.87 / Fl Oz)",
        "listPrice": "",
        "imageUrl": "https://m.media-amazon.com/images/I/41RvS40XehL._SL160_.jpg",
        "detailPageURL": "https://www.amazon.com/dp/B0011802T4",
        "rating": "4.5",
        "totalReviews": "184",
        "subtitle": "",
        "isPrimeEligible": "1"
    },
    {
        "ASIN": "B0BQCPJ95D",
        "title": "Naturium KP Body Scrub & Mask for Keratosis Pilaris, Bump Eraser Shower Scrub & Exfoliator for Skin, 8 oz",
        "price": "$17.99 ($2.25 / Ounce)",
        "listPrice": "$19.99 ($2.50 / Ounce)",
        "imageUrl": "https://m.media-amazon.com/images/I/31GilPOaRUL._SL160_.jpg",
        "detailPageURL": "https://www.amazon.com/dp/B0BQCPJ95D",
        "rating": "4.6",
        "totalReviews": "104",
        "subtitle": "Naturium",
        "isPrimeEligible": "1"
    },
    {
        "ASIN": "B08LW5NCK1",
        "title": "Organic Coffee Body Scrub - Coffee Scrub & Sugar Scrub Body Polish, Exfoliating Body Scrub Exfoliator & Foot Scrub, Body Exfoliator, Body Scrubs for Women Exfoliation, Sugar Scrubs for Women & Men",
        "price": "$24.99 ($2.50 / Ounce)",
        "listPrice": "$29.99 ($3.00 / Ounce)",
        "imageUrl": "https://m.media-amazon.com/images/I/51L9pNxcp1L._SL160_.jpg",
        "detailPageURL": "https://www.amazon.com/dp/B08LW5NCK1",
        "rating": "4.4",
        "totalReviews": "820",
        "subtitle": "Beauty by Earth",
        "isPrimeEligible": "1"
    },
    {
        "ASIN": "B09Z7FK957",
        "title": "Pina Colada Body Scrub \u2013 Moisturizing Vitamin C, Potassium, Amino Acids & Nourishing Body Oils -Exfoliating Salt Scrub For Body - Win Against Aging & Dead Skin Scars- 10 oz",
        "price": "$6.95 ($0.70 / Fl Oz)",
        "listPrice": "$8.99 ($0.90 / Fl Oz)",
        "imageUrl": "https://m.media-amazon.com/images/I/513Z0CAjUVL._SL160_.jpg",
        "detailPageURL": "https://www.amazon.com/dp/B09Z7FK957",
        "rating": "3.4",
        "totalReviews": "98",
        "subtitle": "Artnaturals",
        "isPrimeEligible": "1"
    },
    {
        "ASIN": "B0BGW8LGGS",
        "title": "goop Beauty Microderm Body Scrub | Exfoliating Body Wash to Cleanse & Moisturize Skin | Quartz, Garnet, & Hydrated Silica | 6 fl oz | Dead Skin Remover Inspired by Microdermabrasion | Paraben Free",
        "price": "$48.00 ($8.00 / Ounce)",
        "listPrice": "",
        "imageUrl": "https://m.media-amazon.com/images/I/314vchffU9L._SL160_.jpg",
        "detailPageURL": "https://www.amazon.com/dp/B0BGW8LGGS",
        "rating": "4.6",
        "totalReviews": "40",
        "subtitle": "goop",
        "isPrimeEligible": "1"
    },
    {
        "ASIN": "B087QMPBQV",
        "title": "Bella and Bear Rose & Ivy Body Scrub, Oil Free, Cruelty-Free, Vegan Body Exfoliator and Polish for Women, 6.7oz",
        "price": "$9.99 ($1.49 / Ounce)",
        "listPrice": "",
        "imageUrl": "https://m.media-amazon.com/images/I/41xhqmX7oyL._SL160_.jpg",
        "detailPageURL": "https://www.amazon.com/dp/B087QMPBQV",
        "rating": "4.2",
        "totalReviews": "993",
        "subtitle": "Bella and Bear",
        "isPrimeEligible": "1"
    },
    {
        "ASIN": "B0CF1R2Z5C",
        "title": "KP Bump Eraser Body Scrub, Exfoliating Body Scrub, Body Exfoliator Scrub, KP Body Scrub for Women Strawberry Legs, Effective Body Scrubs for Women Exfoliation Bump Eraser",
        "price": "$19.99 ($2.46 / Fl Oz)",
        "listPrice": "",
        "imageUrl": "https://m.media-amazon.com/images/I/41kK5Dp830L._SL160_.jpg",
        "detailPageURL": "https://www.amazon.com/dp/B0CF1R2Z5C",
        "rating": "4.8",
        "totalReviews": "243",
        "subtitle": "CIZ",
        "isPrimeEligible": "1"
    },
    {
        "ASIN": "B08KWHBFMV",
        "title": "Bare Botanics Lemon Orange Body Scrub 24oz | Made in Madison, WI | All Natural Sea Salt Exfoliator w/ Skin Loving Moisturizers | Vegan & Cruelty Free | Gift Ready Packaging w/ a Cute Wooden Spoon",
        "price": "$26.95 ($1.12 / Ounce)",
        "listPrice": "",
        "imageUrl": "https://m.media-amazon.com/images/I/41v8jSYQ4oL._SL160_.jpg",
        "detailPageURL": "https://www.amazon.com/dp/B08KWHBFMV",
        "rating": "4.4",
        "totalReviews": "483",
        "subtitle": "BARE BOTANICS",
        "isPrimeEligible": "1"
    },
    {
        "ASIN": "B00A2WHOD2",
        "title": "Shea Moisture Sheamoisture Coconut & Hibiscus Hand & Body Scrub, 12 Oz",
        "price": "$14.71 ($1.23 / Ounce)",
        "listPrice": "",
        "imageUrl": "https://m.media-amazon.com/images/I/41mfM8bSPKL._SL160_.jpg",
        "detailPageURL": "https://www.amazon.com/dp/B00A2WHOD2",
        "rating": "4.5",
        "totalReviews": "342",
        "subtitle": "SheaMoisture",
        "isPrimeEligible": "1"
    },
    {
        "ASIN": "B097Z1G9S6",
        "title": "Planty Exfoliating Body Scrub with AHAs - Glycolic Acid & Lactic Acid - For Rough Skin and Uneven Skin Tone, 8 0z",
        "price": "$19.99 ($19.99 / Fl Oz)",
        "listPrice": "",
        "imageUrl": "https://m.media-amazon.com/images/I/31rpc45pXNL._SL160_.jpg",
        "detailPageURL": "https://www.amazon.com/dp/B097Z1G9S6",
        "rating": "4.4",
        "totalReviews": "75",
        "subtitle": "Planty",
        "isPrimeEligible": "1"
    },
    {
        "ASIN": "B0BQCPJ95D",
        "title": "Naturium KP Body Scrub & Mask for Keratosis Pilaris, Bump Eraser Shower Scrub & Exfoliator for Skin, 8 oz",
        "price": "$17.99 ($2.25 / Ounce)",
        "listPrice": "$19.99 ($2.50 / Ounce)",
        "imageUrl": "https://m.media-amazon.com/images/I/31GilPOaRUL._SL160_.jpg",
        "detailPageURL": "https://www.amazon.com/dp/B0BQCPJ95D",
        "rating": "4.6",
        "totalReviews": "104",
        "subtitle": "Naturium",
        "isPrimeEligible": "1"
    },
    {
        "ASIN": "B08LW5NCK1",
        "title": "Organic Coffee Body Scrub - Coffee Scrub & Sugar Scrub Body Polish, Exfoliating Body Scrub Exfoliator & Foot Scrub, Body Exfoliator, Body Scrubs for Women Exfoliation, Sugar Scrubs for Women & Men",
        "price": "$24.99 ($2.50 / Ounce)",
        "listPrice": "$29.99 ($3.00 / Ounce)",
        "imageUrl": "https://m.media-amazon.com/images/I/51L9pNxcp1L._SL160_.jpg",
        "detailPageURL": "https://www.amazon.com/dp/B08LW5NCK1",
        "rating": "4.4",
        "totalReviews": "820",
        "subtitle": "Beauty by Earth",
        "isPrimeEligible": "1"
    },
    {
        "ASIN": "B09Z7FK957",
        "title": "Pina Colada Body Scrub \u2013 Moisturizing Vitamin C, Potassium, Amino Acids & Nourishing Body Oils -Exfoliating Salt Scrub For Body - Win Against Aging & Dead Skin Scars- 10 oz",
        "price": "$6.95 ($0.70 / Fl Oz)",
        "listPrice": "$8.99 ($0.90 / Fl Oz)",
        "imageUrl": "https://m.media-amazon.com/images/I/513Z0CAjUVL._SL160_.jpg",
        "detailPageURL": "https://www.amazon.com/dp/B09Z7FK957",
        "rating": "3.4",
        "totalReviews": "98",
        "subtitle": "Artnaturals",
        "isPrimeEligible": "1"
    },
    {
        "ASIN": "B0BGW8LGGS",
        "title": "goop Beauty Microderm Body Scrub | Exfoliating Body Wash to Cleanse & Moisturize Skin | Quartz, Garnet, & Hydrated Silica | 6 fl oz | Dead Skin Remover Inspired by Microdermabrasion | Paraben Free",
        "price": "$48.00 ($8.00 / Ounce)",
        "listPrice": "",
        "imageUrl": "https://m.media-amazon.com/images/I/314vchffU9L._SL160_.jpg",
        "detailPageURL": "https://www.amazon.com/dp/B0BGW8LGGS",
        "rating": "4.6",
        "totalReviews": "40",
        "subtitle": "goop",
        "isPrimeEligible": "1"
    },
    {
        "ASIN": "B087QMPBQV",
        "title": "Bella and Bear Rose & Ivy Body Scrub, Oil Free, Cruelty-Free, Vegan Body Exfoliator and Polish for Women, 6.7oz",
        "price": "$9.99 ($1.49 / Ounce)",
        "listPrice": "",
        "imageUrl": "https://m.media-amazon.com/images/I/41xhqmX7oyL._SL160_.jpg",
        "detailPageURL": "https://www.amazon.com/dp/B087QMPBQV",
        "rating": "4.2",
        "totalReviews": "993",
        "subtitle": "Bella and Bear",
        "isPrimeEligible": "1"
    },
    {
        "ASIN": "B0CF1R2Z5C",
        "title": "KP Bump Eraser Body Scrub, Exfoliating Body Scrub, Body Exfoliator Scrub, KP Body Scrub for Women Strawberry Legs, Effective Body Scrubs for Women Exfoliation Bump Eraser",
        "price": "$19.99 ($2.46 / Fl Oz)",
        "listPrice": "",
        "imageUrl": "https://m.media-amazon.com/images/I/41kK5Dp830L._SL160_.jpg",
        "detailPageURL": "https://www.amazon.com/dp/B0CF1R2Z5C",
        "rating": "4.8",
        "totalReviews": "243",
        "subtitle": "CIZ",
        "isPrimeEligible": "1"
    },
    {
        "ASIN": "B08KWHBFMV",
        "title": "Bare Botanics Lemon Orange Body Scrub 24oz | Made in Madison, WI | All Natural Sea Salt Exfoliator w/ Skin Loving Moisturizers | Vegan & Cruelty Free | Gift Ready Packaging w/ a Cute Wooden Spoon",
        "price": "$26.95 ($1.12 / Ounce)",
        "listPrice": "",
        "imageUrl": "https://m.media-amazon.com/images/I/41v8jSYQ4oL._SL160_.jpg",
        "detailPageURL": "https://www.amazon.com/dp/B08KWHBFMV",
        "rating": "4.4",
        "totalReviews": "483",
        "subtitle": "BARE BOTANICS",
        "isPrimeEligible": "1"
    },
    {
        "ASIN": "B00A2WHOD2",
        "title": "Shea Moisture Sheamoisture Coconut & Hibiscus Hand & Body Scrub, 12 Oz",
        "price": "$14.71 ($1.23 / Ounce)",
        "listPrice": "",
        "imageUrl": "https://m.media-amazon.com/images/I/41mfM8bSPKL._SL160_.jpg",
        "detailPageURL": "https://www.amazon.com/dp/B00A2WHOD2",
        "rating": "4.5",
        "totalReviews": "342",
        "subtitle": "SheaMoisture",
        "isPrimeEligible": "1"
    },
    {
        "ASIN": "B097Z1G9S6",
        "title": "Planty Exfoliating Body Scrub with AHAs - Glycolic Acid & Lactic Acid - For Rough Skin and Uneven Skin Tone, 8 0z",
        "price": "$19.99 ($19.99 / Fl Oz)",
        "listPrice": "",
        "imageUrl": "https://m.media-amazon.com/images/I/31rpc45pXNL._SL160_.jpg",
        "detailPageURL": "https://www.amazon.com/dp/B097Z1G9S6",
        "rating": "4.4",
        "totalReviews": "75",
        "subtitle": "Planty",
        "isPrimeEligible": "1"
    },
    {
        "ASIN": "B07D3DVQ36",
        "title": "BODHI HANDMADE SOAP Almond Honey Volcanic Ash Whipped Soap Body Scrub, 14 OZ",
        "price": "$13.50 ($0.96 / Ounce)",
        "listPrice": "$14.59 ($1.04 / Ounce)",
        "imageUrl": "https://m.media-amazon.com/images/I/41y940EOyOS._SL160_.jpg",
        "detailPageURL": "https://www.amazon.com/dp/B07D3DVQ36",
        "rating": "4.6",
        "totalReviews": "293",
        "subtitle": "BODHI",
        "isPrimeEligible": "1"
    },
    {
        "ASIN": "B08LW5NCK1",
        "title": "Organic Coffee Body Scrub - Coffee Scrub & Sugar Scrub Body Polish, Exfoliating Body Scrub Exfoliator & Foot Scrub, Body Exfoliator, Body Scrubs for Women Exfoliation, Sugar Scrubs for Women & Men",
        "price": "$24.99 ($2.50 / Ounce)",
        "listPrice": "$29.99 ($3.00 / Ounce)",
        "imageUrl": "https://m.media-amazon.com/images/I/51L9pNxcp1L._SL160_.jpg",
        "detailPageURL": "https://www.amazon.com/dp/B08LW5NCK1",
        "rating": "4.4",
        "totalReviews": "820",
        "subtitle": "Beauty by Earth",
        "isPrimeEligible": "1"
    },
    {
        "ASIN": "B09Z7FK957",
        "title": "Pina Colada Body Scrub \u2013 Moisturizing Vitamin C, Potassium, Amino Acids & Nourishing Body Oils -Exfoliating Salt Scrub For Body - Win Against Aging & Dead Skin Scars- 10 oz",
        "price": "$6.95 ($0.70 / Fl Oz)",
        "listPrice": "$8.99 ($0.90 / Fl Oz)",
        "imageUrl": "https://m.media-amazon.com/images/I/513Z0CAjUVL._SL160_.jpg",
        "detailPageURL": "https://www.amazon.com/dp/B09Z7FK957",
        "rating": "3.4",
        "totalReviews": "98",
        "subtitle": "Artnaturals",
        "isPrimeEligible": "1"
    },
    {
        "ASIN": "B0BGW8LGGS",
        "title": "goop Beauty Microderm Body Scrub | Exfoliating Body Wash to Cleanse & Moisturize Skin | Quartz, Garnet, & Hydrated Silica | 6 fl oz | Dead Skin Remover Inspired by Microdermabrasion | Paraben Free",
        "price": "$48.00 ($8.00 / Ounce)",
        "listPrice": "",
        "imageUrl": "https://m.media-amazon.com/images/I/314vchffU9L._SL160_.jpg",
        "detailPageURL": "https://www.amazon.com/dp/B0BGW8LGGS",
        "rating": "4.6",
        "totalReviews": "40",
        "subtitle": "goop",
        "isPrimeEligible": "1"
    },
    {
        "ASIN": "B087QMPBQV",
        "title": "Bella and Bear Rose & Ivy Body Scrub, Oil Free, Cruelty-Free, Vegan Body Exfoliator and Polish for Women, 6.7oz",
        "price": "$9.99 ($1.49 / Ounce)",
        "listPrice": "",
        "imageUrl": "https://m.media-amazon.com/images/I/41xhqmX7oyL._SL160_.jpg",
        "detailPageURL": "https://www.amazon.com/dp/B087QMPBQV",
        "rating": "4.2",
        "totalReviews": "993",
        "subtitle": "Bella and Bear",
        "isPrimeEligible": "1"
    },
    {
        "ASIN": "B0CF1R2Z5C",
        "title": "KP Bump Eraser Body Scrub, Exfoliating Body Scrub, Body Exfoliator Scrub, KP Body Scrub for Women Strawberry Legs, Effective Body Scrubs for Women Exfoliation Bump Eraser",
        "price": "$19.99 ($2.46 / Fl Oz)",
        "listPrice": "",
        "imageUrl": "https://m.media-amazon.com/images/I/41kK5Dp830L._SL160_.jpg",
        "detailPageURL": "https://www.amazon.com/dp/B0CF1R2Z5C",
        "rating": "4.8",
        "totalReviews": "243",
        "subtitle": "CIZ",
        "isPrimeEligible": "1"
    },
    {
        "ASIN": "B08KWHBFMV",
        "title": "Bare Botanics Lemon Orange Body Scrub 24oz | Made in Madison, WI | All Natural Sea Salt Exfoliator w/ Skin Loving Moisturizers | Vegan & Cruelty Free | Gift Ready Packaging w/ a Cute Wooden Spoon",
        "price": "$26.95 ($1.12 / Ounce)",
        "listPrice": "",
        "imageUrl": "https://m.media-amazon.com/images/I/41v8jSYQ4oL._SL160_.jpg",
        "detailPageURL": "https://www.amazon.com/dp/B08KWHBFMV",
        "rating": "4.4",
        "totalReviews": "483",
        "subtitle": "BARE BOTANICS",
        "isPrimeEligible": "1"
    },
    {
        "ASIN": "B00A2WHOD2",
        "title": "Shea Moisture Sheamoisture Coconut & Hibiscus Hand & Body Scrub, 12 Oz",
        "price": "$14.71 ($1.23 / Ounce)",
        "listPrice": "",
        "imageUrl": "https://m.media-amazon.com/images/I/41mfM8bSPKL._SL160_.jpg",
        "detailPageURL": "https://www.amazon.com/dp/B00A2WHOD2",
        "rating": "4.5",
        "totalReviews": "342",
        "subtitle": "SheaMoisture",
        "isPrimeEligible": "1"
    },
    {
        "ASIN": "B097Z1G9S6",
        "title": "Planty Exfoliating Body Scrub with AHAs - Glycolic Acid & Lactic Acid - For Rough Skin and Uneven Skin Tone, 8 0z",
        "price": "$19.99 ($19.99 / Fl Oz)",
        "listPrice": "",
        "imageUrl": "https://m.media-amazon.com/images/I/31rpc45pXNL._SL160_.jpg",
        "detailPageURL": "https://www.amazon.com/dp/B097Z1G9S6",
        "rating": "4.4",
        "totalReviews": "75",
        "subtitle": "Planty",
        "isPrimeEligible": "1"
    },
    {
        "ASIN": "B07D3DVQ36",
        "title": "BODHI HANDMADE SOAP Almond Honey Volcanic Ash Whipped Soap Body Scrub, 14 OZ",
        "price": "$13.50 ($0.96 / Ounce)",
        "listPrice": "$14.59 ($1.04 / Ounce)",
        "imageUrl": "https://m.media-amazon.com/images/I/41y940EOyOS._SL160_.jpg",
        "detailPageURL": "https://www.amazon.com/dp/B07D3DVQ36",
        "rating": "4.6",
        "totalReviews": "293",
        "subtitle": "BODHI",
        "isPrimeEligible": "1"
    },
    {
        "ASIN": "B0BXDC96G5",
        "title": "KP Bump Eraser Body Scrub, Keratosis Pilaris Treatment, Strawberry Legs Treatment for Women, Bump Eraser Body Scrub, Keratosis Pilaris, Body Scrub for Strawberry Legs",
        "price": "$18.99 ($4.72 / Fl Oz)",
        "listPrice": "",
        "imageUrl": "https://m.media-amazon.com/images/I/51CcOCrteJL._SL160_.jpg",
        "detailPageURL": "https://www.amazon.com/dp/B0BXDC96G5",
        "rating": "4.2",
        "totalReviews": "88",
        "subtitle": "Rida Hair Research Institute",
        "isPrimeEligible": "1"
    },
    {
        "ASIN": "B09Z7FK957",
        "title": "Pina Colada Body Scrub \u2013 Moisturizing Vitamin C, Potassium, Amino Acids & Nourishing Body Oils -Exfoliating Salt Scrub For Body - Win Against Aging & Dead Skin Scars- 10 oz",
        "price": "$6.95 ($0.70 / Fl Oz)",
        "listPrice": "$8.99 ($0.90 / Fl Oz)",
        "imageUrl": "https://m.media-amazon.com/images/I/513Z0CAjUVL._SL160_.jpg",
        "detailPageURL": "https://www.amazon.com/dp/B09Z7FK957",
        "rating": "3.4",
        "totalReviews": "98",
        "subtitle": "Artnaturals",
        "isPrimeEligible": "1"
    },
    {
        "ASIN": "B0BGW8LGGS",
        "title": "goop Beauty Microderm Body Scrub | Exfoliating Body Wash to Cleanse & Moisturize Skin | Quartz, Garnet, & Hydrated Silica | 6 fl oz | Dead Skin Remover Inspired by Microdermabrasion | Paraben Free",
        "price": "$48.00 ($8.00 / Ounce)",
        "listPrice": "",
        "imageUrl": "https://m.media-amazon.com/images/I/314vchffU9L._SL160_.jpg",
        "detailPageURL": "https://www.amazon.com/dp/B0BGW8LGGS",
        "rating": "4.6",
        "totalReviews": "40",
        "subtitle": "goop",
        "isPrimeEligible": "1"
    },
    {
        "ASIN": "B087QMPBQV",
        "title": "Bella and Bear Rose & Ivy Body Scrub, Oil Free, Cruelty-Free, Vegan Body Exfoliator and Polish for Women, 6.7oz",
        "price": "$9.99 ($1.49 / Ounce)",
        "listPrice": "",
        "imageUrl": "https://m.media-amazon.com/images/I/41xhqmX7oyL._SL160_.jpg",
        "detailPageURL": "https://www.amazon.com/dp/B087QMPBQV",
        "rating": "4.2",
        "totalReviews": "993",
        "subtitle": "Bella and Bear",
        "isPrimeEligible": "1"
    },
    {
        "ASIN": "B0CF1R2Z5C",
        "title": "KP Bump Eraser Body Scrub, Exfoliating Body Scrub, Body Exfoliator Scrub, KP Body Scrub for Women Strawberry Legs, Effective Body Scrubs for Women Exfoliation Bump Eraser",
        "price": "$19.99 ($2.46 / Fl Oz)",
        "listPrice": "",
        "imageUrl": "https://m.media-amazon.com/images/I/41kK5Dp830L._SL160_.jpg",
        "detailPageURL": "https://www.amazon.com/dp/B0CF1R2Z5C",
        "rating": "4.8",
        "totalReviews": "243",
        "subtitle": "CIZ",
        "isPrimeEligible": "1"
    },
    {
        "ASIN": "B08KWHBFMV",
        "title": "Bare Botanics Lemon Orange Body Scrub 24oz | Made in Madison, WI | All Natural Sea Salt Exfoliator w/ Skin Loving Moisturizers | Vegan & Cruelty Free | Gift Ready Packaging w/ a Cute Wooden Spoon",
        "price": "$26.95 ($1.12 / Ounce)",
        "listPrice": "",
        "imageUrl": "https://m.media-amazon.com/images/I/41v8jSYQ4oL._SL160_.jpg",
        "detailPageURL": "https://www.amazon.com/dp/B08KWHBFMV",
        "rating": "4.4",
        "totalReviews": "483",
        "subtitle": "BARE BOTANICS",
        "isPrimeEligible": "1"
    },
    {
        "ASIN": "B00A2WHOD2",
        "title": "Shea Moisture Sheamoisture Coconut & Hibiscus Hand & Body Scrub, 12 Oz",
        "price": "$14.71 ($1.23 / Ounce)",
        "listPrice": "",
        "imageUrl": "https://m.media-amazon.com/images/I/41mfM8bSPKL._SL160_.jpg",
        "detailPageURL": "https://www.amazon.com/dp/B00A2WHOD2",
        "rating": "4.5",
        "totalReviews": "342",
        "subtitle": "SheaMoisture",
        "isPrimeEligible": "1"
    },
    {
        "ASIN": "B097Z1G9S6",
        "title": "Planty Exfoliating Body Scrub with AHAs - Glycolic Acid & Lactic Acid - For Rough Skin and Uneven Skin Tone, 8 0z",
        "price": "$19.99 ($19.99 / Fl Oz)",
        "listPrice": "",
        "imageUrl": "https://m.media-amazon.com/images/I/31rpc45pXNL._SL160_.jpg",
        "detailPageURL": "https://www.amazon.com/dp/B097Z1G9S6",
        "rating": "4.4",
        "totalReviews": "75",
        "subtitle": "Planty",
        "isPrimeEligible": "1"
    },
    {
        "ASIN": "B07D3DVQ36",
        "title": "BODHI HANDMADE SOAP Almond Honey Volcanic Ash Whipped Soap Body Scrub, 14 OZ",
        "price": "$13.50 ($0.96 / Ounce)",
        "listPrice": "$14.59 ($1.04 / Ounce)",
        "imageUrl": "https://m.media-amazon.com/images/I/41y940EOyOS._SL160_.jpg",
        "detailPageURL": "https://www.amazon.com/dp/B07D3DVQ36",
        "rating": "4.6",
        "totalReviews": "293",
        "subtitle": "BODHI",
        "isPrimeEligible": "1"
    },
    {
        "ASIN": "B0BXDC96G5",
        "title": "KP Bump Eraser Body Scrub, Keratosis Pilaris Treatment, Strawberry Legs Treatment for Women, Bump Eraser Body Scrub, Keratosis Pilaris, Body Scrub for Strawberry Legs",
        "price": "$18.99 ($4.72 / Fl Oz)",
        "listPrice": "",
        "imageUrl": "https://m.media-amazon.com/images/I/51CcOCrteJL._SL160_.jpg",
        "detailPageURL": "https://www.amazon.com/dp/B0BXDC96G5",
        "rating": "4.2",
        "totalReviews": "88",
        "subtitle": "Rida Hair Research Institute",
        "isPrimeEligible": "1"
    },
    {
        "ASIN": "B07JYJRNZT",
        "title": "Frank Body Original Coffee Scrub, 7.05oz | Natural & Cruelty Free Exfoliating Body Scrub | Hydrating Vegan Scrub Skin Care For Stretch Marks, Acne, Cellulite | 1ct",
        "price": "$19.95 ($2.85 / Ounce)",
        "listPrice": "",
        "imageUrl": "https://m.media-amazon.com/images/I/41W+U6FsnDL._SL160_.jpg",
        "detailPageURL": "https://www.amazon.com/dp/B07JYJRNZT",
        "rating": "4.6",
        "totalReviews": "1986",
        "subtitle": "frank body",
        "isPrimeEligible": "1"
    },
    {
        "ASIN": "B0BGW8LGGS",
        "title": "goop Beauty Microderm Body Scrub | Exfoliating Body Wash to Cleanse & Moisturize Skin | Quartz, Garnet, & Hydrated Silica | 6 fl oz | Dead Skin Remover Inspired by Microdermabrasion | Paraben Free",
        "price": "$48.00 ($8.00 / Ounce)",
        "listPrice": "",
        "imageUrl": "https://m.media-amazon.com/images/I/314vchffU9L._SL160_.jpg",
        "detailPageURL": "https://www.amazon.com/dp/B0BGW8LGGS",
        "rating": "4.6",
        "totalReviews": "40",
        "subtitle": "goop",
        "isPrimeEligible": "1"
    },
    {
        "ASIN": "B087QMPBQV",
        "title": "Bella and Bear Rose & Ivy Body Scrub, Oil Free, Cruelty-Free, Vegan Body Exfoliator and Polish for Women, 6.7oz",
        "price": "$9.99 ($1.49 / Ounce)",
        "listPrice": "",
        "imageUrl": "https://m.media-amazon.com/images/I/41xhqmX7oyL._SL160_.jpg",
        "detailPageURL": "https://www.amazon.com/dp/B087QMPBQV",
        "rating": "4.2",
        "totalReviews": "993",
        "subtitle": "Bella and Bear",
        "isPrimeEligible": "1"
    },
    {
        "ASIN": "B0CF1R2Z5C",
        "title": "KP Bump Eraser Body Scrub, Exfoliating Body Scrub, Body Exfoliator Scrub, KP Body Scrub for Women Strawberry Legs, Effective Body Scrubs for Women Exfoliation Bump Eraser",
        "price": "$19.99 ($2.46 / Fl Oz)",
        "listPrice": "",
        "imageUrl": "https://m.media-amazon.com/images/I/41kK5Dp830L._SL160_.jpg",
        "detailPageURL": "https://www.amazon.com/dp/B0CF1R2Z5C",
        "rating": "4.8",
        "totalReviews": "243",
        "subtitle": "CIZ",
        "isPrimeEligible": "1"
    },
    {
        "ASIN": "B08KWHBFMV",
        "title": "Bare Botanics Lemon Orange Body Scrub 24oz | Made in Madison, WI | All Natural Sea Salt Exfoliator w/ Skin Loving Moisturizers | Vegan & Cruelty Free | Gift Ready Packaging w/ a Cute Wooden Spoon",
        "price": "$26.95 ($1.12 / Ounce)",
        "listPrice": "",
        "imageUrl": "https://m.media-amazon.com/images/I/41v8jSYQ4oL._SL160_.jpg",
        "detailPageURL": "https://www.amazon.com/dp/B08KWHBFMV",
        "rating": "4.4",
        "totalReviews": "483",
        "subtitle": "BARE BOTANICS",
        "isPrimeEligible": "1"
    },
    {
        "ASIN": "B00A2WHOD2",
        "title": "Shea Moisture Sheamoisture Coconut & Hibiscus Hand & Body Scrub, 12 Oz",
        "price": "$14.71 ($1.23 / Ounce)",
        "listPrice": "",
        "imageUrl": "https://m.media-amazon.com/images/I/41mfM8bSPKL._SL160_.jpg",
        "detailPageURL": "https://www.amazon.com/dp/B00A2WHOD2",
        "rating": "4.5",
        "totalReviews": "342",
        "subtitle": "SheaMoisture",
        "isPrimeEligible": "1"
    },
    {
        "ASIN": "B097Z1G9S6",
        "title": "Planty Exfoliating Body Scrub with AHAs - Glycolic Acid & Lactic Acid - For Rough Skin and Uneven Skin Tone, 8 0z",
        "price": "$19.99 ($19.99 / Fl Oz)",
        "listPrice": "",
        "imageUrl": "https://m.media-amazon.com/images/I/31rpc45pXNL._SL160_.jpg",
        "detailPageURL": "https://www.amazon.com/dp/B097Z1G9S6",
        "rating": "4.4",
        "totalReviews": "75",
        "subtitle": "Planty",
        "isPrimeEligible": "1"
    },
    {
        "ASIN": "B07D3DVQ36",
        "title": "BODHI HANDMADE SOAP Almond Honey Volcanic Ash Whipped Soap Body Scrub, 14 OZ",
        "price": "$13.50 ($0.96 / Ounce)",
        "listPrice": "$14.59 ($1.04 / Ounce)",
        "imageUrl": "https://m.media-amazon.com/images/I/41y940EOyOS._SL160_.jpg",
        "detailPageURL": "https://www.amazon.com/dp/B07D3DVQ36",
        "rating": "4.6",
        "totalReviews": "293",
        "subtitle": "BODHI",
        "isPrimeEligible": "1"
    },
    {
        "ASIN": "B0BXDC96G5",
        "title": "KP Bump Eraser Body Scrub, Keratosis Pilaris Treatment, Strawberry Legs Treatment for Women, Bump Eraser Body Scrub, Keratosis Pilaris, Body Scrub for Strawberry Legs",
        "price": "$18.99 ($4.72 / Fl Oz)",
        "listPrice": "",
        "imageUrl": "https://m.media-amazon.com/images/I/51CcOCrteJL._SL160_.jpg",
        "detailPageURL": "https://www.amazon.com/dp/B0BXDC96G5",
        "rating": "4.2",
        "totalReviews": "88",
        "subtitle": "Rida Hair Research Institute",
        "isPrimeEligible": "1"
    },
    {
        "ASIN": "B07JYJRNZT",
        "title": "Frank Body Original Coffee Scrub, 7.05oz | Natural & Cruelty Free Exfoliating Body Scrub | Hydrating Vegan Scrub Skin Care For Stretch Marks, Acne, Cellulite | 1ct",
        "price": "$19.95 ($2.85 / Ounce)",
        "listPrice": "",
        "imageUrl": "https://m.media-amazon.com/images/I/41W+U6FsnDL._SL160_.jpg",
        "detailPageURL": "https://www.amazon.com/dp/B07JYJRNZT",
        "rating": "4.6",
        "totalReviews": "1986",
        "subtitle": "frank body",
        "isPrimeEligible": "1"
    },
    {
        "ASIN": "B093VTD9C2",
        "title": "Differin Body Scrub with Salicylic Acid Acne Clearing Improves Tone and Texture Prone Skin on Back Shoulders and Chest, 8 Oz (Packaging May Vary)",
        "price": "$10.59 ($1.32 / Fl Oz)",
        "listPrice": "",
        "imageUrl": "https://m.media-amazon.com/images/I/41bKnnz-a9L._SL160_.jpg",
        "detailPageURL": "https://www.amazon.com/dp/B093VTD9C2",
        "rating": "4.5",
        "totalReviews": "1391",
        "subtitle": "Differin",
        "isPrimeEligible": "1"
    },
    {
        "ASIN": "B087QMPBQV",
        "title": "Bella and Bear Rose & Ivy Body Scrub, Oil Free, Cruelty-Free, Vegan Body Exfoliator and Polish for Women, 6.7oz",
        "price": "$9.99 ($1.49 / Ounce)",
        "listPrice": "",
        "imageUrl": "https://m.media-amazon.com/images/I/41xhqmX7oyL._SL160_.jpg",
        "detailPageURL": "https://www.amazon.com/dp/B087QMPBQV",
        "rating": "4.2",
        "totalReviews": "993",
        "subtitle": "Bella and Bear",
        "isPrimeEligible": "1"
    },
    {
        "ASIN": "B0CF1R2Z5C",
        "title": "KP Bump Eraser Body Scrub, Exfoliating Body Scrub, Body Exfoliator Scrub, KP Body Scrub for Women Strawberry Legs, Effective Body Scrubs for Women Exfoliation Bump Eraser",
        "price": "$19.99 ($2.46 / Fl Oz)",
        "listPrice": "",
        "imageUrl": "https://m.media-amazon.com/images/I/41kK5Dp830L._SL160_.jpg",
        "detailPageURL": "https://www.amazon.com/dp/B0CF1R2Z5C",
        "rating": "4.8",
        "totalReviews": "243",
        "subtitle": "CIZ",
        "isPrimeEligible": "1"
    },
    {
        "ASIN": "B08KWHBFMV",
        "title": "Bare Botanics Lemon Orange Body Scrub 24oz | Made in Madison, WI | All Natural Sea Salt Exfoliator w/ Skin Loving Moisturizers | Vegan & Cruelty Free | Gift Ready Packaging w/ a Cute Wooden Spoon",
        "price": "$26.95 ($1.12 / Ounce)",
        "listPrice": "",
        "imageUrl": "https://m.media-amazon.com/images/I/41v8jSYQ4oL._SL160_.jpg",
        "detailPageURL": "https://www.amazon.com/dp/B08KWHBFMV",
        "rating": "4.4",
        "totalReviews": "483",
        "subtitle": "BARE BOTANICS",
        "isPrimeEligible": "1"
    },
    {
        "ASIN": "B00A2WHOD2",
        "title": "Shea Moisture Sheamoisture Coconut & Hibiscus Hand & Body Scrub, 12 Oz",
        "price": "$14.71 ($1.23 / Ounce)",
        "listPrice": "",
        "imageUrl": "https://m.media-amazon.com/images/I/41mfM8bSPKL._SL160_.jpg",
        "detailPageURL": "https://www.amazon.com/dp/B00A2WHOD2",
        "rating": "4.5",
        "totalReviews": "342",
        "subtitle": "SheaMoisture",
        "isPrimeEligible": "1"
    },
    {
        "ASIN": "B097Z1G9S6",
        "title": "Planty Exfoliating Body Scrub with AHAs - Glycolic Acid & Lactic Acid - For Rough Skin and Uneven Skin Tone, 8 0z",
        "price": "$19.99 ($19.99 / Fl Oz)",
        "listPrice": "",
        "imageUrl": "https://m.media-amazon.com/images/I/31rpc45pXNL._SL160_.jpg",
        "detailPageURL": "https://www.amazon.com/dp/B097Z1G9S6",
        "rating": "4.4",
        "totalReviews": "75",
        "subtitle": "Planty",
        "isPrimeEligible": "1"
    },
    {
        "ASIN": "B07D3DVQ36",
        "title": "BODHI HANDMADE SOAP Almond Honey Volcanic Ash Whipped Soap Body Scrub, 14 OZ",
        "price": "$13.50 ($0.96 / Ounce)",
        "listPrice": "$14.59 ($1.04 / Ounce)",
        "imageUrl": "https://m.media-amazon.com/images/I/41y940EOyOS._SL160_.jpg",
        "detailPageURL": "https://www.amazon.com/dp/B07D3DVQ36",
        "rating": "4.6",
        "totalReviews": "293",
        "subtitle": "BODHI",
        "isPrimeEligible": "1"
    },
    {
        "ASIN": "B0BXDC96G5",
        "title": "KP Bump Eraser Body Scrub, Keratosis Pilaris Treatment, Strawberry Legs Treatment for Women, Bump Eraser Body Scrub, Keratosis Pilaris, Body Scrub for Strawberry Legs",
        "price": "$18.99 ($4.72 / Fl Oz)",
        "listPrice": "",
        "imageUrl": "https://m.media-amazon.com/images/I/51CcOCrteJL._SL160_.jpg",
        "detailPageURL": "https://www.amazon.com/dp/B0BXDC96G5",
        "rating": "4.2",
        "totalReviews": "88",
        "subtitle": "Rida Hair Research Institute",
        "isPrimeEligible": "1"
    },
    {
        "ASIN": "B07JYJRNZT",
        "title": "Frank Body Original Coffee Scrub, 7.05oz | Natural & Cruelty Free Exfoliating Body Scrub | Hydrating Vegan Scrub Skin Care For Stretch Marks, Acne, Cellulite | 1ct",
        "price": "$19.95 ($2.85 / Ounce)",
        "listPrice": "",
        "imageUrl": "https://m.media-amazon.com/images/I/41W+U6FsnDL._SL160_.jpg",
        "detailPageURL": "https://www.amazon.com/dp/B07JYJRNZT",
        "rating": "4.6",
        "totalReviews": "1986",
        "subtitle": "frank body",
        "isPrimeEligible": "1"
    },
    {
        "ASIN": "B093VTD9C2",
        "title": "Differin Body Scrub with Salicylic Acid Acne Clearing Improves Tone and Texture Prone Skin on Back Shoulders and Chest, 8 Oz (Packaging May Vary)",
        "price": "$10.59 ($1.32 / Fl Oz)",
        "listPrice": "",
        "imageUrl": "https://m.media-amazon.com/images/I/41bKnnz-a9L._SL160_.jpg",
        "detailPageURL": "https://www.amazon.com/dp/B093VTD9C2",
        "rating": "4.5",
        "totalReviews": "1391",
        "subtitle": "Differin",
        "isPrimeEligible": "1"
    },
    {
        "ASIN": "B0B4T7HTKD",
        "title": "Peach Oil Body Scrub - Moisturizing Shea Butter, Saffron & Nourishing Body Oils - Exfoliating Salt Scrub For Body -Win Against Aging, Stretch Marks, Cellulite, Acne & Dead Skin Scars- 10 oz",
        "price": "$8.99",
        "listPrice": "",
        "imageUrl": "https://m.media-amazon.com/images/I/518KoThJzSL._SL160_.jpg",
        "detailPageURL": "https://www.amazon.com/dp/B0B4T7HTKD",
        "rating": "3.9",
        "totalReviews": "110",
        "subtitle": "Artnaturals",
        "isPrimeEligible": "1"
    },
    {
        "ASIN": "B0CF1R2Z5C",
        "title": "KP Bump Eraser Body Scrub, Exfoliating Body Scrub, Body Exfoliator Scrub, KP Body Scrub for Women Strawberry Legs, Effective Body Scrubs for Women Exfoliation Bump Eraser",
        "price": "$19.99 ($2.46 / Fl Oz)",
        "listPrice": "",
        "imageUrl": "https://m.media-amazon.com/images/I/41kK5Dp830L._SL160_.jpg",
        "detailPageURL": "https://www.amazon.com/dp/B0CF1R2Z5C",
        "rating": "4.8",
        "totalReviews": "243",
        "subtitle": "CIZ",
        "isPrimeEligible": "1"
    },
    {
        "ASIN": "B08KWHBFMV",
        "title": "Bare Botanics Lemon Orange Body Scrub 24oz | Made in Madison, WI | All Natural Sea Salt Exfoliator w/ Skin Loving Moisturizers | Vegan & Cruelty Free | Gift Ready Packaging w/ a Cute Wooden Spoon",
        "price": "$26.95 ($1.12 / Ounce)",
        "listPrice": "",
        "imageUrl": "https://m.media-amazon.com/images/I/41v8jSYQ4oL._SL160_.jpg",
        "detailPageURL": "https://www.amazon.com/dp/B08KWHBFMV",
        "rating": "4.4",
        "totalReviews": "483",
        "subtitle": "BARE BOTANICS",
        "isPrimeEligible": "1"
    },
    {
        "ASIN": "B00A2WHOD2",
        "title": "Shea Moisture Sheamoisture Coconut & Hibiscus Hand & Body Scrub, 12 Oz",
        "price": "$14.71 ($1.23 / Ounce)",
        "listPrice": "",
        "imageUrl": "https://m.media-amazon.com/images/I/41mfM8bSPKL._SL160_.jpg",
        "detailPageURL": "https://www.amazon.com/dp/B00A2WHOD2",
        "rating": "4.5",
        "totalReviews": "342",
        "subtitle": "SheaMoisture",
        "isPrimeEligible": "1"
    },
    {
        "ASIN": "B097Z1G9S6",
        "title": "Planty Exfoliating Body Scrub with AHAs - Glycolic Acid & Lactic Acid - For Rough Skin and Uneven Skin Tone, 8 0z",
        "price": "$19.99 ($19.99 / Fl Oz)",
        "listPrice": "",
        "imageUrl": "https://m.media-amazon.com/images/I/31rpc45pXNL._SL160_.jpg",
        "detailPageURL": "https://www.amazon.com/dp/B097Z1G9S6",
        "rating": "4.4",
        "totalReviews": "75",
        "subtitle": "Planty",
        "isPrimeEligible": "1"
    },
    {
        "ASIN": "B07D3DVQ36",
        "title": "BODHI HANDMADE SOAP Almond Honey Volcanic Ash Whipped Soap Body Scrub, 14 OZ",
        "price": "$13.50 ($0.96 / Ounce)",
        "listPrice": "$14.59 ($1.04 / Ounce)",
        "imageUrl": "https://m.media-amazon.com/images/I/41y940EOyOS._SL160_.jpg",
        "detailPageURL": "https://www.amazon.com/dp/B07D3DVQ36",
        "rating": "4.6",
        "totalReviews": "293",
        "subtitle": "BODHI",
        "isPrimeEligible": "1"
    },
    {
        "ASIN": "B0BXDC96G5",
        "title": "KP Bump Eraser Body Scrub, Keratosis Pilaris Treatment, Strawberry Legs Treatment for Women, Bump Eraser Body Scrub, Keratosis Pilaris, Body Scrub for Strawberry Legs",
        "price": "$18.99 ($4.72 / Fl Oz)",
        "listPrice": "",
        "imageUrl": "https://m.media-amazon.com/images/I/51CcOCrteJL._SL160_.jpg",
        "detailPageURL": "https://www.amazon.com/dp/B0BXDC96G5",
        "rating": "4.2",
        "totalReviews": "88",
        "subtitle": "Rida Hair Research Institute",
        "isPrimeEligible": "1"
    },
    {
        "ASIN": "B07JYJRNZT",
        "title": "Frank Body Original Coffee Scrub, 7.05oz | Natural & Cruelty Free Exfoliating Body Scrub | Hydrating Vegan Scrub Skin Care For Stretch Marks, Acne, Cellulite | 1ct",
        "price": "$19.95 ($2.85 / Ounce)",
        "listPrice": "",
        "imageUrl": "https://m.media-amazon.com/images/I/41W+U6FsnDL._SL160_.jpg",
        "detailPageURL": "https://www.amazon.com/dp/B07JYJRNZT",
        "rating": "4.6",
        "totalReviews": "1986",
        "subtitle": "frank body",
        "isPrimeEligible": "1"
    },
    {
        "ASIN": "B093VTD9C2",
        "title": "Differin Body Scrub with Salicylic Acid Acne Clearing Improves Tone and Texture Prone Skin on Back Shoulders and Chest, 8 Oz (Packaging May Vary)",
        "price": "$10.59 ($1.32 / Fl Oz)",
        "listPrice": "",
        "imageUrl": "https://m.media-amazon.com/images/I/41bKnnz-a9L._SL160_.jpg",
        "detailPageURL": "https://www.amazon.com/dp/B093VTD9C2",
        "rating": "4.5",
        "totalReviews": "1391",
        "subtitle": "Differin",
        "isPrimeEligible": "1"
    },
    {
        "ASIN": "B0B4T7HTKD",
        "title": "Peach Oil Body Scrub - Moisturizing Shea Butter, Saffron & Nourishing Body Oils - Exfoliating Salt Scrub For Body -Win Against Aging, Stretch Marks, Cellulite, Acne & Dead Skin Scars- 10 oz",
        "price": "$8.99",
        "listPrice": "",
        "imageUrl": "https://m.media-amazon.com/images/I/518KoThJzSL._SL160_.jpg",
        "detailPageURL": "https://www.amazon.com/dp/B0B4T7HTKD",
        "rating": "3.9",
        "totalReviews": "110",
        "subtitle": "Artnaturals",
        "isPrimeEligible": "1"
    },
    {
        "ASIN": "B0BXTSC8YN",
        "title": "AMVital Turmeric Body Scrub - Handmade Natural Scrub For Body, Face, Hand, and Foot - Natural Skincare Body Scrub For Women - Suitable for All Skin Types (7.8oz)",
        "price": "$8.98 ($8.98 / Count)",
        "listPrice": "$9.98 ($9.98 / Count)",
        "imageUrl": "https://m.media-amazon.com/images/I/41xrHuvASML._SL160_.jpg",
        "detailPageURL": "https://www.amazon.com/dp/B0BXTSC8YN",
        "rating": "4.1",
        "totalReviews": "73",
        "subtitle": "AMVital",
        "isPrimeEligible": "1"
    },
    {
        "ASIN": "B08KWHBFMV",
        "title": "Bare Botanics Lemon Orange Body Scrub 24oz | Made in Madison, WI | All Natural Sea Salt Exfoliator w/ Skin Loving Moisturizers | Vegan & Cruelty Free | Gift Ready Packaging w/ a Cute Wooden Spoon",
        "price": "$26.95 ($1.12 / Ounce)",
        "listPrice": "",
        "imageUrl": "https://m.media-amazon.com/images/I/41v8jSYQ4oL._SL160_.jpg",
        "detailPageURL": "https://www.amazon.com/dp/B08KWHBFMV",
        "rating": "4.4",
        "totalReviews": "483",
        "subtitle": "BARE BOTANICS",
        "isPrimeEligible": "1"
    },
    {
        "ASIN": "B00A2WHOD2",
        "title": "Shea Moisture Sheamoisture Coconut & Hibiscus Hand & Body Scrub, 12 Oz",
        "price": "$14.71 ($1.23 / Ounce)",
        "listPrice": "",
        "imageUrl": "https://m.media-amazon.com/images/I/41mfM8bSPKL._SL160_.jpg",
        "detailPageURL": "https://www.amazon.com/dp/B00A2WHOD2",
        "rating": "4.5",
        "totalReviews": "342",
        "subtitle": "SheaMoisture",
        "isPrimeEligible": "1"
    },
    {
        "ASIN": "B097Z1G9S6",
        "title": "Planty Exfoliating Body Scrub with AHAs - Glycolic Acid & Lactic Acid - For Rough Skin and Uneven Skin Tone, 8 0z",
        "price": "$19.99 ($19.99 / Fl Oz)",
        "listPrice": "",
        "imageUrl": "https://m.media-amazon.com/images/I/31rpc45pXNL._SL160_.jpg",
        "detailPageURL": "https://www.amazon.com/dp/B097Z1G9S6",
        "rating": "4.4",
        "totalReviews": "75",
        "subtitle": "Planty",
        "isPrimeEligible": "1"
    },
    {
        "ASIN": "B07D3DVQ36",
        "title": "BODHI HANDMADE SOAP Almond Honey Volcanic Ash Whipped Soap Body Scrub, 14 OZ",
        "price": "$13.50 ($0.96 / Ounce)",
        "listPrice": "$14.59 ($1.04 / Ounce)",
        "imageUrl": "https://m.media-amazon.com/images/I/41y940EOyOS._SL160_.jpg",
        "detailPageURL": "https://www.amazon.com/dp/B07D3DVQ36",
        "rating": "4.6",
        "totalReviews": "293",
        "subtitle": "BODHI",
        "isPrimeEligible": "1"
    },
    {
        "ASIN": "B0BXDC96G5",
        "title": "KP Bump Eraser Body Scrub, Keratosis Pilaris Treatment, Strawberry Legs Treatment for Women, Bump Eraser Body Scrub, Keratosis Pilaris, Body Scrub for Strawberry Legs",
        "price": "$18.99 ($4.72 / Fl Oz)",
        "listPrice": "",
        "imageUrl": "https://m.media-amazon.com/images/I/51CcOCrteJL._SL160_.jpg",
        "detailPageURL": "https://www.amazon.com/dp/B0BXDC96G5",
        "rating": "4.2",
        "totalReviews": "88",
        "subtitle": "Rida Hair Research Institute",
        "isPrimeEligible": "1"
    },
    {
        "ASIN": "B07JYJRNZT",
        "title": "Frank Body Original Coffee Scrub, 7.05oz | Natural & Cruelty Free Exfoliating Body Scrub | Hydrating Vegan Scrub Skin Care For Stretch Marks, Acne, Cellulite | 1ct",
        "price": "$19.95 ($2.85 / Ounce)",
        "listPrice": "",
        "imageUrl": "https://m.media-amazon.com/images/I/41W+U6FsnDL._SL160_.jpg",
        "detailPageURL": "https://www.amazon.com/dp/B07JYJRNZT",
        "rating": "4.6",
        "totalReviews": "1986",
        "subtitle": "frank body",
        "isPrimeEligible": "1"
    },
    {
        "ASIN": "B093VTD9C2",
        "title": "Differin Body Scrub with Salicylic Acid Acne Clearing Improves Tone and Texture Prone Skin on Back Shoulders and Chest, 8 Oz (Packaging May Vary)",
        "price": "$10.59 ($1.32 / Fl Oz)",
        "listPrice": "",
        "imageUrl": "https://m.media-amazon.com/images/I/41bKnnz-a9L._SL160_.jpg",
        "detailPageURL": "https://www.amazon.com/dp/B093VTD9C2",
        "rating": "4.5",
        "totalReviews": "1391",
        "subtitle": "Differin",
        "isPrimeEligible": "1"
    },
    {
        "ASIN": "B0B4T7HTKD",
        "title": "Peach Oil Body Scrub - Moisturizing Shea Butter, Saffron & Nourishing Body Oils - Exfoliating Salt Scrub For Body -Win Against Aging, Stretch Marks, Cellulite, Acne & Dead Skin Scars- 10 oz",
        "price": "$8.99",
        "listPrice": "",
        "imageUrl": "https://m.media-amazon.com/images/I/518KoThJzSL._SL160_.jpg",
        "detailPageURL": "https://www.amazon.com/dp/B0B4T7HTKD",
        "rating": "3.9",
        "totalReviews": "110",
        "subtitle": "Artnaturals",
        "isPrimeEligible": "1"
    },
    {
        "ASIN": "B0BXTSC8YN",
        "title": "AMVital Turmeric Body Scrub - Handmade Natural Scrub For Body, Face, Hand, and Foot - Natural Skincare Body Scrub For Women - Suitable for All Skin Types (7.8oz)",
        "price": "$8.98 ($8.98 / Count)",
        "listPrice": "$9.98 ($9.98 / Count)",
        "imageUrl": "https://m.media-amazon.com/images/I/41xrHuvASML._SL160_.jpg",
        "detailPageURL": "https://www.amazon.com/dp/B0BXTSC8YN",
        "rating": "4.1",
        "totalReviews": "73",
        "subtitle": "AMVital",
        "isPrimeEligible": "1"
    },
    {
        "ASIN": "B09H72ZFQ4",
        "title": "Lavender Oil Body Scrub Exfoliator with Shea Butter, Collagen, Stem Cells, Grapefruit Oil - Natural Exfoliating Salt Scrub & Body and Face Souffle helps with Moisturizing Skin, Acne, Cellulite, Dead Skin Scars, Wrinkles - 11 oz",
        "price": "$11.98 ($11.98 / Count)",
        "listPrice": "",
        "imageUrl": "https://m.media-amazon.com/images/I/51b8fK0WxIL._SL160_.jpg",
        "detailPageURL": "https://www.amazon.com/dp/B09H72ZFQ4",
        "rating": "4.4",
        "totalReviews": "895",
        "subtitle": "First Botany",
        "isPrimeEligible": "1"
    },
    {
        "ASIN": "B00A2WHOD2",
        "title": "Shea Moisture Sheamoisture Coconut & Hibiscus Hand & Body Scrub, 12 Oz",
        "price": "$14.71 ($1.23 / Ounce)",
        "listPrice": "",
        "imageUrl": "https://m.media-amazon.com/images/I/41mfM8bSPKL._SL160_.jpg",
        "detailPageURL": "https://www.amazon.com/dp/B00A2WHOD2",
        "rating": "4.5",
        "totalReviews": "342",
        "subtitle": "SheaMoisture",
        "isPrimeEligible": "1"
    },
    {
        "ASIN": "B097Z1G9S6",
        "title": "Planty Exfoliating Body Scrub with AHAs - Glycolic Acid & Lactic Acid - For Rough Skin and Uneven Skin Tone, 8 0z",
        "price": "$19.99 ($19.99 / Fl Oz)",
        "listPrice": "",
        "imageUrl": "https://m.media-amazon.com/images/I/31rpc45pXNL._SL160_.jpg",
        "detailPageURL": "https://www.amazon.com/dp/B097Z1G9S6",
        "rating": "4.4",
        "totalReviews": "75",
        "subtitle": "Planty",
        "isPrimeEligible": "1"
    },
    {
        "ASIN": "B07D3DVQ36",
        "title": "BODHI HANDMADE SOAP Almond Honey Volcanic Ash Whipped Soap Body Scrub, 14 OZ",
        "price": "$13.50 ($0.96 / Ounce)",
        "listPrice": "$14.59 ($1.04 / Ounce)",
        "imageUrl": "https://m.media-amazon.com/images/I/41y940EOyOS._SL160_.jpg",
        "detailPageURL": "https://www.amazon.com/dp/B07D3DVQ36",
        "rating": "4.6",
        "totalReviews": "293",
        "subtitle": "BODHI",
        "isPrimeEligible": "1"
    },
    {
        "ASIN": "B0BXDC96G5",
        "title": "KP Bump Eraser Body Scrub, Keratosis Pilaris Treatment, Strawberry Legs Treatment for Women, Bump Eraser Body Scrub, Keratosis Pilaris, Body Scrub for Strawberry Legs",
        "price": "$18.99 ($4.72 / Fl Oz)",
        "listPrice": "",
        "imageUrl": "https://m.media-amazon.com/images/I/51CcOCrteJL._SL160_.jpg",
        "detailPageURL": "https://www.amazon.com/dp/B0BXDC96G5",
        "rating": "4.2",
        "totalReviews": "88",
        "subtitle": "Rida Hair Research Institute",
        "isPrimeEligible": "1"
    },
    {
        "ASIN": "B07JYJRNZT",
        "title": "Frank Body Original Coffee Scrub, 7.05oz | Natural & Cruelty Free Exfoliating Body Scrub | Hydrating Vegan Scrub Skin Care For Stretch Marks, Acne, Cellulite | 1ct",
        "price": "$19.95 ($2.85 / Ounce)",
        "listPrice": "",
        "imageUrl": "https://m.media-amazon.com/images/I/41W+U6FsnDL._SL160_.jpg",
        "detailPageURL": "https://www.amazon.com/dp/B07JYJRNZT",
        "rating": "4.6",
        "totalReviews": "1986",
        "subtitle": "frank body",
        "isPrimeEligible": "1"
    },
    {
        "ASIN": "B093VTD9C2",
        "title": "Differin Body Scrub with Salicylic Acid Acne Clearing Improves Tone and Texture Prone Skin on Back Shoulders and Chest, 8 Oz (Packaging May Vary)",
        "price": "$10.59 ($1.32 / Fl Oz)",
        "listPrice": "",
        "imageUrl": "https://m.media-amazon.com/images/I/41bKnnz-a9L._SL160_.jpg",
        "detailPageURL": "https://www.amazon.com/dp/B093VTD9C2",
        "rating": "4.5",
        "totalReviews": "1391",
        "subtitle": "Differin",
        "isPrimeEligible": "1"
    },
    {
        "ASIN": "B0B4T7HTKD",
        "title": "Peach Oil Body Scrub - Moisturizing Shea Butter, Saffron & Nourishing Body Oils - Exfoliating Salt Scrub For Body -Win Against Aging, Stretch Marks, Cellulite, Acne & Dead Skin Scars- 10 oz",
        "price": "$8.99",
        "listPrice": "",
        "imageUrl": "https://m.media-amazon.com/images/I/518KoThJzSL._SL160_.jpg",
        "detailPageURL": "https://www.amazon.com/dp/B0B4T7HTKD",
        "rating": "3.9",
        "totalReviews": "110",
        "subtitle": "Artnaturals",
        "isPrimeEligible": "1"
    },
    {
        "ASIN": "B0BXTSC8YN",
        "title": "AMVital Turmeric Body Scrub - Handmade Natural Scrub For Body, Face, Hand, and Foot - Natural Skincare Body Scrub For Women - Suitable for All Skin Types (7.8oz)",
        "price": "$8.98 ($8.98 / Count)",
        "listPrice": "$9.98 ($9.98 / Count)",
        "imageUrl": "https://m.media-amazon.com/images/I/41xrHuvASML._SL160_.jpg",
        "detailPageURL": "https://www.amazon.com/dp/B0BXTSC8YN",
        "rating": "4.1",
        "totalReviews": "73",
        "subtitle": "AMVital",
        "isPrimeEligible": "1"
    },
    {
        "ASIN": "B09H72ZFQ4",
        "title": "Lavender Oil Body Scrub Exfoliator with Shea Butter, Collagen, Stem Cells, Grapefruit Oil - Natural Exfoliating Salt Scrub & Body and Face Souffle helps with Moisturizing Skin, Acne, Cellulite, Dead Skin Scars, Wrinkles - 11 oz",
        "price": "$11.98 ($11.98 / Count)",
        "listPrice": "",
        "imageUrl": "https://m.media-amazon.com/images/I/51b8fK0WxIL._SL160_.jpg",
        "detailPageURL": "https://www.amazon.com/dp/B09H72ZFQ4",
        "rating": "4.4",
        "totalReviews": "895",
        "subtitle": "First Botany",
        "isPrimeEligible": "1"
    },
    {
        "ASIN": "B09B7Y8R6F",
        "title": "360Feel Peppermint Detox Bath Salt Body Scrub - Great Exfoliating Body Scrub for Acne Scars Stretch Marks Foot Scrub Great For Women Body - 8 Fl Oz",
        "price": "$3.50 ($0.44 / Fl Oz)",
        "listPrice": "$4.46 ($0.56 / Fl Oz)",
        "imageUrl": "https://m.media-amazon.com/images/I/41Ozbf3+KCL._SL160_.jpg",
        "detailPageURL": "https://www.amazon.com/dp/B09B7Y8R6F",
        "rating": "3.9",
        "totalReviews": "42",
        "subtitle": "360Feel",
        "isPrimeEligible": "1"
    },
    {
        "ASIN": "B097Z1G9S6",
        "title": "Planty Exfoliating Body Scrub with AHAs - Glycolic Acid & Lactic Acid - For Rough Skin and Uneven Skin Tone, 8 0z",
        "price": "$19.99 ($19.99 / Fl Oz)",
        "listPrice": "",
        "imageUrl": "https://m.media-amazon.com/images/I/31rpc45pXNL._SL160_.jpg",
        "detailPageURL": "https://www.amazon.com/dp/B097Z1G9S6",
        "rating": "4.4",
        "totalReviews": "75",
        "subtitle": "Planty",
        "isPrimeEligible": "1"
    },
    {
        "ASIN": "B07D3DVQ36",
        "title": "BODHI HANDMADE SOAP Almond Honey Volcanic Ash Whipped Soap Body Scrub, 14 OZ",
        "price": "$13.50 ($0.96 / Ounce)",
        "listPrice": "$14.59 ($1.04 / Ounce)",
        "imageUrl": "https://m.media-amazon.com/images/I/41y940EOyOS._SL160_.jpg",
        "detailPageURL": "https://www.amazon.com/dp/B07D3DVQ36",
        "rating": "4.6",
        "totalReviews": "293",
        "subtitle": "BODHI",
        "isPrimeEligible": "1"
    },
    {
        "ASIN": "B0BXDC96G5",
        "title": "KP Bump Eraser Body Scrub, Keratosis Pilaris Treatment, Strawberry Legs Treatment for Women, Bump Eraser Body Scrub, Keratosis Pilaris, Body Scrub for Strawberry Legs",
        "price": "$18.99 ($4.72 / Fl Oz)",
        "listPrice": "",
        "imageUrl": "https://m.media-amazon.com/images/I/51CcOCrteJL._SL160_.jpg",
        "detailPageURL": "https://www.amazon.com/dp/B0BXDC96G5",
        "rating": "4.2",
        "totalReviews": "88",
        "subtitle": "Rida Hair Research Institute",
        "isPrimeEligible": "1"
    },
    {
        "ASIN": "B07JYJRNZT",
        "title": "Frank Body Original Coffee Scrub, 7.05oz | Natural & Cruelty Free Exfoliating Body Scrub | Hydrating Vegan Scrub Skin Care For Stretch Marks, Acne, Cellulite | 1ct",
        "price": "$19.95 ($2.85 / Ounce)",
        "listPrice": "",
        "imageUrl": "https://m.media-amazon.com/images/I/41W+U6FsnDL._SL160_.jpg",
        "detailPageURL": "https://www.amazon.com/dp/B07JYJRNZT",
        "rating": "4.6",
        "totalReviews": "1986",
        "subtitle": "frank body",
        "isPrimeEligible": "1"
    },
    {
        "ASIN": "B093VTD9C2",
        "title": "Differin Body Scrub with Salicylic Acid Acne Clearing Improves Tone and Texture Prone Skin on Back Shoulders and Chest, 8 Oz (Packaging May Vary)",
        "price": "$10.59 ($1.32 / Fl Oz)",
        "listPrice": "",
        "imageUrl": "https://m.media-amazon.com/images/I/41bKnnz-a9L._SL160_.jpg",
        "detailPageURL": "https://www.amazon.com/dp/B093VTD9C2",
        "rating": "4.5",
        "totalReviews": "1391",
        "subtitle": "Differin",
        "isPrimeEligible": "1"
    },
    {
        "ASIN": "B0B4T7HTKD",
        "title": "Peach Oil Body Scrub - Moisturizing Shea Butter, Saffron & Nourishing Body Oils - Exfoliating Salt Scrub For Body -Win Against Aging, Stretch Marks, Cellulite, Acne & Dead Skin Scars- 10 oz",
        "price": "$8.99",
        "listPrice": "",
        "imageUrl": "https://m.media-amazon.com/images/I/518KoThJzSL._SL160_.jpg",
        "detailPageURL": "https://www.amazon.com/dp/B0B4T7HTKD",
        "rating": "3.9",
        "totalReviews": "110",
        "subtitle": "Artnaturals",
        "isPrimeEligible": "1"
    },
    {
        "ASIN": "B0BXTSC8YN",
        "title": "AMVital Turmeric Body Scrub - Handmade Natural Scrub For Body, Face, Hand, and Foot - Natural Skincare Body Scrub For Women - Suitable for All Skin Types (7.8oz)",
        "price": "$8.98 ($8.98 / Count)",
        "listPrice": "$9.98 ($9.98 / Count)",
        "imageUrl": "https://m.media-amazon.com/images/I/41xrHuvASML._SL160_.jpg",
        "detailPageURL": "https://www.amazon.com/dp/B0BXTSC8YN",
        "rating": "4.1",
        "totalReviews": "73",
        "subtitle": "AMVital",
        "isPrimeEligible": "1"
    },
    {
        "ASIN": "B09H72ZFQ4",
        "title": "Lavender Oil Body Scrub Exfoliator with Shea Butter, Collagen, Stem Cells, Grapefruit Oil - Natural Exfoliating Salt Scrub & Body and Face Souffle helps with Moisturizing Skin, Acne, Cellulite, Dead Skin Scars, Wrinkles - 11 oz",
        "price": "$11.98 ($11.98 / Count)",
        "listPrice": "",
        "imageUrl": "https://m.media-amazon.com/images/I/51b8fK0WxIL._SL160_.jpg",
        "detailPageURL": "https://www.amazon.com/dp/B09H72ZFQ4",
        "rating": "4.4",
        "totalReviews": "895",
        "subtitle": "First Botany",
        "isPrimeEligible": "1"
    },
    {
        "ASIN": "B09B7Y8R6F",
        "title": "360Feel Peppermint Detox Bath Salt Body Scrub - Great Exfoliating Body Scrub for Acne Scars Stretch Marks Foot Scrub Great For Women Body - 8 Fl Oz",
        "price": "$3.50 ($0.44 / Fl Oz)",
        "listPrice": "$4.46 ($0.56 / Fl Oz)",
        "imageUrl": "https://m.media-amazon.com/images/I/41Ozbf3+KCL._SL160_.jpg",
        "detailPageURL": "https://www.amazon.com/dp/B09B7Y8R6F",
        "rating": "3.9",
        "totalReviews": "42",
        "subtitle": "360Feel",
        "isPrimeEligible": "1"
    },
    {
        "ASIN": "B0BGD1QQNR",
        "title": "Bikini Area Exfoliator, Exfoliating Scrub for Bikini Area, Ingrown Hair Treatment for Bikini Area, Razor Bump Treatment for Bikini Area, Sugar Scrub for Bikini Area, Shaving Exfoliator Scrub for Women",
        "price": "$24.99",
        "listPrice": "$34.99",
        "imageUrl": "https://m.media-amazon.com/images/I/4174h14yQCL._SL160_.jpg",
        "detailPageURL": "https://www.amazon.com/dp/B0BGD1QQNR",
        "rating": "4.5",
        "totalReviews": "561",
        "subtitle": "CIZ",
        "isPrimeEligible": "1"
    },
    {
        "ASIN": "B07D3DVQ36",
        "title": "BODHI HANDMADE SOAP Almond Honey Volcanic Ash Whipped Soap Body Scrub, 14 OZ",
        "price": "$13.50 ($0.96 / Ounce)",
        "listPrice": "$14.59 ($1.04 / Ounce)",
        "imageUrl": "https://m.media-amazon.com/images/I/41y940EOyOS._SL160_.jpg",
        "detailPageURL": "https://www.amazon.com/dp/B07D3DVQ36",
        "rating": "4.6",
        "totalReviews": "293",
        "subtitle": "BODHI",
        "isPrimeEligible": "1"
    },
    {
        "ASIN": "B0BXDC96G5",
        "title": "KP Bump Eraser Body Scrub, Keratosis Pilaris Treatment, Strawberry Legs Treatment for Women, Bump Eraser Body Scrub, Keratosis Pilaris, Body Scrub for Strawberry Legs",
        "price": "$18.99 ($4.72 / Fl Oz)",
        "listPrice": "",
        "imageUrl": "https://m.media-amazon.com/images/I/51CcOCrteJL._SL160_.jpg",
        "detailPageURL": "https://www.amazon.com/dp/B0BXDC96G5",
        "rating": "4.2",
        "totalReviews": "88",
        "subtitle": "Rida Hair Research Institute",
        "isPrimeEligible": "1"
    },
    {
        "ASIN": "B07JYJRNZT",
        "title": "Frank Body Original Coffee Scrub, 7.05oz | Natural & Cruelty Free Exfoliating Body Scrub | Hydrating Vegan Scrub Skin Care For Stretch Marks, Acne, Cellulite | 1ct",
        "price": "$19.95 ($2.85 / Ounce)",
        "listPrice": "",
        "imageUrl": "https://m.media-amazon.com/images/I/41W+U6FsnDL._SL160_.jpg",
        "detailPageURL": "https://www.amazon.com/dp/B07JYJRNZT",
        "rating": "4.6",
        "totalReviews": "1986",
        "subtitle": "frank body",
        "isPrimeEligible": "1"
    },
    {
        "ASIN": "B093VTD9C2",
        "title": "Differin Body Scrub with Salicylic Acid Acne Clearing Improves Tone and Texture Prone Skin on Back Shoulders and Chest, 8 Oz (Packaging May Vary)",
        "price": "$10.59 ($1.32 / Fl Oz)",
        "listPrice": "",
        "imageUrl": "https://m.media-amazon.com/images/I/41bKnnz-a9L._SL160_.jpg",
        "detailPageURL": "https://www.amazon.com/dp/B093VTD9C2",
        "rating": "4.5",
        "totalReviews": "1391",
        "subtitle": "Differin",
        "isPrimeEligible": "1"
    },
    {
        "ASIN": "B0B4T7HTKD",
        "title": "Peach Oil Body Scrub - Moisturizing Shea Butter, Saffron & Nourishing Body Oils - Exfoliating Salt Scrub For Body -Win Against Aging, Stretch Marks, Cellulite, Acne & Dead Skin Scars- 10 oz",
        "price": "$8.99",
        "listPrice": "",
        "imageUrl": "https://m.media-amazon.com/images/I/518KoThJzSL._SL160_.jpg",
        "detailPageURL": "https://www.amazon.com/dp/B0B4T7HTKD",
        "rating": "3.9",
        "totalReviews": "110",
        "subtitle": "Artnaturals",
        "isPrimeEligible": "1"
    },
    {
        "ASIN": "B0BXTSC8YN",
        "title": "AMVital Turmeric Body Scrub - Handmade Natural Scrub For Body, Face, Hand, and Foot - Natural Skincare Body Scrub For Women - Suitable for All Skin Types (7.8oz)",
        "price": "$8.98 ($8.98 / Count)",
        "listPrice": "$9.98 ($9.98 / Count)",
        "imageUrl": "https://m.media-amazon.com/images/I/41xrHuvASML._SL160_.jpg",
        "detailPageURL": "https://www.amazon.com/dp/B0BXTSC8YN",
        "rating": "4.1",
        "totalReviews": "73",
        "subtitle": "AMVital",
        "isPrimeEligible": "1"
    },
    {
        "ASIN": "B09H72ZFQ4",
        "title": "Lavender Oil Body Scrub Exfoliator with Shea Butter, Collagen, Stem Cells, Grapefruit Oil - Natural Exfoliating Salt Scrub & Body and Face Souffle helps with Moisturizing Skin, Acne, Cellulite, Dead Skin Scars, Wrinkles - 11 oz",
        "price": "$11.98 ($11.98 / Count)",
        "listPrice": "",
        "imageUrl": "https://m.media-amazon.com/images/I/51b8fK0WxIL._SL160_.jpg",
        "detailPageURL": "https://www.amazon.com/dp/B09H72ZFQ4",
        "rating": "4.4",
        "totalReviews": "895",
        "subtitle": "First Botany",
        "isPrimeEligible": "1"
    },
    {
        "ASIN": "B09B7Y8R6F",
        "title": "360Feel Peppermint Detox Bath Salt Body Scrub - Great Exfoliating Body Scrub for Acne Scars Stretch Marks Foot Scrub Great For Women Body - 8 Fl Oz",
        "price": "$3.50 ($0.44 / Fl Oz)",
        "listPrice": "$4.46 ($0.56 / Fl Oz)",
        "imageUrl": "https://m.media-amazon.com/images/I/41Ozbf3+KCL._SL160_.jpg",
        "detailPageURL": "https://www.amazon.com/dp/B09B7Y8R6F",
        "rating": "3.9",
        "totalReviews": "42",
        "subtitle": "360Feel",
        "isPrimeEligible": "1"
    },
    {
        "ASIN": "B0BGD1QQNR",
        "title": "Bikini Area Exfoliator, Exfoliating Scrub for Bikini Area, Ingrown Hair Treatment for Bikini Area, Razor Bump Treatment for Bikini Area, Sugar Scrub for Bikini Area, Shaving Exfoliator Scrub for Women",
        "price": "$24.99",
        "listPrice": "$34.99",
        "imageUrl": "https://m.media-amazon.com/images/I/4174h14yQCL._SL160_.jpg",
        "detailPageURL": "https://www.amazon.com/dp/B0BGD1QQNR",
        "rating": "4.5",
        "totalReviews": "561",
        "subtitle": "CIZ",
        "isPrimeEligible": "1"
    },
    {
        "ASIN": "B08RXWDJSF",
        "title": "European Wax Center Slow Hair Growth Aloe Body Polish, Moisturizing & Brightening Exfoliating Body Scrub, Prevent Ingrown Hairs & Bumps, Vitamin E for Firming & Smoothing, Dry Sensitive Skin, 6.7oz",
        "price": "$16.50 ($2.46 / Ounce)",
        "listPrice": "",
        "imageUrl": "https://m.media-amazon.com/images/I/31XpQ2cAuaL._SL160_.jpg",
        "detailPageURL": "https://www.amazon.com/dp/B08RXWDJSF",
        "rating": "",
        "totalReviews": "",
        "subtitle": "EUROPEAN WAX CENTER",
        "isPrimeEligible": "1"
    },
    {
        "ASIN": "B0BXDC96G5",
        "title": "KP Bump Eraser Body Scrub, Keratosis Pilaris Treatment, Strawberry Legs Treatment for Women, Bump Eraser Body Scrub, Keratosis Pilaris, Body Scrub for Strawberry Legs",
        "price": "$18.99 ($4.72 / Fl Oz)",
        "listPrice": "",
        "imageUrl": "https://m.media-amazon.com/images/I/51CcOCrteJL._SL160_.jpg",
        "detailPageURL": "https://www.amazon.com/dp/B0BXDC96G5",
        "rating": "4.2",
        "totalReviews": "88",
        "subtitle": "Rida Hair Research Institute",
        "isPrimeEligible": "1"
    },
    {
        "ASIN": "B07JYJRNZT",
        "title": "Frank Body Original Coffee Scrub, 7.05oz | Natural & Cruelty Free Exfoliating Body Scrub | Hydrating Vegan Scrub Skin Care For Stretch Marks, Acne, Cellulite | 1ct",
        "price": "$19.95 ($2.85 / Ounce)",
        "listPrice": "",
        "imageUrl": "https://m.media-amazon.com/images/I/41W+U6FsnDL._SL160_.jpg",
        "detailPageURL": "https://www.amazon.com/dp/B07JYJRNZT",
        "rating": "4.6",
        "totalReviews": "1986",
        "subtitle": "frank body",
        "isPrimeEligible": "1"
    },
    {
        "ASIN": "B093VTD9C2",
        "title": "Differin Body Scrub with Salicylic Acid Acne Clearing Improves Tone and Texture Prone Skin on Back Shoulders and Chest, 8 Oz (Packaging May Vary)",
        "price": "$10.59 ($1.32 / Fl Oz)",
        "listPrice": "",
        "imageUrl": "https://m.media-amazon.com/images/I/41bKnnz-a9L._SL160_.jpg",
        "detailPageURL": "https://www.amazon.com/dp/B093VTD9C2",
        "rating": "4.5",
        "totalReviews": "1391",
        "subtitle": "Differin",
        "isPrimeEligible": "1"
    },
    {
        "ASIN": "B0B4T7HTKD",
        "title": "Peach Oil Body Scrub - Moisturizing Shea Butter, Saffron & Nourishing Body Oils - Exfoliating Salt Scrub For Body -Win Against Aging, Stretch Marks, Cellulite, Acne & Dead Skin Scars- 10 oz",
        "price": "$8.99",
        "listPrice": "",
        "imageUrl": "https://m.media-amazon.com/images/I/518KoThJzSL._SL160_.jpg",
        "detailPageURL": "https://www.amazon.com/dp/B0B4T7HTKD",
        "rating": "3.9",
        "totalReviews": "110",
        "subtitle": "Artnaturals",
        "isPrimeEligible": "1"
    },
    {
        "ASIN": "B0BXTSC8YN",
        "title": "AMVital Turmeric Body Scrub - Handmade Natural Scrub For Body, Face, Hand, and Foot - Natural Skincare Body Scrub For Women - Suitable for All Skin Types (7.8oz)",
        "price": "$8.98 ($8.98 / Count)",
        "listPrice": "$9.98 ($9.98 / Count)",
        "imageUrl": "https://m.media-amazon.com/images/I/41xrHuvASML._SL160_.jpg",
        "detailPageURL": "https://www.amazon.com/dp/B0BXTSC8YN",
        "rating": "4.1",
        "totalReviews": "73",
        "subtitle": "AMVital",
        "isPrimeEligible": "1"
    },
    {
        "ASIN": "B09H72ZFQ4",
        "title": "Lavender Oil Body Scrub Exfoliator with Shea Butter, Collagen, Stem Cells, Grapefruit Oil - Natural Exfoliating Salt Scrub & Body and Face Souffle helps with Moisturizing Skin, Acne, Cellulite, Dead Skin Scars, Wrinkles - 11 oz",
        "price": "$11.98 ($11.98 / Count)",
        "listPrice": "",
        "imageUrl": "https://m.media-amazon.com/images/I/51b8fK0WxIL._SL160_.jpg",
        "detailPageURL": "https://www.amazon.com/dp/B09H72ZFQ4",
        "rating": "4.4",
        "totalReviews": "895",
        "subtitle": "First Botany",
        "isPrimeEligible": "1"
    },
    {
        "ASIN": "B09B7Y8R6F",
        "title": "360Feel Peppermint Detox Bath Salt Body Scrub - Great Exfoliating Body Scrub for Acne Scars Stretch Marks Foot Scrub Great For Women Body - 8 Fl Oz",
        "price": "$3.50 ($0.44 / Fl Oz)",
        "listPrice": "$4.46 ($0.56 / Fl Oz)",
        "imageUrl": "https://m.media-amazon.com/images/I/41Ozbf3+KCL._SL160_.jpg",
        "detailPageURL": "https://www.amazon.com/dp/B09B7Y8R6F",
        "rating": "3.9",
        "totalReviews": "42",
        "subtitle": "360Feel",
        "isPrimeEligible": "1"
    },
    {
        "ASIN": "B0BGD1QQNR",
        "title": "Bikini Area Exfoliator, Exfoliating Scrub for Bikini Area, Ingrown Hair Treatment for Bikini Area, Razor Bump Treatment for Bikini Area, Sugar Scrub for Bikini Area, Shaving Exfoliator Scrub for Women",
        "price": "$24.99",
        "listPrice": "$34.99",
        "imageUrl": "https://m.media-amazon.com/images/I/4174h14yQCL._SL160_.jpg",
        "detailPageURL": "https://www.amazon.com/dp/B0BGD1QQNR",
        "rating": "4.5",
        "totalReviews": "561",
        "subtitle": "CIZ",
        "isPrimeEligible": "1"
    },
    {
        "ASIN": "B08RXWDJSF",
        "title": "European Wax Center Slow Hair Growth Aloe Body Polish, Moisturizing & Brightening Exfoliating Body Scrub, Prevent Ingrown Hairs & Bumps, Vitamin E for Firming & Smoothing, Dry Sensitive Skin, 6.7oz",
        "price": "$16.50 ($2.46 / Ounce)",
        "listPrice": "",
        "imageUrl": "https://m.media-amazon.com/images/I/31XpQ2cAuaL._SL160_.jpg",
        "detailPageURL": "https://www.amazon.com/dp/B08RXWDJSF",
        "rating": "",
        "totalReviews": "",
        "subtitle": "EUROPEAN WAX CENTER",
        "isPrimeEligible": "1"
    },
    {
        "ASIN": "B09NS6HSTB",
        "title": "Kopari KP Body Bumps Be Gone Exfoliating Body Scrub with 10% AHA, to Smooth Skin, Reduce Bumps, Decongest Pores, Clarifying, Gently Exfoliate & Wash | 8.45 fl oz Tube",
        "price": "$26.99 ($3.19 / Fl Oz)",
        "listPrice": "",
        "imageUrl": "https://m.media-amazon.com/images/I/31fByXR64lL._SL160_.jpg",
        "detailPageURL": "https://www.amazon.com/dp/B09NS6HSTB",
        "rating": "4.4",
        "totalReviews": "881",
        "subtitle": "Kopari",
        "isPrimeEligible": "1"
    },
    {
        "ASIN": "B07JYJRNZT",
        "title": "Frank Body Original Coffee Scrub, 7.05oz | Natural & Cruelty Free Exfoliating Body Scrub | Hydrating Vegan Scrub Skin Care For Stretch Marks, Acne, Cellulite | 1ct",
        "price": "$19.95 ($2.85 / Ounce)",
        "listPrice": "",
        "imageUrl": "https://m.media-amazon.com/images/I/41W+U6FsnDL._SL160_.jpg",
        "detailPageURL": "https://www.amazon.com/dp/B07JYJRNZT",
        "rating": "4.6",
        "totalReviews": "1986",
        "subtitle": "frank body",
        "isPrimeEligible": "1"
    },
    {
        "ASIN": "B093VTD9C2",
        "title": "Differin Body Scrub with Salicylic Acid Acne Clearing Improves Tone and Texture Prone Skin on Back Shoulders and Chest, 8 Oz (Packaging May Vary)",
        "price": "$10.59 ($1.32 / Fl Oz)",
        "listPrice": "",
        "imageUrl": "https://m.media-amazon.com/images/I/41bKnnz-a9L._SL160_.jpg",
        "detailPageURL": "https://www.amazon.com/dp/B093VTD9C2",
        "rating": "4.5",
        "totalReviews": "1391",
        "subtitle": "Differin",
        "isPrimeEligible": "1"
    },
    {
        "ASIN": "B0B4T7HTKD",
        "title": "Peach Oil Body Scrub - Moisturizing Shea Butter, Saffron & Nourishing Body Oils - Exfoliating Salt Scrub For Body -Win Against Aging, Stretch Marks, Cellulite, Acne & Dead Skin Scars- 10 oz",
        "price": "$8.99",
        "listPrice": "",
        "imageUrl": "https://m.media-amazon.com/images/I/518KoThJzSL._SL160_.jpg",
        "detailPageURL": "https://www.amazon.com/dp/B0B4T7HTKD",
        "rating": "3.9",
        "totalReviews": "110",
        "subtitle": "Artnaturals",
        "isPrimeEligible": "1"
    },
    {
        "ASIN": "B0BXTSC8YN",
        "title": "AMVital Turmeric Body Scrub - Handmade Natural Scrub For Body, Face, Hand, and Foot - Natural Skincare Body Scrub For Women - Suitable for All Skin Types (7.8oz)",
        "price": "$8.98 ($8.98 / Count)",
        "listPrice": "$9.98 ($9.98 / Count)",
        "imageUrl": "https://m.media-amazon.com/images/I/41xrHuvASML._SL160_.jpg",
        "detailPageURL": "https://www.amazon.com/dp/B0BXTSC8YN",
        "rating": "4.1",
        "totalReviews": "73",
        "subtitle": "AMVital",
        "isPrimeEligible": "1"
    },
    {
        "ASIN": "B09H72ZFQ4",
        "title": "Lavender Oil Body Scrub Exfoliator with Shea Butter, Collagen, Stem Cells, Grapefruit Oil - Natural Exfoliating Salt Scrub & Body and Face Souffle helps with Moisturizing Skin, Acne, Cellulite, Dead Skin Scars, Wrinkles - 11 oz",
        "price": "$11.98 ($11.98 / Count)",
        "listPrice": "",
        "imageUrl": "https://m.media-amazon.com/images/I/51b8fK0WxIL._SL160_.jpg",
        "detailPageURL": "https://www.amazon.com/dp/B09H72ZFQ4",
        "rating": "4.4",
        "totalReviews": "895",
        "subtitle": "First Botany",
        "isPrimeEligible": "1"
    },
    {
        "ASIN": "B09B7Y8R6F",
        "title": "360Feel Peppermint Detox Bath Salt Body Scrub - Great Exfoliating Body Scrub for Acne Scars Stretch Marks Foot Scrub Great For Women Body - 8 Fl Oz",
        "price": "$3.50 ($0.44 / Fl Oz)",
        "listPrice": "$4.46 ($0.56 / Fl Oz)",
        "imageUrl": "https://m.media-amazon.com/images/I/41Ozbf3+KCL._SL160_.jpg",
        "detailPageURL": "https://www.amazon.com/dp/B09B7Y8R6F",
        "rating": "3.9",
        "totalReviews": "42",
        "subtitle": "360Feel",
        "isPrimeEligible": "1"
    },
    {
        "ASIN": "B0BGD1QQNR",
        "title": "Bikini Area Exfoliator, Exfoliating Scrub for Bikini Area, Ingrown Hair Treatment for Bikini Area, Razor Bump Treatment for Bikini Area, Sugar Scrub for Bikini Area, Shaving Exfoliator Scrub for Women",
        "price": "$24.99",
        "listPrice": "$34.99",
        "imageUrl": "https://m.media-amazon.com/images/I/4174h14yQCL._SL160_.jpg",
        "detailPageURL": "https://www.amazon.com/dp/B0BGD1QQNR",
        "rating": "4.5",
        "totalReviews": "561",
        "subtitle": "CIZ",
        "isPrimeEligible": "1"
    },
    {
        "ASIN": "B08RXWDJSF",
        "title": "European Wax Center Slow Hair Growth Aloe Body Polish, Moisturizing & Brightening Exfoliating Body Scrub, Prevent Ingrown Hairs & Bumps, Vitamin E for Firming & Smoothing, Dry Sensitive Skin, 6.7oz",
        "price": "$16.50 ($2.46 / Ounce)",
        "listPrice": "",
        "imageUrl": "https://m.media-amazon.com/images/I/31XpQ2cAuaL._SL160_.jpg",
        "detailPageURL": "https://www.amazon.com/dp/B08RXWDJSF",
        "rating": "",
        "totalReviews": "",
        "subtitle": "EUROPEAN WAX CENTER",
        "isPrimeEligible": "1"
    },
    {
        "ASIN": "B09NS6HSTB",
        "title": "Kopari KP Body Bumps Be Gone Exfoliating Body Scrub with 10% AHA, to Smooth Skin, Reduce Bumps, Decongest Pores, Clarifying, Gently Exfoliate & Wash | 8.45 fl oz Tube",
        "price": "$26.99 ($3.19 / Fl Oz)",
        "listPrice": "",
        "imageUrl": "https://m.media-amazon.com/images/I/31fByXR64lL._SL160_.jpg",
        "detailPageURL": "https://www.amazon.com/dp/B09NS6HSTB",
        "rating": "4.4",
        "totalReviews": "881",
        "subtitle": "Kopari",
        "isPrimeEligible": "1"
    },
    {
        "ASIN": "B07H2NP977",
        "title": "Bath & Body Works Eucalyptus Spearmint Stress Relief Sugar Body Scrub 13 Ounce",
        "price": "$14.30 ($1.10 / Ounce)",
        "listPrice": "$16.40 ($1.26 / Ounce)",
        "imageUrl": "https://m.media-amazon.com/images/I/41MbQNTiN8L._SL160_.jpg",
        "detailPageURL": "https://www.amazon.com/dp/B07H2NP977",
        "rating": "4.6",
        "totalReviews": "342",
        "subtitle": "Bath & Body Works",
        "isPrimeEligible": "1"
    },
    {
        "ASIN": "B093VTD9C2",
        "title": "Differin Body Scrub with Salicylic Acid Acne Clearing Improves Tone and Texture Prone Skin on Back Shoulders and Chest, 8 Oz (Packaging May Vary)",
        "price": "$10.59 ($1.32 / Fl Oz)",
        "listPrice": "",
        "imageUrl": "https://m.media-amazon.com/images/I/41bKnnz-a9L._SL160_.jpg",
        "detailPageURL": "https://www.amazon.com/dp/B093VTD9C2",
        "rating": "4.5",
        "totalReviews": "1391",
        "subtitle": "Differin",
        "isPrimeEligible": "1"
    },
    {
        "ASIN": "B0B4T7HTKD",
        "title": "Peach Oil Body Scrub - Moisturizing Shea Butter, Saffron & Nourishing Body Oils - Exfoliating Salt Scrub For Body -Win Against Aging, Stretch Marks, Cellulite, Acne & Dead Skin Scars- 10 oz",
        "price": "$8.99",
        "listPrice": "",
        "imageUrl": "https://m.media-amazon.com/images/I/518KoThJzSL._SL160_.jpg",
        "detailPageURL": "https://www.amazon.com/dp/B0B4T7HTKD",
        "rating": "3.9",
        "totalReviews": "110",
        "subtitle": "Artnaturals",
        "isPrimeEligible": "1"
    },
    {
        "ASIN": "B0BXTSC8YN",
        "title": "AMVital Turmeric Body Scrub - Handmade Natural Scrub For Body, Face, Hand, and Foot - Natural Skincare Body Scrub For Women - Suitable for All Skin Types (7.8oz)",
        "price": "$8.98 ($8.98 / Count)",
        "listPrice": "$9.98 ($9.98 / Count)",
        "imageUrl": "https://m.media-amazon.com/images/I/41xrHuvASML._SL160_.jpg",
        "detailPageURL": "https://www.amazon.com/dp/B0BXTSC8YN",
        "rating": "4.1",
        "totalReviews": "73",
        "subtitle": "AMVital",
        "isPrimeEligible": "1"
    },
    {
        "ASIN": "B09H72ZFQ4",
        "title": "Lavender Oil Body Scrub Exfoliator with Shea Butter, Collagen, Stem Cells, Grapefruit Oil - Natural Exfoliating Salt Scrub & Body and Face Souffle helps with Moisturizing Skin, Acne, Cellulite, Dead Skin Scars, Wrinkles - 11 oz",
        "price": "$11.98 ($11.98 / Count)",
        "listPrice": "",
        "imageUrl": "https://m.media-amazon.com/images/I/51b8fK0WxIL._SL160_.jpg",
        "detailPageURL": "https://www.amazon.com/dp/B09H72ZFQ4",
        "rating": "4.4",
        "totalReviews": "895",
        "subtitle": "First Botany",
        "isPrimeEligible": "1"
    },
    {
        "ASIN": "B09B7Y8R6F",
        "title": "360Feel Peppermint Detox Bath Salt Body Scrub - Great Exfoliating Body Scrub for Acne Scars Stretch Marks Foot Scrub Great For Women Body - 8 Fl Oz",
        "price": "$3.50 ($0.44 / Fl Oz)",
        "listPrice": "$4.46 ($0.56 / Fl Oz)",
        "imageUrl": "https://m.media-amazon.com/images/I/41Ozbf3+KCL._SL160_.jpg",
        "detailPageURL": "https://www.amazon.com/dp/B09B7Y8R6F",
        "rating": "3.9",
        "totalReviews": "42",
        "subtitle": "360Feel",
        "isPrimeEligible": "1"
    },
    {
        "ASIN": "B0BGD1QQNR",
        "title": "Bikini Area Exfoliator, Exfoliating Scrub for Bikini Area, Ingrown Hair Treatment for Bikini Area, Razor Bump Treatment for Bikini Area, Sugar Scrub for Bikini Area, Shaving Exfoliator Scrub for Women",
        "price": "$24.99",
        "listPrice": "$34.99",
        "imageUrl": "https://m.media-amazon.com/images/I/4174h14yQCL._SL160_.jpg",
        "detailPageURL": "https://www.amazon.com/dp/B0BGD1QQNR",
        "rating": "4.5",
        "totalReviews": "561",
        "subtitle": "CIZ",
        "isPrimeEligible": "1"
    },
    {
        "ASIN": "B08RXWDJSF",
        "title": "European Wax Center Slow Hair Growth Aloe Body Polish, Moisturizing & Brightening Exfoliating Body Scrub, Prevent Ingrown Hairs & Bumps, Vitamin E for Firming & Smoothing, Dry Sensitive Skin, 6.7oz",
        "price": "$16.50 ($2.46 / Ounce)",
        "listPrice": "",
        "imageUrl": "https://m.media-amazon.com/images/I/31XpQ2cAuaL._SL160_.jpg",
        "detailPageURL": "https://www.amazon.com/dp/B08RXWDJSF",
        "rating": "",
        "totalReviews": "",
        "subtitle": "EUROPEAN WAX CENTER",
        "isPrimeEligible": "1"
    },
    {
        "ASIN": "B09NS6HSTB",
        "title": "Kopari KP Body Bumps Be Gone Exfoliating Body Scrub with 10% AHA, to Smooth Skin, Reduce Bumps, Decongest Pores, Clarifying, Gently Exfoliate & Wash | 8.45 fl oz Tube",
        "price": "$26.99 ($3.19 / Fl Oz)",
        "listPrice": "",
        "imageUrl": "https://m.media-amazon.com/images/I/31fByXR64lL._SL160_.jpg",
        "detailPageURL": "https://www.amazon.com/dp/B09NS6HSTB",
        "rating": "4.4",
        "totalReviews": "881",
        "subtitle": "Kopari",
        "isPrimeEligible": "1"
    },
    {
        "ASIN": "B07H2NP977",
        "title": "Bath & Body Works Eucalyptus Spearmint Stress Relief Sugar Body Scrub 13 Ounce",
        "price": "$14.30 ($1.10 / Ounce)",
        "listPrice": "$16.40 ($1.26 / Ounce)",
        "imageUrl": "https://m.media-amazon.com/images/I/41MbQNTiN8L._SL160_.jpg",
        "detailPageURL": "https://www.amazon.com/dp/B07H2NP977",
        "rating": "4.6",
        "totalReviews": "342",
        "subtitle": "Bath & Body Works",
        "isPrimeEligible": "1"
    },
    {
        "ASIN": "B0C4TWCBTX",
        "title": "Metene Silicone Body Scrubber, Exfoliating Body Scrubber for Use in Shower,Lathers Well, Long Lasting, Soft Body Scrubber for Shower and Bath Skincare Routine(Black).",
        "price": "$7.99 ($7.99 / Count)",
        "listPrice": "",
        "imageUrl": "https://m.media-amazon.com/images/I/517ITG05ipL._SL160_.jpg",
        "detailPageURL": "https://www.amazon.com/dp/B0C4TWCBTX",
        "rating": "4.5",
        "totalReviews": "24",
        "subtitle": "Metene",
        "isPrimeEligible": "1"
    },
    {
        "ASIN": "B0B4T7HTKD",
        "title": "Peach Oil Body Scrub - Moisturizing Shea Butter, Saffron & Nourishing Body Oils - Exfoliating Salt Scrub For Body -Win Against Aging, Stretch Marks, Cellulite, Acne & Dead Skin Scars- 10 oz",
        "price": "$8.99",
        "listPrice": "",
        "imageUrl": "https://m.media-amazon.com/images/I/518KoThJzSL._SL160_.jpg",
        "detailPageURL": "https://www.amazon.com/dp/B0B4T7HTKD",
        "rating": "3.9",
        "totalReviews": "110",
        "subtitle": "Artnaturals",
        "isPrimeEligible": "1"
    },
    {
        "ASIN": "B0BXTSC8YN",
        "title": "AMVital Turmeric Body Scrub - Handmade Natural Scrub For Body, Face, Hand, and Foot - Natural Skincare Body Scrub For Women - Suitable for All Skin Types (7.8oz)",
        "price": "$8.98 ($8.98 / Count)",
        "listPrice": "$9.98 ($9.98 / Count)",
        "imageUrl": "https://m.media-amazon.com/images/I/41xrHuvASML._SL160_.jpg",
        "detailPageURL": "https://www.amazon.com/dp/B0BXTSC8YN",
        "rating": "4.1",
        "totalReviews": "73",
        "subtitle": "AMVital",
        "isPrimeEligible": "1"
    },
    {
        "ASIN": "B09H72ZFQ4",
        "title": "Lavender Oil Body Scrub Exfoliator with Shea Butter, Collagen, Stem Cells, Grapefruit Oil - Natural Exfoliating Salt Scrub & Body and Face Souffle helps with Moisturizing Skin, Acne, Cellulite, Dead Skin Scars, Wrinkles - 11 oz",
        "price": "$11.98 ($11.98 / Count)",
        "listPrice": "",
        "imageUrl": "https://m.media-amazon.com/images/I/51b8fK0WxIL._SL160_.jpg",
        "detailPageURL": "https://www.amazon.com/dp/B09H72ZFQ4",
        "rating": "4.4",
        "totalReviews": "895",
        "subtitle": "First Botany",
        "isPrimeEligible": "1"
    },
    {
        "ASIN": "B09B7Y8R6F",
        "title": "360Feel Peppermint Detox Bath Salt Body Scrub - Great Exfoliating Body Scrub for Acne Scars Stretch Marks Foot Scrub Great For Women Body - 8 Fl Oz",
        "price": "$3.50 ($0.44 / Fl Oz)",
        "listPrice": "$4.46 ($0.56 / Fl Oz)",
        "imageUrl": "https://m.media-amazon.com/images/I/41Ozbf3+KCL._SL160_.jpg",
        "detailPageURL": "https://www.amazon.com/dp/B09B7Y8R6F",
        "rating": "3.9",
        "totalReviews": "42",
        "subtitle": "360Feel",
        "isPrimeEligible": "1"
    },
    {
        "ASIN": "B0BGD1QQNR",
        "title": "Bikini Area Exfoliator, Exfoliating Scrub for Bikini Area, Ingrown Hair Treatment for Bikini Area, Razor Bump Treatment for Bikini Area, Sugar Scrub for Bikini Area, Shaving Exfoliator Scrub for Women",
        "price": "$24.99",
        "listPrice": "$34.99",
        "imageUrl": "https://m.media-amazon.com/images/I/4174h14yQCL._SL160_.jpg",
        "detailPageURL": "https://www.amazon.com/dp/B0BGD1QQNR",
        "rating": "4.5",
        "totalReviews": "561",
        "subtitle": "CIZ",
        "isPrimeEligible": "1"
    },
    {
        "ASIN": "B08RXWDJSF",
        "title": "European Wax Center Slow Hair Growth Aloe Body Polish, Moisturizing & Brightening Exfoliating Body Scrub, Prevent Ingrown Hairs & Bumps, Vitamin E for Firming & Smoothing, Dry Sensitive Skin, 6.7oz",
        "price": "$16.50 ($2.46 / Ounce)",
        "listPrice": "",
        "imageUrl": "https://m.media-amazon.com/images/I/31XpQ2cAuaL._SL160_.jpg",
        "detailPageURL": "https://www.amazon.com/dp/B08RXWDJSF",
        "rating": "",
        "totalReviews": "",
        "subtitle": "EUROPEAN WAX CENTER",
        "isPrimeEligible": "1"
    },
    {
        "ASIN": "B09NS6HSTB",
        "title": "Kopari KP Body Bumps Be Gone Exfoliating Body Scrub with 10% AHA, to Smooth Skin, Reduce Bumps, Decongest Pores, Clarifying, Gently Exfoliate & Wash | 8.45 fl oz Tube",
        "price": "$26.99 ($3.19 / Fl Oz)",
        "listPrice": "",
        "imageUrl": "https://m.media-amazon.com/images/I/31fByXR64lL._SL160_.jpg",
        "detailPageURL": "https://www.amazon.com/dp/B09NS6HSTB",
        "rating": "4.4",
        "totalReviews": "881",
        "subtitle": "Kopari",
        "isPrimeEligible": "1"
    },
    {
        "ASIN": "B07H2NP977",
        "title": "Bath & Body Works Eucalyptus Spearmint Stress Relief Sugar Body Scrub 13 Ounce",
        "price": "$14.30 ($1.10 / Ounce)",
        "listPrice": "$16.40 ($1.26 / Ounce)",
        "imageUrl": "https://m.media-amazon.com/images/I/41MbQNTiN8L._SL160_.jpg",
        "detailPageURL": "https://www.amazon.com/dp/B07H2NP977",
        "rating": "4.6",
        "totalReviews": "342",
        "subtitle": "Bath & Body Works",
        "isPrimeEligible": "1"
    },
    {
        "ASIN": "B0C4TWCBTX",
        "title": "Metene Silicone Body Scrubber, Exfoliating Body Scrubber for Use in Shower,Lathers Well, Long Lasting, Soft Body Scrubber for Shower and Bath Skincare Routine(Black).",
        "price": "$7.99 ($7.99 / Count)",
        "listPrice": "",
        "imageUrl": "https://m.media-amazon.com/images/I/517ITG05ipL._SL160_.jpg",
        "detailPageURL": "https://www.amazon.com/dp/B0C4TWCBTX",
        "rating": "4.5",
        "totalReviews": "24",
        "subtitle": "Metene",
        "isPrimeEligible": "1"
    },
    {
        "ASIN": "B0C91KLYQT",
        "title": "Healthy Radiance Kojic Acid Body Scrub - With Pure Orange Oil and Kojic Acid Natural Exfoliating Salt Body & Face Scrub-Brigthens and Softens Rough Skin-With All Natural Ingredients- 8.8 oz",
        "price": "$13.99 ($396.32 / Ounce)",
        "listPrice": "",
        "imageUrl": "https://m.media-amazon.com/images/I/511gcwmpToL._SL160_.jpg",
        "detailPageURL": "https://www.amazon.com/dp/B0C91KLYQT",
        "rating": "",
        "totalReviews": "",
        "subtitle": "Healthy Radiance",
        "isPrimeEligible": "1"
    }
]