[
    {
        "ASIN": "B07SDQDMZ4",
        "title": "Cetaphil Clay Mask Pro, Dermacontrol Purifying Clay Exfoliating Face Mask For Nourishment with Bentonite Clay for Blackheads and Pores, Designed for Oily, Sensitive Skin, 3 oz",
        "price": "$12.89 ($4.30 / Ounce)",
        "listPrice": "$15.99 ($5.33 / Ounce)",
        "imageUrl": "https://m.media-amazon.com/images/I/31YTQXI6UiL._SL160_.jpg",
        "detailPageURL": "https://www.amazon.com/dp/B07SDQDMZ4",
        "rating": "4.4",
        "totalReviews": "11233",
        "subtitle": "Cetaphil",
        "isPrimeEligible": "1"
    },
    {
        "ASIN": "B08WZRDXK7",
        "title": "innisfree Pore Clearing Clay Mask 2X Super Volcanic Clusters Face Treatment , 3.38 Fl Oz (Pack of 1)",
        "price": "$16.00 ($4.73 / Fl Oz)",
        "listPrice": "",
        "imageUrl": "https://m.media-amazon.com/images/I/41LYQpDbHyL._SL160_.jpg",
        "detailPageURL": "https://www.amazon.com/dp/B08WZRDXK7",
        "rating": "4.6",
        "totalReviews": "2663",
        "subtitle": "",
        "isPrimeEligible": "1"
    },
    {
        "ASIN": "B086V843R8",
        "title": "ANAI RUI Turmeric Clay Mask - Green Tea and Dead Sea Minerals, Spa Facial Mask Set for Pore Treatment/Smooth/Clarify, Indoor Use, 2.5 oz each",
        "price": "$16.78",
        "listPrice": "$29.99",
        "imageUrl": "https://m.media-amazon.com/images/I/41wRF1Y6rxL._SL160_.jpg",
        "detailPageURL": "https://www.amazon.com/dp/B086V843R8",
        "rating": "4.5",
        "totalReviews": "4931",
        "subtitle": "ANAiRUi",
        "isPrimeEligible": "1"
    },
    {
        "ASIN": "B0982G5RR1",
        "title": "Aztec Secret 1lb, Original Indian Healing Clay with a Face Mask Mixing Bowl Set, Includes Bentonite Clay Powder, Spatula, Brush, Measuring Spoons, and More",
        "price": "$22.99 ($22.99 / Count)",
        "listPrice": "",
        "imageUrl": "https://m.media-amazon.com/images/I/41FukQqNoRL._SL160_.jpg",
        "detailPageURL": "https://www.amazon.com/dp/B0982G5RR1",
        "rating": "4.6",
        "totalReviews": "956",
        "subtitle": "Aztec Clay",
        "isPrimeEligible": "1"
    },
    {
        "ASIN": "B06XH1WJNR",
        "title": "La Roche-Posay Effaclar Clarifying Clay Face Mask for Oily Skin, Unclogs Pores and Controls Shine Without Over-Drying, Packaging May Vary",
        "price": "$21.99 ($6.47 / Fl Oz)",
        "listPrice": "",
        "imageUrl": "https://m.media-amazon.com/images/I/41jK112XlQL._SL160_.jpg",
        "detailPageURL": "https://www.amazon.com/dp/B06XH1WJNR",
        "rating": "4.6",
        "totalReviews": "1598",
        "subtitle": "",
        "isPrimeEligible": "1"
    },
    {
        "ASIN": "B07KQYWBP7",
        "title": "ISNTREE Mugwort Calming Clay Mask 100ml 3.38 fl.oz | Effective sebum control | Exfoliates rough skin",
        "price": "$18.89 ($5.56 / Fl Oz)",
        "listPrice": "$22.20 ($6.53 / Fl Oz)",
        "imageUrl": "https://m.media-amazon.com/images/I/21EfZ1BJKYL._SL160_.jpg",
        "detailPageURL": "https://www.amazon.com/dp/B07KQYWBP7",
        "rating": "4.6",
        "totalReviews": "274",
        "subtitle": "IsNtree",
        "isPrimeEligible": "1"
    },
    {
        "ASIN": "B007CY2C76",
        "title": "FREEMAN Dead Sea Minerals Anti-Stress Clay Facial Mask, Hydrating & Clarifying, Clears Pores, Face Mask With Lavender & Bergamot For Radiant Skin, Skin Types, 6 fl. oz./175 mL Tube",
        "price": "$3.81 ($0.64 / Ounce)",
        "listPrice": "$4.99 ($0.83 / Ounce)",
        "imageUrl": "https://m.media-amazon.com/images/I/31-131ZWvEL._SL160_.jpg",
        "detailPageURL": "https://www.amazon.com/dp/B007CY2C76",
        "rating": "4.5",
        "totalReviews": "4188",
        "subtitle": "FREEMAN",
        "isPrimeEligible": "1"
    },
    {
        "ASIN": "B01F7SUFH2",
        "title": "L'Oreal Paris Skincare Pure Clay Face Mask with Red Algae for Clogged Pores to Exfoliate And Refine Pores, Clay Mask, at home face mask, 1.7 oz.",
        "price": "$8.97 ($5.28 / Ounce)",
        "listPrice": "$9.99 ($5.88 / Ounce)",
        "imageUrl": "https://m.media-amazon.com/images/I/41H1izCMdaL._SL160_.jpg",
        "detailPageURL": "https://www.amazon.com/dp/B01F7SUFH2",
        "rating": "4.5",
        "totalReviews": "3947",
        "subtitle": "L\u2019Or\u00e9al Paris",
        "isPrimeEligible": "1"
    },
    {
        "ASIN": "B01F7SUFW2",
        "title": "L'Oreal Paris Skincare Pure Clay Face Mask with Charcoal for Dull Skin to Detox & Brighten Skin, Clay Mask, at home face mask, 1.7 oz.",
        "price": "$12.99 ($7.64 / Ounce)",
        "listPrice": "",
        "imageUrl": "https://m.media-amazon.com/images/I/4164Fx-3XJL._SL160_.jpg",
        "detailPageURL": "https://www.amazon.com/dp/B01F7SUFW2",
        "rating": "4.6",
        "totalReviews": "4827",
        "subtitle": "L\u2019Or\u00e9al Paris",
        "isPrimeEligible": "1"
    },
    {
        "ASIN": "B00SSMEA4O",
        "title": "Pure Body Naturals Pure Bentonite Powder for DIY Detox Bath & Facial Mask, Pure Indian Healing Clay for Burns, Mastitis, Inflamed or Chapped Skin (8.0 oz)",
        "price": "$7.49 ($0.94 / Ounce)",
        "listPrice": "",
        "imageUrl": "https://m.media-amazon.com/images/I/51RKC9GUpNL._SL160_.jpg",
        "detailPageURL": "https://www.amazon.com/dp/B00SSMEA4O",
        "rating": "4.5",
        "totalReviews": "6967",
        "subtitle": "Pure Body Naturals",
        "isPrimeEligible": "1"
    },
    {
        "ASIN": "B08WZRDXK7",
        "title": "innisfree Pore Clearing Clay Mask 2X Super Volcanic Clusters Face Treatment , 3.38 Fl Oz (Pack of 1)",
        "price": "$16.00 ($4.73 / Fl Oz)",
        "listPrice": "",
        "imageUrl": "https://m.media-amazon.com/images/I/41LYQpDbHyL._SL160_.jpg",
        "detailPageURL": "https://www.amazon.com/dp/B08WZRDXK7",
        "rating": "4.6",
        "totalReviews": "2663",
        "subtitle": "",
        "isPrimeEligible": "1"
    },
    {
        "ASIN": "B086V843R8",
        "title": "ANAI RUI Turmeric Clay Mask - Green Tea and Dead Sea Minerals, Spa Facial Mask Set for Pore Treatment/Smooth/Clarify, Indoor Use, 2.5 oz each",
        "price": "$16.78",
        "listPrice": "$29.99",
        "imageUrl": "https://m.media-amazon.com/images/I/41wRF1Y6rxL._SL160_.jpg",
        "detailPageURL": "https://www.amazon.com/dp/B086V843R8",
        "rating": "4.5",
        "totalReviews": "4931",
        "subtitle": "ANAiRUi",
        "isPrimeEligible": "1"
    },
    {
        "ASIN": "B0982G5RR1",
        "title": "Aztec Secret 1lb, Original Indian Healing Clay with a Face Mask Mixing Bowl Set, Includes Bentonite Clay Powder, Spatula, Brush, Measuring Spoons, and More",
        "price": "$22.99 ($22.99 / Count)",
        "listPrice": "",
        "imageUrl": "https://m.media-amazon.com/images/I/41FukQqNoRL._SL160_.jpg",
        "detailPageURL": "https://www.amazon.com/dp/B0982G5RR1",
        "rating": "4.6",
        "totalReviews": "956",
        "subtitle": "Aztec Clay",
        "isPrimeEligible": "1"
    },
    {
        "ASIN": "B06XH1WJNR",
        "title": "La Roche-Posay Effaclar Clarifying Clay Face Mask for Oily Skin, Unclogs Pores and Controls Shine Without Over-Drying, Packaging May Vary",
        "price": "$21.99 ($6.47 / Fl Oz)",
        "listPrice": "",
        "imageUrl": "https://m.media-amazon.com/images/I/41jK112XlQL._SL160_.jpg",
        "detailPageURL": "https://www.amazon.com/dp/B06XH1WJNR",
        "rating": "4.6",
        "totalReviews": "1598",
        "subtitle": "",
        "isPrimeEligible": "1"
    },
    {
        "ASIN": "B07KQYWBP7",
        "title": "ISNTREE Mugwort Calming Clay Mask 100ml 3.38 fl.oz | Effective sebum control | Exfoliates rough skin",
        "price": "$18.89 ($5.56 / Fl Oz)",
        "listPrice": "$22.20 ($6.53 / Fl Oz)",
        "imageUrl": "https://m.media-amazon.com/images/I/21EfZ1BJKYL._SL160_.jpg",
        "detailPageURL": "https://www.amazon.com/dp/B07KQYWBP7",
        "rating": "4.6",
        "totalReviews": "274",
        "subtitle": "IsNtree",
        "isPrimeEligible": "1"
    },
    {
        "ASIN": "B007CY2C76",
        "title": "FREEMAN Dead Sea Minerals Anti-Stress Clay Facial Mask, Hydrating & Clarifying, Clears Pores, Face Mask With Lavender & Bergamot For Radiant Skin, Skin Types, 6 fl. oz./175 mL Tube",
        "price": "$3.81 ($0.64 / Ounce)",
        "listPrice": "$4.99 ($0.83 / Ounce)",
        "imageUrl": "https://m.media-amazon.com/images/I/31-131ZWvEL._SL160_.jpg",
        "detailPageURL": "https://www.amazon.com/dp/B007CY2C76",
        "rating": "4.5",
        "totalReviews": "4188",
        "subtitle": "FREEMAN",
        "isPrimeEligible": "1"
    },
    {
        "ASIN": "B01F7SUFH2",
        "title": "L'Oreal Paris Skincare Pure Clay Face Mask with Red Algae for Clogged Pores to Exfoliate And Refine Pores, Clay Mask, at home face mask, 1.7 oz.",
        "price": "$8.97 ($5.28 / Ounce)",
        "listPrice": "$9.99 ($5.88 / Ounce)",
        "imageUrl": "https://m.media-amazon.com/images/I/41H1izCMdaL._SL160_.jpg",
        "detailPageURL": "https://www.amazon.com/dp/B01F7SUFH2",
        "rating": "4.5",
        "totalReviews": "3947",
        "subtitle": "L\u2019Or\u00e9al Paris",
        "isPrimeEligible": "1"
    },
    {
        "ASIN": "B01F7SUFW2",
        "title": "L'Oreal Paris Skincare Pure Clay Face Mask with Charcoal for Dull Skin to Detox & Brighten Skin, Clay Mask, at home face mask, 1.7 oz.",
        "price": "$12.99 ($7.64 / Ounce)",
        "listPrice": "",
        "imageUrl": "https://m.media-amazon.com/images/I/4164Fx-3XJL._SL160_.jpg",
        "detailPageURL": "https://www.amazon.com/dp/B01F7SUFW2",
        "rating": "4.6",
        "totalReviews": "4827",
        "subtitle": "L\u2019Or\u00e9al Paris",
        "isPrimeEligible": "1"
    },
    {
        "ASIN": "B00SSMEA4O",
        "title": "Pure Body Naturals Pure Bentonite Powder for DIY Detox Bath & Facial Mask, Pure Indian Healing Clay for Burns, Mastitis, Inflamed or Chapped Skin (8.0 oz)",
        "price": "$7.49 ($0.94 / Ounce)",
        "listPrice": "",
        "imageUrl": "https://m.media-amazon.com/images/I/51RKC9GUpNL._SL160_.jpg",
        "detailPageURL": "https://www.amazon.com/dp/B00SSMEA4O",
        "rating": "4.5",
        "totalReviews": "6967",
        "subtitle": "Pure Body Naturals",
        "isPrimeEligible": "1"
    },
    {
        "ASIN": "B00MWI2IS0",
        "title": "Elizavecca Milky Piggy Carbonated Bubble Clay Mask 100g/3.53 oz. - Wash off Face Wash | Bubble Skin Care | Wash off Face Dead Skin | Blackhead Remover | Deep Cleansing Face | Minuteness Bubbles Mask Pack",
        "price": "$8.90 ($0.09 / Count)",
        "listPrice": "",
        "imageUrl": "https://m.media-amazon.com/images/I/51Kg0TD2T6L._SL160_.jpg",
        "detailPageURL": "https://www.amazon.com/dp/B00MWI2IS0",
        "rating": "4.4",
        "totalReviews": "17119",
        "subtitle": "Elizavecca",
        "isPrimeEligible": "1"
    },
    {
        "ASIN": "B086V843R8",
        "title": "ANAI RUI Turmeric Clay Mask - Green Tea and Dead Sea Minerals, Spa Facial Mask Set for Pore Treatment/Smooth/Clarify, Indoor Use, 2.5 oz each",
        "price": "$16.78",
        "listPrice": "$29.99",
        "imageUrl": "https://m.media-amazon.com/images/I/41wRF1Y6rxL._SL160_.jpg",
        "detailPageURL": "https://www.amazon.com/dp/B086V843R8",
        "rating": "4.5",
        "totalReviews": "4931",
        "subtitle": "ANAiRUi",
        "isPrimeEligible": "1"
    },
    {
        "ASIN": "B0982G5RR1",
        "title": "Aztec Secret 1lb, Original Indian Healing Clay with a Face Mask Mixing Bowl Set, Includes Bentonite Clay Powder, Spatula, Brush, Measuring Spoons, and More",
        "price": "$22.99 ($22.99 / Count)",
        "listPrice": "",
        "imageUrl": "https://m.media-amazon.com/images/I/41FukQqNoRL._SL160_.jpg",
        "detailPageURL": "https://www.amazon.com/dp/B0982G5RR1",
        "rating": "4.6",
        "totalReviews": "956",
        "subtitle": "Aztec Clay",
        "isPrimeEligible": "1"
    },
    {
        "ASIN": "B06XH1WJNR",
        "title": "La Roche-Posay Effaclar Clarifying Clay Face Mask for Oily Skin, Unclogs Pores and Controls Shine Without Over-Drying, Packaging May Vary",
        "price": "$21.99 ($6.47 / Fl Oz)",
        "listPrice": "",
        "imageUrl": "https://m.media-amazon.com/images/I/41jK112XlQL._SL160_.jpg",
        "detailPageURL": "https://www.amazon.com/dp/B06XH1WJNR",
        "rating": "4.6",
        "totalReviews": "1598",
        "subtitle": "",
        "isPrimeEligible": "1"
    },
    {
        "ASIN": "B07KQYWBP7",
        "title": "ISNTREE Mugwort Calming Clay Mask 100ml 3.38 fl.oz | Effective sebum control | Exfoliates rough skin",
        "price": "$18.89 ($5.56 / Fl Oz)",
        "listPrice": "$22.20 ($6.53 / Fl Oz)",
        "imageUrl": "https://m.media-amazon.com/images/I/21EfZ1BJKYL._SL160_.jpg",
        "detailPageURL": "https://www.amazon.com/dp/B07KQYWBP7",
        "rating": "4.6",
        "totalReviews": "274",
        "subtitle": "IsNtree",
        "isPrimeEligible": "1"
    },
    {
        "ASIN": "B007CY2C76",
        "title": "FREEMAN Dead Sea Minerals Anti-Stress Clay Facial Mask, Hydrating & Clarifying, Clears Pores, Face Mask With Lavender & Bergamot For Radiant Skin, Skin Types, 6 fl. oz./175 mL Tube",
        "price": "$3.81 ($0.64 / Ounce)",
        "listPrice": "$4.99 ($0.83 / Ounce)",
        "imageUrl": "https://m.media-amazon.com/images/I/31-131ZWvEL._SL160_.jpg",
        "detailPageURL": "https://www.amazon.com/dp/B007CY2C76",
        "rating": "4.5",
        "totalReviews": "4188",
        "subtitle": "FREEMAN",
        "isPrimeEligible": "1"
    },
    {
        "ASIN": "B01F7SUFH2",
        "title": "L'Oreal Paris Skincare Pure Clay Face Mask with Red Algae for Clogged Pores to Exfoliate And Refine Pores, Clay Mask, at home face mask, 1.7 oz.",
        "price": "$8.97 ($5.28 / Ounce)",
        "listPrice": "$9.99 ($5.88 / Ounce)",
        "imageUrl": "https://m.media-amazon.com/images/I/41H1izCMdaL._SL160_.jpg",
        "detailPageURL": "https://www.amazon.com/dp/B01F7SUFH2",
        "rating": "4.5",
        "totalReviews": "3947",
        "subtitle": "L\u2019Or\u00e9al Paris",
        "isPrimeEligible": "1"
    },
    {
        "ASIN": "B01F7SUFW2",
        "title": "L'Oreal Paris Skincare Pure Clay Face Mask with Charcoal for Dull Skin to Detox & Brighten Skin, Clay Mask, at home face mask, 1.7 oz.",
        "price": "$12.99 ($7.64 / Ounce)",
        "listPrice": "",
        "imageUrl": "https://m.media-amazon.com/images/I/4164Fx-3XJL._SL160_.jpg",
        "detailPageURL": "https://www.amazon.com/dp/B01F7SUFW2",
        "rating": "4.6",
        "totalReviews": "4827",
        "subtitle": "L\u2019Or\u00e9al Paris",
        "isPrimeEligible": "1"
    },
    {
        "ASIN": "B00SSMEA4O",
        "title": "Pure Body Naturals Pure Bentonite Powder for DIY Detox Bath & Facial Mask, Pure Indian Healing Clay for Burns, Mastitis, Inflamed or Chapped Skin (8.0 oz)",
        "price": "$7.49 ($0.94 / Ounce)",
        "listPrice": "",
        "imageUrl": "https://m.media-amazon.com/images/I/51RKC9GUpNL._SL160_.jpg",
        "detailPageURL": "https://www.amazon.com/dp/B00SSMEA4O",
        "rating": "4.5",
        "totalReviews": "6967",
        "subtitle": "Pure Body Naturals",
        "isPrimeEligible": "1"
    },
    {
        "ASIN": "B00MWI2IS0",
        "title": "Elizavecca Milky Piggy Carbonated Bubble Clay Mask 100g/3.53 oz. - Wash off Face Wash | Bubble Skin Care | Wash off Face Dead Skin | Blackhead Remover | Deep Cleansing Face | Minuteness Bubbles Mask Pack",
        "price": "$8.90 ($0.09 / Count)",
        "listPrice": "",
        "imageUrl": "https://m.media-amazon.com/images/I/51Kg0TD2T6L._SL160_.jpg",
        "detailPageURL": "https://www.amazon.com/dp/B00MWI2IS0",
        "rating": "4.4",
        "totalReviews": "17119",
        "subtitle": "Elizavecca",
        "isPrimeEligible": "1"
    },
    {
        "ASIN": "B0B58QXD1Z",
        "title": "POP MODERN.C Turmeric Vitamin C Clay Mask Deep Cleansing Face Mask Skin Care Improve Blackheads Acne Dark Spots and Even out skin tone Facial Mask Control Oil and Refining Pores",
        "price": "$9.99 ($2.36 / Ounce)",
        "listPrice": "",
        "imageUrl": "https://m.media-amazon.com/images/I/51KWzD3-yoL._SL160_.jpg",
        "detailPageURL": "https://www.amazon.com/dp/B0B58QXD1Z",
        "rating": "4.3",
        "totalReviews": "421",
        "subtitle": "POP MODERN.C",
        "isPrimeEligible": "1"
    },
    {
        "ASIN": "B0982G5RR1",
        "title": "Aztec Secret 1lb, Original Indian Healing Clay with a Face Mask Mixing Bowl Set, Includes Bentonite Clay Powder, Spatula, Brush, Measuring Spoons, and More",
        "price": "$22.99 ($22.99 / Count)",
        "listPrice": "",
        "imageUrl": "https://m.media-amazon.com/images/I/41FukQqNoRL._SL160_.jpg",
        "detailPageURL": "https://www.amazon.com/dp/B0982G5RR1",
        "rating": "4.6",
        "totalReviews": "956",
        "subtitle": "Aztec Clay",
        "isPrimeEligible": "1"
    },
    {
        "ASIN": "B06XH1WJNR",
        "title": "La Roche-Posay Effaclar Clarifying Clay Face Mask for Oily Skin, Unclogs Pores and Controls Shine Without Over-Drying, Packaging May Vary",
        "price": "$21.99 ($6.47 / Fl Oz)",
        "listPrice": "",
        "imageUrl": "https://m.media-amazon.com/images/I/41jK112XlQL._SL160_.jpg",
        "detailPageURL": "https://www.amazon.com/dp/B06XH1WJNR",
        "rating": "4.6",
        "totalReviews": "1598",
        "subtitle": "",
        "isPrimeEligible": "1"
    },
    {
        "ASIN": "B07KQYWBP7",
        "title": "ISNTREE Mugwort Calming Clay Mask 100ml 3.38 fl.oz | Effective sebum control | Exfoliates rough skin",
        "price": "$18.89 ($5.56 / Fl Oz)",
        "listPrice": "$22.20 ($6.53 / Fl Oz)",
        "imageUrl": "https://m.media-amazon.com/images/I/21EfZ1BJKYL._SL160_.jpg",
        "detailPageURL": "https://www.amazon.com/dp/B07KQYWBP7",
        "rating": "4.6",
        "totalReviews": "274",
        "subtitle": "IsNtree",
        "isPrimeEligible": "1"
    },
    {
        "ASIN": "B007CY2C76",
        "title": "FREEMAN Dead Sea Minerals Anti-Stress Clay Facial Mask, Hydrating & Clarifying, Clears Pores, Face Mask With Lavender & Bergamot For Radiant Skin, Skin Types, 6 fl. oz./175 mL Tube",
        "price": "$3.81 ($0.64 / Ounce)",
        "listPrice": "$4.99 ($0.83 / Ounce)",
        "imageUrl": "https://m.media-amazon.com/images/I/31-131ZWvEL._SL160_.jpg",
        "detailPageURL": "https://www.amazon.com/dp/B007CY2C76",
        "rating": "4.5",
        "totalReviews": "4188",
        "subtitle": "FREEMAN",
        "isPrimeEligible": "1"
    },
    {
        "ASIN": "B01F7SUFH2",
        "title": "L'Oreal Paris Skincare Pure Clay Face Mask with Red Algae for Clogged Pores to Exfoliate And Refine Pores, Clay Mask, at home face mask, 1.7 oz.",
        "price": "$8.97 ($5.28 / Ounce)",
        "listPrice": "$9.99 ($5.88 / Ounce)",
        "imageUrl": "https://m.media-amazon.com/images/I/41H1izCMdaL._SL160_.jpg",
        "detailPageURL": "https://www.amazon.com/dp/B01F7SUFH2",
        "rating": "4.5",
        "totalReviews": "3947",
        "subtitle": "L\u2019Or\u00e9al Paris",
        "isPrimeEligible": "1"
    },
    {
        "ASIN": "B01F7SUFW2",
        "title": "L'Oreal Paris Skincare Pure Clay Face Mask with Charcoal for Dull Skin to Detox & Brighten Skin, Clay Mask, at home face mask, 1.7 oz.",
        "price": "$12.99 ($7.64 / Ounce)",
        "listPrice": "",
        "imageUrl": "https://m.media-amazon.com/images/I/4164Fx-3XJL._SL160_.jpg",
        "detailPageURL": "https://www.amazon.com/dp/B01F7SUFW2",
        "rating": "4.6",
        "totalReviews": "4827",
        "subtitle": "L\u2019Or\u00e9al Paris",
        "isPrimeEligible": "1"
    },
    {
        "ASIN": "B00SSMEA4O",
        "title": "Pure Body Naturals Pure Bentonite Powder for DIY Detox Bath & Facial Mask, Pure Indian Healing Clay for Burns, Mastitis, Inflamed or Chapped Skin (8.0 oz)",
        "price": "$7.49 ($0.94 / Ounce)",
        "listPrice": "",
        "imageUrl": "https://m.media-amazon.com/images/I/51RKC9GUpNL._SL160_.jpg",
        "detailPageURL": "https://www.amazon.com/dp/B00SSMEA4O",
        "rating": "4.5",
        "totalReviews": "6967",
        "subtitle": "Pure Body Naturals",
        "isPrimeEligible": "1"
    },
    {
        "ASIN": "B00MWI2IS0",
        "title": "Elizavecca Milky Piggy Carbonated Bubble Clay Mask 100g/3.53 oz. - Wash off Face Wash | Bubble Skin Care | Wash off Face Dead Skin | Blackhead Remover | Deep Cleansing Face | Minuteness Bubbles Mask Pack",
        "price": "$8.90 ($0.09 / Count)",
        "listPrice": "",
        "imageUrl": "https://m.media-amazon.com/images/I/51Kg0TD2T6L._SL160_.jpg",
        "detailPageURL": "https://www.amazon.com/dp/B00MWI2IS0",
        "rating": "4.4",
        "totalReviews": "17119",
        "subtitle": "Elizavecca",
        "isPrimeEligible": "1"
    },
    {
        "ASIN": "B0B58QXD1Z",
        "title": "POP MODERN.C Turmeric Vitamin C Clay Mask Deep Cleansing Face Mask Skin Care Improve Blackheads Acne Dark Spots and Even out skin tone Facial Mask Control Oil and Refining Pores",
        "price": "$9.99 ($2.36 / Ounce)",
        "listPrice": "",
        "imageUrl": "https://m.media-amazon.com/images/I/51KWzD3-yoL._SL160_.jpg",
        "detailPageURL": "https://www.amazon.com/dp/B0B58QXD1Z",
        "rating": "4.3",
        "totalReviews": "421",
        "subtitle": "POP MODERN.C",
        "isPrimeEligible": "1"
    },
    {
        "ASIN": "B076Z6PVVQ",
        "title": "Sand & Sky Australian Pink Clay Porefining Mask for Blackheads and Pigmentation",
        "price": "$39.00 ($18.57 / Ounce)",
        "listPrice": "",
        "imageUrl": "https://m.media-amazon.com/images/I/416ewgnVxwL._SL160_.jpg",
        "detailPageURL": "https://www.amazon.com/dp/B076Z6PVVQ",
        "rating": "4.5",
        "totalReviews": "7002",
        "subtitle": "Sand & Sky",
        "isPrimeEligible": "1"
    },
    {
        "ASIN": "B06XH1WJNR",
        "title": "La Roche-Posay Effaclar Clarifying Clay Face Mask for Oily Skin, Unclogs Pores and Controls Shine Without Over-Drying, Packaging May Vary",
        "price": "$21.99 ($6.47 / Fl Oz)",
        "listPrice": "",
        "imageUrl": "https://m.media-amazon.com/images/I/41jK112XlQL._SL160_.jpg",
        "detailPageURL": "https://www.amazon.com/dp/B06XH1WJNR",
        "rating": "4.6",
        "totalReviews": "1598",
        "subtitle": "",
        "isPrimeEligible": "1"
    },
    {
        "ASIN": "B07KQYWBP7",
        "title": "ISNTREE Mugwort Calming Clay Mask 100ml 3.38 fl.oz | Effective sebum control | Exfoliates rough skin",
        "price": "$18.89 ($5.56 / Fl Oz)",
        "listPrice": "$22.20 ($6.53 / Fl Oz)",
        "imageUrl": "https://m.media-amazon.com/images/I/21EfZ1BJKYL._SL160_.jpg",
        "detailPageURL": "https://www.amazon.com/dp/B07KQYWBP7",
        "rating": "4.6",
        "totalReviews": "274",
        "subtitle": "IsNtree",
        "isPrimeEligible": "1"
    },
    {
        "ASIN": "B007CY2C76",
        "title": "FREEMAN Dead Sea Minerals Anti-Stress Clay Facial Mask, Hydrating & Clarifying, Clears Pores, Face Mask With Lavender & Bergamot For Radiant Skin, Skin Types, 6 fl. oz./175 mL Tube",
        "price": "$3.81 ($0.64 / Ounce)",
        "listPrice": "$4.99 ($0.83 / Ounce)",
        "imageUrl": "https://m.media-amazon.com/images/I/31-131ZWvEL._SL160_.jpg",
        "detailPageURL": "https://www.amazon.com/dp/B007CY2C76",
        "rating": "4.5",
        "totalReviews": "4188",
        "subtitle": "FREEMAN",
        "isPrimeEligible": "1"
    },
    {
        "ASIN": "B01F7SUFH2",
        "title": "L'Oreal Paris Skincare Pure Clay Face Mask with Red Algae for Clogged Pores to Exfoliate And Refine Pores, Clay Mask, at home face mask, 1.7 oz.",
        "price": "$8.97 ($5.28 / Ounce)",
        "listPrice": "$9.99 ($5.88 / Ounce)",
        "imageUrl": "https://m.media-amazon.com/images/I/41H1izCMdaL._SL160_.jpg",
        "detailPageURL": "https://www.amazon.com/dp/B01F7SUFH2",
        "rating": "4.5",
        "totalReviews": "3947",
        "subtitle": "L\u2019Or\u00e9al Paris",
        "isPrimeEligible": "1"
    },
    {
        "ASIN": "B01F7SUFW2",
        "title": "L'Oreal Paris Skincare Pure Clay Face Mask with Charcoal for Dull Skin to Detox & Brighten Skin, Clay Mask, at home face mask, 1.7 oz.",
        "price": "$12.99 ($7.64 / Ounce)",
        "listPrice": "",
        "imageUrl": "https://m.media-amazon.com/images/I/4164Fx-3XJL._SL160_.jpg",
        "detailPageURL": "https://www.amazon.com/dp/B01F7SUFW2",
        "rating": "4.6",
        "totalReviews": "4827",
        "subtitle": "L\u2019Or\u00e9al Paris",
        "isPrimeEligible": "1"
    },
    {
        "ASIN": "B00SSMEA4O",
        "title": "Pure Body Naturals Pure Bentonite Powder for DIY Detox Bath & Facial Mask, Pure Indian Healing Clay for Burns, Mastitis, Inflamed or Chapped Skin (8.0 oz)",
        "price": "$7.49 ($0.94 / Ounce)",
        "listPrice": "",
        "imageUrl": "https://m.media-amazon.com/images/I/51RKC9GUpNL._SL160_.jpg",
        "detailPageURL": "https://www.amazon.com/dp/B00SSMEA4O",
        "rating": "4.5",
        "totalReviews": "6967",
        "subtitle": "Pure Body Naturals",
        "isPrimeEligible": "1"
    },
    {
        "ASIN": "B00MWI2IS0",
        "title": "Elizavecca Milky Piggy Carbonated Bubble Clay Mask 100g/3.53 oz. - Wash off Face Wash | Bubble Skin Care | Wash off Face Dead Skin | Blackhead Remover | Deep Cleansing Face | Minuteness Bubbles Mask Pack",
        "price": "$8.90 ($0.09 / Count)",
        "listPrice": "",
        "imageUrl": "https://m.media-amazon.com/images/I/51Kg0TD2T6L._SL160_.jpg",
        "detailPageURL": "https://www.amazon.com/dp/B00MWI2IS0",
        "rating": "4.4",
        "totalReviews": "17119",
        "subtitle": "Elizavecca",
        "isPrimeEligible": "1"
    },
    {
        "ASIN": "B0B58QXD1Z",
        "title": "POP MODERN.C Turmeric Vitamin C Clay Mask Deep Cleansing Face Mask Skin Care Improve Blackheads Acne Dark Spots and Even out skin tone Facial Mask Control Oil and Refining Pores",
        "price": "$9.99 ($2.36 / Ounce)",
        "listPrice": "",
        "imageUrl": "https://m.media-amazon.com/images/I/51KWzD3-yoL._SL160_.jpg",
        "detailPageURL": "https://www.amazon.com/dp/B0B58QXD1Z",
        "rating": "4.3",
        "totalReviews": "421",
        "subtitle": "POP MODERN.C",
        "isPrimeEligible": "1"
    },
    {
        "ASIN": "B076Z6PVVQ",
        "title": "Sand & Sky Australian Pink Clay Porefining Mask for Blackheads and Pigmentation",
        "price": "$39.00 ($18.57 / Ounce)",
        "listPrice": "",
        "imageUrl": "https://m.media-amazon.com/images/I/416ewgnVxwL._SL160_.jpg",
        "detailPageURL": "https://www.amazon.com/dp/B076Z6PVVQ",
        "rating": "4.5",
        "totalReviews": "7002",
        "subtitle": "Sand & Sky",
        "isPrimeEligible": "1"
    },
    {
        "ASIN": "B08N3LPV8B",
        "title": "TONYMOLY I'm Rice Clarifying Blemish Clay Mask",
        "price": "$13.20 ($3.91 / Fl Oz)",
        "listPrice": "$15.00 ($4.44 / Fl Oz)",
        "imageUrl": "https://m.media-amazon.com/images/I/31SZo26h-pL._SL160_.jpg",
        "detailPageURL": "https://www.amazon.com/dp/B08N3LPV8B",
        "rating": "4.6",
        "totalReviews": "312",
        "subtitle": "",
        "isPrimeEligible": "1"
    },
    {
        "ASIN": "B07KQYWBP7",
        "title": "ISNTREE Mugwort Calming Clay Mask 100ml 3.38 fl.oz | Effective sebum control | Exfoliates rough skin",
        "price": "$18.89 ($5.56 / Fl Oz)",
        "listPrice": "$22.20 ($6.53 / Fl Oz)",
        "imageUrl": "https://m.media-amazon.com/images/I/21EfZ1BJKYL._SL160_.jpg",
        "detailPageURL": "https://www.amazon.com/dp/B07KQYWBP7",
        "rating": "4.6",
        "totalReviews": "274",
        "subtitle": "IsNtree",
        "isPrimeEligible": "1"
    },
    {
        "ASIN": "B007CY2C76",
        "title": "FREEMAN Dead Sea Minerals Anti-Stress Clay Facial Mask, Hydrating & Clarifying, Clears Pores, Face Mask With Lavender & Bergamot For Radiant Skin, Skin Types, 6 fl. oz./175 mL Tube",
        "price": "$3.81 ($0.64 / Ounce)",
        "listPrice": "$4.99 ($0.83 / Ounce)",
        "imageUrl": "https://m.media-amazon.com/images/I/31-131ZWvEL._SL160_.jpg",
        "detailPageURL": "https://www.amazon.com/dp/B007CY2C76",
        "rating": "4.5",
        "totalReviews": "4188",
        "subtitle": "FREEMAN",
        "isPrimeEligible": "1"
    },
    {
        "ASIN": "B01F7SUFH2",
        "title": "L'Oreal Paris Skincare Pure Clay Face Mask with Red Algae for Clogged Pores to Exfoliate And Refine Pores, Clay Mask, at home face mask, 1.7 oz.",
        "price": "$8.97 ($5.28 / Ounce)",
        "listPrice": "$9.99 ($5.88 / Ounce)",
        "imageUrl": "https://m.media-amazon.com/images/I/41H1izCMdaL._SL160_.jpg",
        "detailPageURL": "https://www.amazon.com/dp/B01F7SUFH2",
        "rating": "4.5",
        "totalReviews": "3947",
        "subtitle": "L\u2019Or\u00e9al Paris",
        "isPrimeEligible": "1"
    },
    {
        "ASIN": "B01F7SUFW2",
        "title": "L'Oreal Paris Skincare Pure Clay Face Mask with Charcoal for Dull Skin to Detox & Brighten Skin, Clay Mask, at home face mask, 1.7 oz.",
        "price": "$12.99 ($7.64 / Ounce)",
        "listPrice": "",
        "imageUrl": "https://m.media-amazon.com/images/I/4164Fx-3XJL._SL160_.jpg",
        "detailPageURL": "https://www.amazon.com/dp/B01F7SUFW2",
        "rating": "4.6",
        "totalReviews": "4827",
        "subtitle": "L\u2019Or\u00e9al Paris",
        "isPrimeEligible": "1"
    },
    {
        "ASIN": "B00SSMEA4O",
        "title": "Pure Body Naturals Pure Bentonite Powder for DIY Detox Bath & Facial Mask, Pure Indian Healing Clay for Burns, Mastitis, Inflamed or Chapped Skin (8.0 oz)",
        "price": "$7.49 ($0.94 / Ounce)",
        "listPrice": "",
        "imageUrl": "https://m.media-amazon.com/images/I/51RKC9GUpNL._SL160_.jpg",
        "detailPageURL": "https://www.amazon.com/dp/B00SSMEA4O",
        "rating": "4.5",
        "totalReviews": "6967",
        "subtitle": "Pure Body Naturals",
        "isPrimeEligible": "1"
    },
    {
        "ASIN": "B00MWI2IS0",
        "title": "Elizavecca Milky Piggy Carbonated Bubble Clay Mask 100g/3.53 oz. - Wash off Face Wash | Bubble Skin Care | Wash off Face Dead Skin | Blackhead Remover | Deep Cleansing Face | Minuteness Bubbles Mask Pack",
        "price": "$8.90 ($0.09 / Count)",
        "listPrice": "",
        "imageUrl": "https://m.media-amazon.com/images/I/51Kg0TD2T6L._SL160_.jpg",
        "detailPageURL": "https://www.amazon.com/dp/B00MWI2IS0",
        "rating": "4.4",
        "totalReviews": "17119",
        "subtitle": "Elizavecca",
        "isPrimeEligible": "1"
    },
    {
        "ASIN": "B0B58QXD1Z",
        "title": "POP MODERN.C Turmeric Vitamin C Clay Mask Deep Cleansing Face Mask Skin Care Improve Blackheads Acne Dark Spots and Even out skin tone Facial Mask Control Oil and Refining Pores",
        "price": "$9.99 ($2.36 / Ounce)",
        "listPrice": "",
        "imageUrl": "https://m.media-amazon.com/images/I/51KWzD3-yoL._SL160_.jpg",
        "detailPageURL": "https://www.amazon.com/dp/B0B58QXD1Z",
        "rating": "4.3",
        "totalReviews": "421",
        "subtitle": "POP MODERN.C",
        "isPrimeEligible": "1"
    },
    {
        "ASIN": "B076Z6PVVQ",
        "title": "Sand & Sky Australian Pink Clay Porefining Mask for Blackheads and Pigmentation",
        "price": "$39.00 ($18.57 / Ounce)",
        "listPrice": "",
        "imageUrl": "https://m.media-amazon.com/images/I/416ewgnVxwL._SL160_.jpg",
        "detailPageURL": "https://www.amazon.com/dp/B076Z6PVVQ",
        "rating": "4.5",
        "totalReviews": "7002",
        "subtitle": "Sand & Sky",
        "isPrimeEligible": "1"
    },
    {
        "ASIN": "B08N3LPV8B",
        "title": "TONYMOLY I'm Rice Clarifying Blemish Clay Mask",
        "price": "$13.20 ($3.91 / Fl Oz)",
        "listPrice": "$15.00 ($4.44 / Fl Oz)",
        "imageUrl": "https://m.media-amazon.com/images/I/31SZo26h-pL._SL160_.jpg",
        "detailPageURL": "https://www.amazon.com/dp/B08N3LPV8B",
        "rating": "4.6",
        "totalReviews": "312",
        "subtitle": "",
        "isPrimeEligible": "1"
    },
    {
        "ASIN": "B0BW2XP5JW",
        "title": "KNOW Beauty Glacial Bay Clay Mask with Canadian Colloidal Clay - Remove Impurities, Tighten Pores, Improve Radiance, Gentle and Hydrating for Acne and Oily Skin - With Lactic Acid and Giant Sea Kelp",
        "price": "$45.00 ($26.47 / Ounce)",
        "listPrice": "",
        "imageUrl": "https://m.media-amazon.com/images/I/31njsJDyDbL._SL160_.jpg",
        "detailPageURL": "https://www.amazon.com/dp/B0BW2XP5JW",
        "rating": "4.5",
        "totalReviews": "198",
        "subtitle": "KNOWBEAUTY",
        "isPrimeEligible": "1"
    },
    {
        "ASIN": "B007CY2C76",
        "title": "FREEMAN Dead Sea Minerals Anti-Stress Clay Facial Mask, Hydrating & Clarifying, Clears Pores, Face Mask With Lavender & Bergamot For Radiant Skin, Skin Types, 6 fl. oz./175 mL Tube",
        "price": "$3.81 ($0.64 / Ounce)",
        "listPrice": "$4.99 ($0.83 / Ounce)",
        "imageUrl": "https://m.media-amazon.com/images/I/31-131ZWvEL._SL160_.jpg",
        "detailPageURL": "https://www.amazon.com/dp/B007CY2C76",
        "rating": "4.5",
        "totalReviews": "4188",
        "subtitle": "FREEMAN",
        "isPrimeEligible": "1"
    },
    {
        "ASIN": "B01F7SUFH2",
        "title": "L'Oreal Paris Skincare Pure Clay Face Mask with Red Algae for Clogged Pores to Exfoliate And Refine Pores, Clay Mask, at home face mask, 1.7 oz.",
        "price": "$8.97 ($5.28 / Ounce)",
        "listPrice": "$9.99 ($5.88 / Ounce)",
        "imageUrl": "https://m.media-amazon.com/images/I/41H1izCMdaL._SL160_.jpg",
        "detailPageURL": "https://www.amazon.com/dp/B01F7SUFH2",
        "rating": "4.5",
        "totalReviews": "3947",
        "subtitle": "L\u2019Or\u00e9al Paris",
        "isPrimeEligible": "1"
    },
    {
        "ASIN": "B01F7SUFW2",
        "title": "L'Oreal Paris Skincare Pure Clay Face Mask with Charcoal for Dull Skin to Detox & Brighten Skin, Clay Mask, at home face mask, 1.7 oz.",
        "price": "$12.99 ($7.64 / Ounce)",
        "listPrice": "",
        "imageUrl": "https://m.media-amazon.com/images/I/4164Fx-3XJL._SL160_.jpg",
        "detailPageURL": "https://www.amazon.com/dp/B01F7SUFW2",
        "rating": "4.6",
        "totalReviews": "4827",
        "subtitle": "L\u2019Or\u00e9al Paris",
        "isPrimeEligible": "1"
    },
    {
        "ASIN": "B00SSMEA4O",
        "title": "Pure Body Naturals Pure Bentonite Powder for DIY Detox Bath & Facial Mask, Pure Indian Healing Clay for Burns, Mastitis, Inflamed or Chapped Skin (8.0 oz)",
        "price": "$7.49 ($0.94 / Ounce)",
        "listPrice": "",
        "imageUrl": "https://m.media-amazon.com/images/I/51RKC9GUpNL._SL160_.jpg",
        "detailPageURL": "https://www.amazon.com/dp/B00SSMEA4O",
        "rating": "4.5",
        "totalReviews": "6967",
        "subtitle": "Pure Body Naturals",
        "isPrimeEligible": "1"
    },
    {
        "ASIN": "B00MWI2IS0",
        "title": "Elizavecca Milky Piggy Carbonated Bubble Clay Mask 100g/3.53 oz. - Wash off Face Wash | Bubble Skin Care | Wash off Face Dead Skin | Blackhead Remover | Deep Cleansing Face | Minuteness Bubbles Mask Pack",
        "price": "$8.90 ($0.09 / Count)",
        "listPrice": "",
        "imageUrl": "https://m.media-amazon.com/images/I/51Kg0TD2T6L._SL160_.jpg",
        "detailPageURL": "https://www.amazon.com/dp/B00MWI2IS0",
        "rating": "4.4",
        "totalReviews": "17119",
        "subtitle": "Elizavecca",
        "isPrimeEligible": "1"
    },
    {
        "ASIN": "B0B58QXD1Z",
        "title": "POP MODERN.C Turmeric Vitamin C Clay Mask Deep Cleansing Face Mask Skin Care Improve Blackheads Acne Dark Spots and Even out skin tone Facial Mask Control Oil and Refining Pores",
        "price": "$9.99 ($2.36 / Ounce)",
        "listPrice": "",
        "imageUrl": "https://m.media-amazon.com/images/I/51KWzD3-yoL._SL160_.jpg",
        "detailPageURL": "https://www.amazon.com/dp/B0B58QXD1Z",
        "rating": "4.3",
        "totalReviews": "421",
        "subtitle": "POP MODERN.C",
        "isPrimeEligible": "1"
    },
    {
        "ASIN": "B076Z6PVVQ",
        "title": "Sand & Sky Australian Pink Clay Porefining Mask for Blackheads and Pigmentation",
        "price": "$39.00 ($18.57 / Ounce)",
        "listPrice": "",
        "imageUrl": "https://m.media-amazon.com/images/I/416ewgnVxwL._SL160_.jpg",
        "detailPageURL": "https://www.amazon.com/dp/B076Z6PVVQ",
        "rating": "4.5",
        "totalReviews": "7002",
        "subtitle": "Sand & Sky",
        "isPrimeEligible": "1"
    },
    {
        "ASIN": "B08N3LPV8B",
        "title": "TONYMOLY I'm Rice Clarifying Blemish Clay Mask",
        "price": "$13.20 ($3.91 / Fl Oz)",
        "listPrice": "$15.00 ($4.44 / Fl Oz)",
        "imageUrl": "https://m.media-amazon.com/images/I/31SZo26h-pL._SL160_.jpg",
        "detailPageURL": "https://www.amazon.com/dp/B08N3LPV8B",
        "rating": "4.6",
        "totalReviews": "312",
        "subtitle": "",
        "isPrimeEligible": "1"
    },
    {
        "ASIN": "B0BW2XP5JW",
        "title": "KNOW Beauty Glacial Bay Clay Mask with Canadian Colloidal Clay - Remove Impurities, Tighten Pores, Improve Radiance, Gentle and Hydrating for Acne and Oily Skin - With Lactic Acid and Giant Sea Kelp",
        "price": "$45.00 ($26.47 / Ounce)",
        "listPrice": "",
        "imageUrl": "https://m.media-amazon.com/images/I/31njsJDyDbL._SL160_.jpg",
        "detailPageURL": "https://www.amazon.com/dp/B0BW2XP5JW",
        "rating": "4.5",
        "totalReviews": "198",
        "subtitle": "KNOWBEAUTY",
        "isPrimeEligible": "1"
    },
    {
        "ASIN": "B01FR410BG",
        "title": "FREEMAN Facial Mask Variety Pack: Oil-Absorbing Clay, Renewing Peel-Off, Hydrating Gel, Polishing Charcoal Multiuse Face Masks, Variety Mask Set, Vegan & Cruelty-Free Skincare, 6 fl oz Tubes, 4 Pack",
        "price": "$13.99 ($0.58 / Fl Oz)",
        "listPrice": "",
        "imageUrl": "https://m.media-amazon.com/images/I/51ghnbJLxdL._SL160_.jpg",
        "detailPageURL": "https://www.amazon.com/dp/B01FR410BG",
        "rating": "4.6",
        "totalReviews": "8812",
        "subtitle": "FREEMAN",
        "isPrimeEligible": "1"
    },
    {
        "ASIN": "B01F7SUFH2",
        "title": "L'Oreal Paris Skincare Pure Clay Face Mask with Red Algae for Clogged Pores to Exfoliate And Refine Pores, Clay Mask, at home face mask, 1.7 oz.",
        "price": "$8.97 ($5.28 / Ounce)",
        "listPrice": "$9.99 ($5.88 / Ounce)",
        "imageUrl": "https://m.media-amazon.com/images/I/41H1izCMdaL._SL160_.jpg",
        "detailPageURL": "https://www.amazon.com/dp/B01F7SUFH2",
        "rating": "4.5",
        "totalReviews": "3947",
        "subtitle": "L\u2019Or\u00e9al Paris",
        "isPrimeEligible": "1"
    },
    {
        "ASIN": "B01F7SUFW2",
        "title": "L'Oreal Paris Skincare Pure Clay Face Mask with Charcoal for Dull Skin to Detox & Brighten Skin, Clay Mask, at home face mask, 1.7 oz.",
        "price": "$12.99 ($7.64 / Ounce)",
        "listPrice": "",
        "imageUrl": "https://m.media-amazon.com/images/I/4164Fx-3XJL._SL160_.jpg",
        "detailPageURL": "https://www.amazon.com/dp/B01F7SUFW2",
        "rating": "4.6",
        "totalReviews": "4827",
        "subtitle": "L\u2019Or\u00e9al Paris",
        "isPrimeEligible": "1"
    },
    {
        "ASIN": "B00SSMEA4O",
        "title": "Pure Body Naturals Pure Bentonite Powder for DIY Detox Bath & Facial Mask, Pure Indian Healing Clay for Burns, Mastitis, Inflamed or Chapped Skin (8.0 oz)",
        "price": "$7.49 ($0.94 / Ounce)",
        "listPrice": "",
        "imageUrl": "https://m.media-amazon.com/images/I/51RKC9GUpNL._SL160_.jpg",
        "detailPageURL": "https://www.amazon.com/dp/B00SSMEA4O",
        "rating": "4.5",
        "totalReviews": "6967",
        "subtitle": "Pure Body Naturals",
        "isPrimeEligible": "1"
    },
    {
        "ASIN": "B00MWI2IS0",
        "title": "Elizavecca Milky Piggy Carbonated Bubble Clay Mask 100g/3.53 oz. - Wash off Face Wash | Bubble Skin Care | Wash off Face Dead Skin | Blackhead Remover | Deep Cleansing Face | Minuteness Bubbles Mask Pack",
        "price": "$8.90 ($0.09 / Count)",
        "listPrice": "",
        "imageUrl": "https://m.media-amazon.com/images/I/51Kg0TD2T6L._SL160_.jpg",
        "detailPageURL": "https://www.amazon.com/dp/B00MWI2IS0",
        "rating": "4.4",
        "totalReviews": "17119",
        "subtitle": "Elizavecca",
        "isPrimeEligible": "1"
    },
    {
        "ASIN": "B0B58QXD1Z",
        "title": "POP MODERN.C Turmeric Vitamin C Clay Mask Deep Cleansing Face Mask Skin Care Improve Blackheads Acne Dark Spots and Even out skin tone Facial Mask Control Oil and Refining Pores",
        "price": "$9.99 ($2.36 / Ounce)",
        "listPrice": "",
        "imageUrl": "https://m.media-amazon.com/images/I/51KWzD3-yoL._SL160_.jpg",
        "detailPageURL": "https://www.amazon.com/dp/B0B58QXD1Z",
        "rating": "4.3",
        "totalReviews": "421",
        "subtitle": "POP MODERN.C",
        "isPrimeEligible": "1"
    },
    {
        "ASIN": "B076Z6PVVQ",
        "title": "Sand & Sky Australian Pink Clay Porefining Mask for Blackheads and Pigmentation",
        "price": "$39.00 ($18.57 / Ounce)",
        "listPrice": "",
        "imageUrl": "https://m.media-amazon.com/images/I/416ewgnVxwL._SL160_.jpg",
        "detailPageURL": "https://www.amazon.com/dp/B076Z6PVVQ",
        "rating": "4.5",
        "totalReviews": "7002",
        "subtitle": "Sand & Sky",
        "isPrimeEligible": "1"
    },
    {
        "ASIN": "B08N3LPV8B",
        "title": "TONYMOLY I'm Rice Clarifying Blemish Clay Mask",
        "price": "$13.20 ($3.91 / Fl Oz)",
        "listPrice": "$15.00 ($4.44 / Fl Oz)",
        "imageUrl": "https://m.media-amazon.com/images/I/31SZo26h-pL._SL160_.jpg",
        "detailPageURL": "https://www.amazon.com/dp/B08N3LPV8B",
        "rating": "4.6",
        "totalReviews": "312",
        "subtitle": "",
        "isPrimeEligible": "1"
    },
    {
        "ASIN": "B0BW2XP5JW",
        "title": "KNOW Beauty Glacial Bay Clay Mask with Canadian Colloidal Clay - Remove Impurities, Tighten Pores, Improve Radiance, Gentle and Hydrating for Acne and Oily Skin - With Lactic Acid and Giant Sea Kelp",
        "price": "$45.00 ($26.47 / Ounce)",
        "listPrice": "",
        "imageUrl": "https://m.media-amazon.com/images/I/31njsJDyDbL._SL160_.jpg",
        "detailPageURL": "https://www.amazon.com/dp/B0BW2XP5JW",
        "rating": "4.5",
        "totalReviews": "198",
        "subtitle": "KNOWBEAUTY",
        "isPrimeEligible": "1"
    },
    {
        "ASIN": "B01FR410BG",
        "title": "FREEMAN Facial Mask Variety Pack: Oil-Absorbing Clay, Renewing Peel-Off, Hydrating Gel, Polishing Charcoal Multiuse Face Masks, Variety Mask Set, Vegan & Cruelty-Free Skincare, 6 fl oz Tubes, 4 Pack",
        "price": "$13.99 ($0.58 / Fl Oz)",
        "listPrice": "",
        "imageUrl": "https://m.media-amazon.com/images/I/51ghnbJLxdL._SL160_.jpg",
        "detailPageURL": "https://www.amazon.com/dp/B01FR410BG",
        "rating": "4.6",
        "totalReviews": "8812",
        "subtitle": "FREEMAN",
        "isPrimeEligible": "1"
    },
    {
        "ASIN": "B0B538QDNY",
        "title": "4 Pcs Clay Mask Set, Turmeric Vitamin C Clay Mask, Green Tea Mask, Dead Sea Mud Mask, Rose Clay Mask, Skin Care Face Mask Clay Facial Mask for Deep Cleansing, Moisturizing and Refining Pores 240g",
        "price": "$20.99 ($1.86 / Ounce)",
        "listPrice": "",
        "imageUrl": "https://m.media-amazon.com/images/I/51MTBYPFdwL._SL160_.jpg",
        "detailPageURL": "https://www.amazon.com/dp/B0B538QDNY",
        "rating": "4.5",
        "totalReviews": "934",
        "subtitle": "SHVYOG",
        "isPrimeEligible": "1"
    },
    {
        "ASIN": "B01F7SUFW2",
        "title": "L'Oreal Paris Skincare Pure Clay Face Mask with Charcoal for Dull Skin to Detox & Brighten Skin, Clay Mask, at home face mask, 1.7 oz.",
        "price": "$12.99 ($7.64 / Ounce)",
        "listPrice": "",
        "imageUrl": "https://m.media-amazon.com/images/I/4164Fx-3XJL._SL160_.jpg",
        "detailPageURL": "https://www.amazon.com/dp/B01F7SUFW2",
        "rating": "4.6",
        "totalReviews": "4827",
        "subtitle": "L\u2019Or\u00e9al Paris",
        "isPrimeEligible": "1"
    },
    {
        "ASIN": "B00SSMEA4O",
        "title": "Pure Body Naturals Pure Bentonite Powder for DIY Detox Bath & Facial Mask, Pure Indian Healing Clay for Burns, Mastitis, Inflamed or Chapped Skin (8.0 oz)",
        "price": "$7.49 ($0.94 / Ounce)",
        "listPrice": "",
        "imageUrl": "https://m.media-amazon.com/images/I/51RKC9GUpNL._SL160_.jpg",
        "detailPageURL": "https://www.amazon.com/dp/B00SSMEA4O",
        "rating": "4.5",
        "totalReviews": "6967",
        "subtitle": "Pure Body Naturals",
        "isPrimeEligible": "1"
    },
    {
        "ASIN": "B00MWI2IS0",
        "title": "Elizavecca Milky Piggy Carbonated Bubble Clay Mask 100g/3.53 oz. - Wash off Face Wash | Bubble Skin Care | Wash off Face Dead Skin | Blackhead Remover | Deep Cleansing Face | Minuteness Bubbles Mask Pack",
        "price": "$8.90 ($0.09 / Count)",
        "listPrice": "",
        "imageUrl": "https://m.media-amazon.com/images/I/51Kg0TD2T6L._SL160_.jpg",
        "detailPageURL": "https://www.amazon.com/dp/B00MWI2IS0",
        "rating": "4.4",
        "totalReviews": "17119",
        "subtitle": "Elizavecca",
        "isPrimeEligible": "1"
    },
    {
        "ASIN": "B0B58QXD1Z",
        "title": "POP MODERN.C Turmeric Vitamin C Clay Mask Deep Cleansing Face Mask Skin Care Improve Blackheads Acne Dark Spots and Even out skin tone Facial Mask Control Oil and Refining Pores",
        "price": "$9.99 ($2.36 / Ounce)",
        "listPrice": "",
        "imageUrl": "https://m.media-amazon.com/images/I/51KWzD3-yoL._SL160_.jpg",
        "detailPageURL": "https://www.amazon.com/dp/B0B58QXD1Z",
        "rating": "4.3",
        "totalReviews": "421",
        "subtitle": "POP MODERN.C",
        "isPrimeEligible": "1"
    },
    {
        "ASIN": "B076Z6PVVQ",
        "title": "Sand & Sky Australian Pink Clay Porefining Mask for Blackheads and Pigmentation",
        "price": "$39.00 ($18.57 / Ounce)",
        "listPrice": "",
        "imageUrl": "https://m.media-amazon.com/images/I/416ewgnVxwL._SL160_.jpg",
        "detailPageURL": "https://www.amazon.com/dp/B076Z6PVVQ",
        "rating": "4.5",
        "totalReviews": "7002",
        "subtitle": "Sand & Sky",
        "isPrimeEligible": "1"
    },
    {
        "ASIN": "B08N3LPV8B",
        "title": "TONYMOLY I'm Rice Clarifying Blemish Clay Mask",
        "price": "$13.20 ($3.91 / Fl Oz)",
        "listPrice": "$15.00 ($4.44 / Fl Oz)",
        "imageUrl": "https://m.media-amazon.com/images/I/31SZo26h-pL._SL160_.jpg",
        "detailPageURL": "https://www.amazon.com/dp/B08N3LPV8B",
        "rating": "4.6",
        "totalReviews": "312",
        "subtitle": "",
        "isPrimeEligible": "1"
    },
    {
        "ASIN": "B0BW2XP5JW",
        "title": "KNOW Beauty Glacial Bay Clay Mask with Canadian Colloidal Clay - Remove Impurities, Tighten Pores, Improve Radiance, Gentle and Hydrating for Acne and Oily Skin - With Lactic Acid and Giant Sea Kelp",
        "price": "$45.00 ($26.47 / Ounce)",
        "listPrice": "",
        "imageUrl": "https://m.media-amazon.com/images/I/31njsJDyDbL._SL160_.jpg",
        "detailPageURL": "https://www.amazon.com/dp/B0BW2XP5JW",
        "rating": "4.5",
        "totalReviews": "198",
        "subtitle": "KNOWBEAUTY",
        "isPrimeEligible": "1"
    },
    {
        "ASIN": "B01FR410BG",
        "title": "FREEMAN Facial Mask Variety Pack: Oil-Absorbing Clay, Renewing Peel-Off, Hydrating Gel, Polishing Charcoal Multiuse Face Masks, Variety Mask Set, Vegan & Cruelty-Free Skincare, 6 fl oz Tubes, 4 Pack",
        "price": "$13.99 ($0.58 / Fl Oz)",
        "listPrice": "",
        "imageUrl": "https://m.media-amazon.com/images/I/51ghnbJLxdL._SL160_.jpg",
        "detailPageURL": "https://www.amazon.com/dp/B01FR410BG",
        "rating": "4.6",
        "totalReviews": "8812",
        "subtitle": "FREEMAN",
        "isPrimeEligible": "1"
    },
    {
        "ASIN": "B0B538QDNY",
        "title": "4 Pcs Clay Mask Set, Turmeric Vitamin C Clay Mask, Green Tea Mask, Dead Sea Mud Mask, Rose Clay Mask, Skin Care Face Mask Clay Facial Mask for Deep Cleansing, Moisturizing and Refining Pores 240g",
        "price": "$20.99 ($1.86 / Ounce)",
        "listPrice": "",
        "imageUrl": "https://m.media-amazon.com/images/I/51MTBYPFdwL._SL160_.jpg",
        "detailPageURL": "https://www.amazon.com/dp/B0B538QDNY",
        "rating": "4.5",
        "totalReviews": "934",
        "subtitle": "SHVYOG",
        "isPrimeEligible": "1"
    },
    {
        "ASIN": "B08HCVWG7B",
        "title": "Gleamin Vitamin C Clay Mask - Turmeric Face Mask - Clay Face Mask Skin Care, Deep Cleansing Face Mask - Facial Mask Improves Skin, Scarring and Refining Pores 2.1 Oz",
        "price": "$41.99 ($20.00 / Ounce)",
        "listPrice": "",
        "imageUrl": "https://m.media-amazon.com/images/I/41cmRrT6VnL._SL160_.jpg",
        "detailPageURL": "https://www.amazon.com/dp/B08HCVWG7B",
        "rating": "4.3",
        "totalReviews": "7010",
        "subtitle": "Gleamin",
        "isPrimeEligible": "1"
    },
    {
        "ASIN": "B00SSMEA4O",
        "title": "Pure Body Naturals Pure Bentonite Powder for DIY Detox Bath & Facial Mask, Pure Indian Healing Clay for Burns, Mastitis, Inflamed or Chapped Skin (8.0 oz)",
        "price": "$7.49 ($0.94 / Ounce)",
        "listPrice": "",
        "imageUrl": "https://m.media-amazon.com/images/I/51RKC9GUpNL._SL160_.jpg",
        "detailPageURL": "https://www.amazon.com/dp/B00SSMEA4O",
        "rating": "4.5",
        "totalReviews": "6967",
        "subtitle": "Pure Body Naturals",
        "isPrimeEligible": "1"
    },
    {
        "ASIN": "B00MWI2IS0",
        "title": "Elizavecca Milky Piggy Carbonated Bubble Clay Mask 100g/3.53 oz. - Wash off Face Wash | Bubble Skin Care | Wash off Face Dead Skin | Blackhead Remover | Deep Cleansing Face | Minuteness Bubbles Mask Pack",
        "price": "$8.90 ($0.09 / Count)",
        "listPrice": "",
        "imageUrl": "https://m.media-amazon.com/images/I/51Kg0TD2T6L._SL160_.jpg",
        "detailPageURL": "https://www.amazon.com/dp/B00MWI2IS0",
        "rating": "4.4",
        "totalReviews": "17119",
        "subtitle": "Elizavecca",
        "isPrimeEligible": "1"
    },
    {
        "ASIN": "B0B58QXD1Z",
        "title": "POP MODERN.C Turmeric Vitamin C Clay Mask Deep Cleansing Face Mask Skin Care Improve Blackheads Acne Dark Spots and Even out skin tone Facial Mask Control Oil and Refining Pores",
        "price": "$9.99 ($2.36 / Ounce)",
        "listPrice": "",
        "imageUrl": "https://m.media-amazon.com/images/I/51KWzD3-yoL._SL160_.jpg",
        "detailPageURL": "https://www.amazon.com/dp/B0B58QXD1Z",
        "rating": "4.3",
        "totalReviews": "421",
        "subtitle": "POP MODERN.C",
        "isPrimeEligible": "1"
    },
    {
        "ASIN": "B076Z6PVVQ",
        "title": "Sand & Sky Australian Pink Clay Porefining Mask for Blackheads and Pigmentation",
        "price": "$39.00 ($18.57 / Ounce)",
        "listPrice": "",
        "imageUrl": "https://m.media-amazon.com/images/I/416ewgnVxwL._SL160_.jpg",
        "detailPageURL": "https://www.amazon.com/dp/B076Z6PVVQ",
        "rating": "4.5",
        "totalReviews": "7002",
        "subtitle": "Sand & Sky",
        "isPrimeEligible": "1"
    },
    {
        "ASIN": "B08N3LPV8B",
        "title": "TONYMOLY I'm Rice Clarifying Blemish Clay Mask",
        "price": "$13.20 ($3.91 / Fl Oz)",
        "listPrice": "$15.00 ($4.44 / Fl Oz)",
        "imageUrl": "https://m.media-amazon.com/images/I/31SZo26h-pL._SL160_.jpg",
        "detailPageURL": "https://www.amazon.com/dp/B08N3LPV8B",
        "rating": "4.6",
        "totalReviews": "312",
        "subtitle": "",
        "isPrimeEligible": "1"
    },
    {
        "ASIN": "B0BW2XP5JW",
        "title": "KNOW Beauty Glacial Bay Clay Mask with Canadian Colloidal Clay - Remove Impurities, Tighten Pores, Improve Radiance, Gentle and Hydrating for Acne and Oily Skin - With Lactic Acid and Giant Sea Kelp",
        "price": "$45.00 ($26.47 / Ounce)",
        "listPrice": "",
        "imageUrl": "https://m.media-amazon.com/images/I/31njsJDyDbL._SL160_.jpg",
        "detailPageURL": "https://www.amazon.com/dp/B0BW2XP5JW",
        "rating": "4.5",
        "totalReviews": "198",
        "subtitle": "KNOWBEAUTY",
        "isPrimeEligible": "1"
    },
    {
        "ASIN": "B01FR410BG",
        "title": "FREEMAN Facial Mask Variety Pack: Oil-Absorbing Clay, Renewing Peel-Off, Hydrating Gel, Polishing Charcoal Multiuse Face Masks, Variety Mask Set, Vegan & Cruelty-Free Skincare, 6 fl oz Tubes, 4 Pack",
        "price": "$13.99 ($0.58 / Fl Oz)",
        "listPrice": "",
        "imageUrl": "https://m.media-amazon.com/images/I/51ghnbJLxdL._SL160_.jpg",
        "detailPageURL": "https://www.amazon.com/dp/B01FR410BG",
        "rating": "4.6",
        "totalReviews": "8812",
        "subtitle": "FREEMAN",
        "isPrimeEligible": "1"
    },
    {
        "ASIN": "B0B538QDNY",
        "title": "4 Pcs Clay Mask Set, Turmeric Vitamin C Clay Mask, Green Tea Mask, Dead Sea Mud Mask, Rose Clay Mask, Skin Care Face Mask Clay Facial Mask for Deep Cleansing, Moisturizing and Refining Pores 240g",
        "price": "$20.99 ($1.86 / Ounce)",
        "listPrice": "",
        "imageUrl": "https://m.media-amazon.com/images/I/51MTBYPFdwL._SL160_.jpg",
        "detailPageURL": "https://www.amazon.com/dp/B0B538QDNY",
        "rating": "4.5",
        "totalReviews": "934",
        "subtitle": "SHVYOG",
        "isPrimeEligible": "1"
    },
    {
        "ASIN": "B08HCVWG7B",
        "title": "Gleamin Vitamin C Clay Mask - Turmeric Face Mask - Clay Face Mask Skin Care, Deep Cleansing Face Mask - Facial Mask Improves Skin, Scarring and Refining Pores 2.1 Oz",
        "price": "$41.99 ($20.00 / Ounce)",
        "listPrice": "",
        "imageUrl": "https://m.media-amazon.com/images/I/41cmRrT6VnL._SL160_.jpg",
        "detailPageURL": "https://www.amazon.com/dp/B08HCVWG7B",
        "rating": "4.3",
        "totalReviews": "7010",
        "subtitle": "Gleamin",
        "isPrimeEligible": "1"
    },
    {
        "ASIN": "B0CCZCSX7L",
        "title": "HERO COSMETICS Pore Purity Clay Mask, 2.35 Fluid Ounces",
        "price": "$19.99 ($8.51 / Fl Oz)",
        "listPrice": "",
        "imageUrl": "https://m.media-amazon.com/images/I/31htrAr-gBL._SL160_.jpg",
        "detailPageURL": "https://www.amazon.com/dp/B0CCZCSX7L",
        "rating": "4.4",
        "totalReviews": "18",
        "subtitle": "HERO COSMETICS",
        "isPrimeEligible": "1"
    },
    {
        "ASIN": "B00MWI2IS0",
        "title": "Elizavecca Milky Piggy Carbonated Bubble Clay Mask 100g/3.53 oz. - Wash off Face Wash | Bubble Skin Care | Wash off Face Dead Skin | Blackhead Remover | Deep Cleansing Face | Minuteness Bubbles Mask Pack",
        "price": "$8.90 ($0.09 / Count)",
        "listPrice": "",
        "imageUrl": "https://m.media-amazon.com/images/I/51Kg0TD2T6L._SL160_.jpg",
        "detailPageURL": "https://www.amazon.com/dp/B00MWI2IS0",
        "rating": "4.4",
        "totalReviews": "17119",
        "subtitle": "Elizavecca",
        "isPrimeEligible": "1"
    },
    {
        "ASIN": "B0B58QXD1Z",
        "title": "POP MODERN.C Turmeric Vitamin C Clay Mask Deep Cleansing Face Mask Skin Care Improve Blackheads Acne Dark Spots and Even out skin tone Facial Mask Control Oil and Refining Pores",
        "price": "$9.99 ($2.36 / Ounce)",
        "listPrice": "",
        "imageUrl": "https://m.media-amazon.com/images/I/51KWzD3-yoL._SL160_.jpg",
        "detailPageURL": "https://www.amazon.com/dp/B0B58QXD1Z",
        "rating": "4.3",
        "totalReviews": "421",
        "subtitle": "POP MODERN.C",
        "isPrimeEligible": "1"
    },
    {
        "ASIN": "B076Z6PVVQ",
        "title": "Sand & Sky Australian Pink Clay Porefining Mask for Blackheads and Pigmentation",
        "price": "$39.00 ($18.57 / Ounce)",
        "listPrice": "",
        "imageUrl": "https://m.media-amazon.com/images/I/416ewgnVxwL._SL160_.jpg",
        "detailPageURL": "https://www.amazon.com/dp/B076Z6PVVQ",
        "rating": "4.5",
        "totalReviews": "7002",
        "subtitle": "Sand & Sky",
        "isPrimeEligible": "1"
    },
    {
        "ASIN": "B08N3LPV8B",
        "title": "TONYMOLY I'm Rice Clarifying Blemish Clay Mask",
        "price": "$13.20 ($3.91 / Fl Oz)",
        "listPrice": "$15.00 ($4.44 / Fl Oz)",
        "imageUrl": "https://m.media-amazon.com/images/I/31SZo26h-pL._SL160_.jpg",
        "detailPageURL": "https://www.amazon.com/dp/B08N3LPV8B",
        "rating": "4.6",
        "totalReviews": "312",
        "subtitle": "",
        "isPrimeEligible": "1"
    },
    {
        "ASIN": "B0BW2XP5JW",
        "title": "KNOW Beauty Glacial Bay Clay Mask with Canadian Colloidal Clay - Remove Impurities, Tighten Pores, Improve Radiance, Gentle and Hydrating for Acne and Oily Skin - With Lactic Acid and Giant Sea Kelp",
        "price": "$45.00 ($26.47 / Ounce)",
        "listPrice": "",
        "imageUrl": "https://m.media-amazon.com/images/I/31njsJDyDbL._SL160_.jpg",
        "detailPageURL": "https://www.amazon.com/dp/B0BW2XP5JW",
        "rating": "4.5",
        "totalReviews": "198",
        "subtitle": "KNOWBEAUTY",
        "isPrimeEligible": "1"
    },
    {
        "ASIN": "B01FR410BG",
        "title": "FREEMAN Facial Mask Variety Pack: Oil-Absorbing Clay, Renewing Peel-Off, Hydrating Gel, Polishing Charcoal Multiuse Face Masks, Variety Mask Set, Vegan & Cruelty-Free Skincare, 6 fl oz Tubes, 4 Pack",
        "price": "$13.99 ($0.58 / Fl Oz)",
        "listPrice": "",
        "imageUrl": "https://m.media-amazon.com/images/I/51ghnbJLxdL._SL160_.jpg",
        "detailPageURL": "https://www.amazon.com/dp/B01FR410BG",
        "rating": "4.6",
        "totalReviews": "8812",
        "subtitle": "FREEMAN",
        "isPrimeEligible": "1"
    },
    {
        "ASIN": "B0B538QDNY",
        "title": "4 Pcs Clay Mask Set, Turmeric Vitamin C Clay Mask, Green Tea Mask, Dead Sea Mud Mask, Rose Clay Mask, Skin Care Face Mask Clay Facial Mask for Deep Cleansing, Moisturizing and Refining Pores 240g",
        "price": "$20.99 ($1.86 / Ounce)",
        "listPrice": "",
        "imageUrl": "https://m.media-amazon.com/images/I/51MTBYPFdwL._SL160_.jpg",
        "detailPageURL": "https://www.amazon.com/dp/B0B538QDNY",
        "rating": "4.5",
        "totalReviews": "934",
        "subtitle": "SHVYOG",
        "isPrimeEligible": "1"
    },
    {
        "ASIN": "B08HCVWG7B",
        "title": "Gleamin Vitamin C Clay Mask - Turmeric Face Mask - Clay Face Mask Skin Care, Deep Cleansing Face Mask - Facial Mask Improves Skin, Scarring and Refining Pores 2.1 Oz",
        "price": "$41.99 ($20.00 / Ounce)",
        "listPrice": "",
        "imageUrl": "https://m.media-amazon.com/images/I/41cmRrT6VnL._SL160_.jpg",
        "detailPageURL": "https://www.amazon.com/dp/B08HCVWG7B",
        "rating": "4.3",
        "totalReviews": "7010",
        "subtitle": "Gleamin",
        "isPrimeEligible": "1"
    },
    {
        "ASIN": "B0CCZCSX7L",
        "title": "HERO COSMETICS Pore Purity Clay Mask, 2.35 Fluid Ounces",
        "price": "$19.99 ($8.51 / Fl Oz)",
        "listPrice": "",
        "imageUrl": "https://m.media-amazon.com/images/I/31htrAr-gBL._SL160_.jpg",
        "detailPageURL": "https://www.amazon.com/dp/B0CCZCSX7L",
        "rating": "4.4",
        "totalReviews": "18",
        "subtitle": "HERO COSMETICS",
        "isPrimeEligible": "1"
    },
    {
        "ASIN": "B08YRD11VS",
        "title": "SHVYOG Turmeric Vitamin C Clay Mask, Facial Mask with Kaolin Clay and Turmeric for Dark Spots, Skin Care for Controlling Oil and Refining Pores 5.29 Oz",
        "price": "$15.25 ($2.88 / Ounce)",
        "listPrice": "$15.99 ($3.02 / Ounce)",
        "imageUrl": "https://m.media-amazon.com/images/I/41QL8zBoz0S._SL160_.jpg",
        "detailPageURL": "https://www.amazon.com/dp/B08YRD11VS",
        "rating": "4.4",
        "totalReviews": "6701",
        "subtitle": "SHVYOG",
        "isPrimeEligible": "1"
    },
    {
        "ASIN": "B0B58QXD1Z",
        "title": "POP MODERN.C Turmeric Vitamin C Clay Mask Deep Cleansing Face Mask Skin Care Improve Blackheads Acne Dark Spots and Even out skin tone Facial Mask Control Oil and Refining Pores",
        "price": "$9.99 ($2.36 / Ounce)",
        "listPrice": "",
        "imageUrl": "https://m.media-amazon.com/images/I/51KWzD3-yoL._SL160_.jpg",
        "detailPageURL": "https://www.amazon.com/dp/B0B58QXD1Z",
        "rating": "4.3",
        "totalReviews": "421",
        "subtitle": "POP MODERN.C",
        "isPrimeEligible": "1"
    },
    {
        "ASIN": "B076Z6PVVQ",
        "title": "Sand & Sky Australian Pink Clay Porefining Mask for Blackheads and Pigmentation",
        "price": "$39.00 ($18.57 / Ounce)",
        "listPrice": "",
        "imageUrl": "https://m.media-amazon.com/images/I/416ewgnVxwL._SL160_.jpg",
        "detailPageURL": "https://www.amazon.com/dp/B076Z6PVVQ",
        "rating": "4.5",
        "totalReviews": "7002",
        "subtitle": "Sand & Sky",
        "isPrimeEligible": "1"
    },
    {
        "ASIN": "B08N3LPV8B",
        "title": "TONYMOLY I'm Rice Clarifying Blemish Clay Mask",
        "price": "$13.20 ($3.91 / Fl Oz)",
        "listPrice": "$15.00 ($4.44 / Fl Oz)",
        "imageUrl": "https://m.media-amazon.com/images/I/31SZo26h-pL._SL160_.jpg",
        "detailPageURL": "https://www.amazon.com/dp/B08N3LPV8B",
        "rating": "4.6",
        "totalReviews": "312",
        "subtitle": "",
        "isPrimeEligible": "1"
    },
    {
        "ASIN": "B0BW2XP5JW",
        "title": "KNOW Beauty Glacial Bay Clay Mask with Canadian Colloidal Clay - Remove Impurities, Tighten Pores, Improve Radiance, Gentle and Hydrating for Acne and Oily Skin - With Lactic Acid and Giant Sea Kelp",
        "price": "$45.00 ($26.47 / Ounce)",
        "listPrice": "",
        "imageUrl": "https://m.media-amazon.com/images/I/31njsJDyDbL._SL160_.jpg",
        "detailPageURL": "https://www.amazon.com/dp/B0BW2XP5JW",
        "rating": "4.5",
        "totalReviews": "198",
        "subtitle": "KNOWBEAUTY",
        "isPrimeEligible": "1"
    },
    {
        "ASIN": "B01FR410BG",
        "title": "FREEMAN Facial Mask Variety Pack: Oil-Absorbing Clay, Renewing Peel-Off, Hydrating Gel, Polishing Charcoal Multiuse Face Masks, Variety Mask Set, Vegan & Cruelty-Free Skincare, 6 fl oz Tubes, 4 Pack",
        "price": "$13.99 ($0.58 / Fl Oz)",
        "listPrice": "",
        "imageUrl": "https://m.media-amazon.com/images/I/51ghnbJLxdL._SL160_.jpg",
        "detailPageURL": "https://www.amazon.com/dp/B01FR410BG",
        "rating": "4.6",
        "totalReviews": "8812",
        "subtitle": "FREEMAN",
        "isPrimeEligible": "1"
    },
    {
        "ASIN": "B0B538QDNY",
        "title": "4 Pcs Clay Mask Set, Turmeric Vitamin C Clay Mask, Green Tea Mask, Dead Sea Mud Mask, Rose Clay Mask, Skin Care Face Mask Clay Facial Mask for Deep Cleansing, Moisturizing and Refining Pores 240g",
        "price": "$20.99 ($1.86 / Ounce)",
        "listPrice": "",
        "imageUrl": "https://m.media-amazon.com/images/I/51MTBYPFdwL._SL160_.jpg",
        "detailPageURL": "https://www.amazon.com/dp/B0B538QDNY",
        "rating": "4.5",
        "totalReviews": "934",
        "subtitle": "SHVYOG",
        "isPrimeEligible": "1"
    },
    {
        "ASIN": "B08HCVWG7B",
        "title": "Gleamin Vitamin C Clay Mask - Turmeric Face Mask - Clay Face Mask Skin Care, Deep Cleansing Face Mask - Facial Mask Improves Skin, Scarring and Refining Pores 2.1 Oz",
        "price": "$41.99 ($20.00 / Ounce)",
        "listPrice": "",
        "imageUrl": "https://m.media-amazon.com/images/I/41cmRrT6VnL._SL160_.jpg",
        "detailPageURL": "https://www.amazon.com/dp/B08HCVWG7B",
        "rating": "4.3",
        "totalReviews": "7010",
        "subtitle": "Gleamin",
        "isPrimeEligible": "1"
    },
    {
        "ASIN": "B0CCZCSX7L",
        "title": "HERO COSMETICS Pore Purity Clay Mask, 2.35 Fluid Ounces",
        "price": "$19.99 ($8.51 / Fl Oz)",
        "listPrice": "",
        "imageUrl": "https://m.media-amazon.com/images/I/31htrAr-gBL._SL160_.jpg",
        "detailPageURL": "https://www.amazon.com/dp/B0CCZCSX7L",
        "rating": "4.4",
        "totalReviews": "18",
        "subtitle": "HERO COSMETICS",
        "isPrimeEligible": "1"
    },
    {
        "ASIN": "B08YRD11VS",
        "title": "SHVYOG Turmeric Vitamin C Clay Mask, Facial Mask with Kaolin Clay and Turmeric for Dark Spots, Skin Care for Controlling Oil and Refining Pores 5.29 Oz",
        "price": "$15.25 ($2.88 / Ounce)",
        "listPrice": "$15.99 ($3.02 / Ounce)",
        "imageUrl": "https://m.media-amazon.com/images/I/41QL8zBoz0S._SL160_.jpg",
        "detailPageURL": "https://www.amazon.com/dp/B08YRD11VS",
        "rating": "4.4",
        "totalReviews": "6701",
        "subtitle": "SHVYOG",
        "isPrimeEligible": "1"
    },
    {
        "ASIN": "B0BY1S1PXY",
        "title": "ClayCo! 10 Piece Clay Mask Variety Kit | Rose, Dead Sea, Green Tea, Aloe Vera, 24K Gold | for Men & Women Facial and Skin Care",
        "price": "$13.39 ($379.32 / Ounce)",
        "listPrice": "",
        "imageUrl": "https://m.media-amazon.com/images/I/41coewwG+rL._SL160_.jpg",
        "detailPageURL": "https://www.amazon.com/dp/B0BY1S1PXY",
        "rating": "4.9",
        "totalReviews": "20",
        "subtitle": "ClayCo!",
        "isPrimeEligible": "1"
    },
    {
        "ASIN": "B076Z6PVVQ",
        "title": "Sand & Sky Australian Pink Clay Porefining Mask for Blackheads and Pigmentation",
        "price": "$39.00 ($18.57 / Ounce)",
        "listPrice": "",
        "imageUrl": "https://m.media-amazon.com/images/I/416ewgnVxwL._SL160_.jpg",
        "detailPageURL": "https://www.amazon.com/dp/B076Z6PVVQ",
        "rating": "4.5",
        "totalReviews": "7002",
        "subtitle": "Sand & Sky",
        "isPrimeEligible": "1"
    },
    {
        "ASIN": "B08N3LPV8B",
        "title": "TONYMOLY I'm Rice Clarifying Blemish Clay Mask",
        "price": "$13.20 ($3.91 / Fl Oz)",
        "listPrice": "$15.00 ($4.44 / Fl Oz)",
        "imageUrl": "https://m.media-amazon.com/images/I/31SZo26h-pL._SL160_.jpg",
        "detailPageURL": "https://www.amazon.com/dp/B08N3LPV8B",
        "rating": "4.6",
        "totalReviews": "312",
        "subtitle": "",
        "isPrimeEligible": "1"
    },
    {
        "ASIN": "B0BW2XP5JW",
        "title": "KNOW Beauty Glacial Bay Clay Mask with Canadian Colloidal Clay - Remove Impurities, Tighten Pores, Improve Radiance, Gentle and Hydrating for Acne and Oily Skin - With Lactic Acid and Giant Sea Kelp",
        "price": "$45.00 ($26.47 / Ounce)",
        "listPrice": "",
        "imageUrl": "https://m.media-amazon.com/images/I/31njsJDyDbL._SL160_.jpg",
        "detailPageURL": "https://www.amazon.com/dp/B0BW2XP5JW",
        "rating": "4.5",
        "totalReviews": "198",
        "subtitle": "KNOWBEAUTY",
        "isPrimeEligible": "1"
    },
    {
        "ASIN": "B01FR410BG",
        "title": "FREEMAN Facial Mask Variety Pack: Oil-Absorbing Clay, Renewing Peel-Off, Hydrating Gel, Polishing Charcoal Multiuse Face Masks, Variety Mask Set, Vegan & Cruelty-Free Skincare, 6 fl oz Tubes, 4 Pack",
        "price": "$13.99 ($0.58 / Fl Oz)",
        "listPrice": "",
        "imageUrl": "https://m.media-amazon.com/images/I/51ghnbJLxdL._SL160_.jpg",
        "detailPageURL": "https://www.amazon.com/dp/B01FR410BG",
        "rating": "4.6",
        "totalReviews": "8812",
        "subtitle": "FREEMAN",
        "isPrimeEligible": "1"
    },
    {
        "ASIN": "B0B538QDNY",
        "title": "4 Pcs Clay Mask Set, Turmeric Vitamin C Clay Mask, Green Tea Mask, Dead Sea Mud Mask, Rose Clay Mask, Skin Care Face Mask Clay Facial Mask for Deep Cleansing, Moisturizing and Refining Pores 240g",
        "price": "$20.99 ($1.86 / Ounce)",
        "listPrice": "",
        "imageUrl": "https://m.media-amazon.com/images/I/51MTBYPFdwL._SL160_.jpg",
        "detailPageURL": "https://www.amazon.com/dp/B0B538QDNY",
        "rating": "4.5",
        "totalReviews": "934",
        "subtitle": "SHVYOG",
        "isPrimeEligible": "1"
    },
    {
        "ASIN": "B08HCVWG7B",
        "title": "Gleamin Vitamin C Clay Mask - Turmeric Face Mask - Clay Face Mask Skin Care, Deep Cleansing Face Mask - Facial Mask Improves Skin, Scarring and Refining Pores 2.1 Oz",
        "price": "$41.99 ($20.00 / Ounce)",
        "listPrice": "",
        "imageUrl": "https://m.media-amazon.com/images/I/41cmRrT6VnL._SL160_.jpg",
        "detailPageURL": "https://www.amazon.com/dp/B08HCVWG7B",
        "rating": "4.3",
        "totalReviews": "7010",
        "subtitle": "Gleamin",
        "isPrimeEligible": "1"
    },
    {
        "ASIN": "B0CCZCSX7L",
        "title": "HERO COSMETICS Pore Purity Clay Mask, 2.35 Fluid Ounces",
        "price": "$19.99 ($8.51 / Fl Oz)",
        "listPrice": "",
        "imageUrl": "https://m.media-amazon.com/images/I/31htrAr-gBL._SL160_.jpg",
        "detailPageURL": "https://www.amazon.com/dp/B0CCZCSX7L",
        "rating": "4.4",
        "totalReviews": "18",
        "subtitle": "HERO COSMETICS",
        "isPrimeEligible": "1"
    },
    {
        "ASIN": "B08YRD11VS",
        "title": "SHVYOG Turmeric Vitamin C Clay Mask, Facial Mask with Kaolin Clay and Turmeric for Dark Spots, Skin Care for Controlling Oil and Refining Pores 5.29 Oz",
        "price": "$15.25 ($2.88 / Ounce)",
        "listPrice": "$15.99 ($3.02 / Ounce)",
        "imageUrl": "https://m.media-amazon.com/images/I/41QL8zBoz0S._SL160_.jpg",
        "detailPageURL": "https://www.amazon.com/dp/B08YRD11VS",
        "rating": "4.4",
        "totalReviews": "6701",
        "subtitle": "SHVYOG",
        "isPrimeEligible": "1"
    },
    {
        "ASIN": "B0BY1S1PXY",
        "title": "ClayCo! 10 Piece Clay Mask Variety Kit | Rose, Dead Sea, Green Tea, Aloe Vera, 24K Gold | for Men & Women Facial and Skin Care",
        "price": "$13.39 ($379.32 / Ounce)",
        "listPrice": "",
        "imageUrl": "https://m.media-amazon.com/images/I/41coewwG+rL._SL160_.jpg",
        "detailPageURL": "https://www.amazon.com/dp/B0BY1S1PXY",
        "rating": "4.9",
        "totalReviews": "20",
        "subtitle": "ClayCo!",
        "isPrimeEligible": "1"
    },
    {
        "ASIN": "B00UREAGU8",
        "title": "MAJESTIC PURE Dead Sea Mud Mask for Face and Body - Natural Skin Care for Women and Men - Best Facial Cleansing Clay for Blackhead, Whitehead, Acne and Pores - 8.8 fl. Oz",
        "price": "$11.66 ($1.32 / Fl Oz)",
        "listPrice": "",
        "imageUrl": "https://m.media-amazon.com/images/I/51C5rWrtmhL._SL160_.jpg",
        "detailPageURL": "https://www.amazon.com/dp/B00UREAGU8",
        "rating": "4.4",
        "totalReviews": "9859",
        "subtitle": "MAJESTIC PURE",
        "isPrimeEligible": "1"
    },
    {
        "ASIN": "B08N3LPV8B",
        "title": "TONYMOLY I'm Rice Clarifying Blemish Clay Mask",
        "price": "$13.20 ($3.91 / Fl Oz)",
        "listPrice": "$15.00 ($4.44 / Fl Oz)",
        "imageUrl": "https://m.media-amazon.com/images/I/31SZo26h-pL._SL160_.jpg",
        "detailPageURL": "https://www.amazon.com/dp/B08N3LPV8B",
        "rating": "4.6",
        "totalReviews": "312",
        "subtitle": "",
        "isPrimeEligible": "1"
    },
    {
        "ASIN": "B0BW2XP5JW",
        "title": "KNOW Beauty Glacial Bay Clay Mask with Canadian Colloidal Clay - Remove Impurities, Tighten Pores, Improve Radiance, Gentle and Hydrating for Acne and Oily Skin - With Lactic Acid and Giant Sea Kelp",
        "price": "$45.00 ($26.47 / Ounce)",
        "listPrice": "",
        "imageUrl": "https://m.media-amazon.com/images/I/31njsJDyDbL._SL160_.jpg",
        "detailPageURL": "https://www.amazon.com/dp/B0BW2XP5JW",
        "rating": "4.5",
        "totalReviews": "198",
        "subtitle": "KNOWBEAUTY",
        "isPrimeEligible": "1"
    },
    {
        "ASIN": "B01FR410BG",
        "title": "FREEMAN Facial Mask Variety Pack: Oil-Absorbing Clay, Renewing Peel-Off, Hydrating Gel, Polishing Charcoal Multiuse Face Masks, Variety Mask Set, Vegan & Cruelty-Free Skincare, 6 fl oz Tubes, 4 Pack",
        "price": "$13.99 ($0.58 / Fl Oz)",
        "listPrice": "",
        "imageUrl": "https://m.media-amazon.com/images/I/51ghnbJLxdL._SL160_.jpg",
        "detailPageURL": "https://www.amazon.com/dp/B01FR410BG",
        "rating": "4.6",
        "totalReviews": "8812",
        "subtitle": "FREEMAN",
        "isPrimeEligible": "1"
    },
    {
        "ASIN": "B0B538QDNY",
        "title": "4 Pcs Clay Mask Set, Turmeric Vitamin C Clay Mask, Green Tea Mask, Dead Sea Mud Mask, Rose Clay Mask, Skin Care Face Mask Clay Facial Mask for Deep Cleansing, Moisturizing and Refining Pores 240g",
        "price": "$20.99 ($1.86 / Ounce)",
        "listPrice": "",
        "imageUrl": "https://m.media-amazon.com/images/I/51MTBYPFdwL._SL160_.jpg",
        "detailPageURL": "https://www.amazon.com/dp/B0B538QDNY",
        "rating": "4.5",
        "totalReviews": "934",
        "subtitle": "SHVYOG",
        "isPrimeEligible": "1"
    },
    {
        "ASIN": "B08HCVWG7B",
        "title": "Gleamin Vitamin C Clay Mask - Turmeric Face Mask - Clay Face Mask Skin Care, Deep Cleansing Face Mask - Facial Mask Improves Skin, Scarring and Refining Pores 2.1 Oz",
        "price": "$41.99 ($20.00 / Ounce)",
        "listPrice": "",
        "imageUrl": "https://m.media-amazon.com/images/I/41cmRrT6VnL._SL160_.jpg",
        "detailPageURL": "https://www.amazon.com/dp/B08HCVWG7B",
        "rating": "4.3",
        "totalReviews": "7010",
        "subtitle": "Gleamin",
        "isPrimeEligible": "1"
    },
    {
        "ASIN": "B0CCZCSX7L",
        "title": "HERO COSMETICS Pore Purity Clay Mask, 2.35 Fluid Ounces",
        "price": "$19.99 ($8.51 / Fl Oz)",
        "listPrice": "",
        "imageUrl": "https://m.media-amazon.com/images/I/31htrAr-gBL._SL160_.jpg",
        "detailPageURL": "https://www.amazon.com/dp/B0CCZCSX7L",
        "rating": "4.4",
        "totalReviews": "18",
        "subtitle": "HERO COSMETICS",
        "isPrimeEligible": "1"
    },
    {
        "ASIN": "B08YRD11VS",
        "title": "SHVYOG Turmeric Vitamin C Clay Mask, Facial Mask with Kaolin Clay and Turmeric for Dark Spots, Skin Care for Controlling Oil and Refining Pores 5.29 Oz",
        "price": "$15.25 ($2.88 / Ounce)",
        "listPrice": "$15.99 ($3.02 / Ounce)",
        "imageUrl": "https://m.media-amazon.com/images/I/41QL8zBoz0S._SL160_.jpg",
        "detailPageURL": "https://www.amazon.com/dp/B08YRD11VS",
        "rating": "4.4",
        "totalReviews": "6701",
        "subtitle": "SHVYOG",
        "isPrimeEligible": "1"
    },
    {
        "ASIN": "B0BY1S1PXY",
        "title": "ClayCo! 10 Piece Clay Mask Variety Kit | Rose, Dead Sea, Green Tea, Aloe Vera, 24K Gold | for Men & Women Facial and Skin Care",
        "price": "$13.39 ($379.32 / Ounce)",
        "listPrice": "",
        "imageUrl": "https://m.media-amazon.com/images/I/41coewwG+rL._SL160_.jpg",
        "detailPageURL": "https://www.amazon.com/dp/B0BY1S1PXY",
        "rating": "4.9",
        "totalReviews": "20",
        "subtitle": "ClayCo!",
        "isPrimeEligible": "1"
    },
    {
        "ASIN": "B00UREAGU8",
        "title": "MAJESTIC PURE Dead Sea Mud Mask for Face and Body - Natural Skin Care for Women and Men - Best Facial Cleansing Clay for Blackhead, Whitehead, Acne and Pores - 8.8 fl. Oz",
        "price": "$11.66 ($1.32 / Fl Oz)",
        "listPrice": "",
        "imageUrl": "https://m.media-amazon.com/images/I/51C5rWrtmhL._SL160_.jpg",
        "detailPageURL": "https://www.amazon.com/dp/B00UREAGU8",
        "rating": "4.4",
        "totalReviews": "9859",
        "subtitle": "MAJESTIC PURE",
        "isPrimeEligible": "1"
    },
    {
        "ASIN": "B07GB9K25R",
        "title": "Face Masks by Olay, Clay Charcoal Facial Mask Stick, Glow Boost White Charcoal, 1.7 Oz",
        "price": "$5.69 ($3.35 / Ounce)",
        "listPrice": "$9.99 ($5.88 / Ounce)",
        "imageUrl": "https://m.media-amazon.com/images/I/316IeR1Md8L._SL160_.jpg",
        "detailPageURL": "https://www.amazon.com/dp/B07GB9K25R",
        "rating": "4.3",
        "totalReviews": "4354",
        "subtitle": "Olay",
        "isPrimeEligible": "1"
    },
    {
        "ASIN": "B0BW2XP5JW",
        "title": "KNOW Beauty Glacial Bay Clay Mask with Canadian Colloidal Clay - Remove Impurities, Tighten Pores, Improve Radiance, Gentle and Hydrating for Acne and Oily Skin - With Lactic Acid and Giant Sea Kelp",
        "price": "$45.00 ($26.47 / Ounce)",
        "listPrice": "",
        "imageUrl": "https://m.media-amazon.com/images/I/31njsJDyDbL._SL160_.jpg",
        "detailPageURL": "https://www.amazon.com/dp/B0BW2XP5JW",
        "rating": "4.5",
        "totalReviews": "198",
        "subtitle": "KNOWBEAUTY",
        "isPrimeEligible": "1"
    },
    {
        "ASIN": "B01FR410BG",
        "title": "FREEMAN Facial Mask Variety Pack: Oil-Absorbing Clay, Renewing Peel-Off, Hydrating Gel, Polishing Charcoal Multiuse Face Masks, Variety Mask Set, Vegan & Cruelty-Free Skincare, 6 fl oz Tubes, 4 Pack",
        "price": "$13.99 ($0.58 / Fl Oz)",
        "listPrice": "",
        "imageUrl": "https://m.media-amazon.com/images/I/51ghnbJLxdL._SL160_.jpg",
        "detailPageURL": "https://www.amazon.com/dp/B01FR410BG",
        "rating": "4.6",
        "totalReviews": "8812",
        "subtitle": "FREEMAN",
        "isPrimeEligible": "1"
    },
    {
        "ASIN": "B0B538QDNY",
        "title": "4 Pcs Clay Mask Set, Turmeric Vitamin C Clay Mask, Green Tea Mask, Dead Sea Mud Mask, Rose Clay Mask, Skin Care Face Mask Clay Facial Mask for Deep Cleansing, Moisturizing and Refining Pores 240g",
        "price": "$20.99 ($1.86 / Ounce)",
        "listPrice": "",
        "imageUrl": "https://m.media-amazon.com/images/I/51MTBYPFdwL._SL160_.jpg",
        "detailPageURL": "https://www.amazon.com/dp/B0B538QDNY",
        "rating": "4.5",
        "totalReviews": "934",
        "subtitle": "SHVYOG",
        "isPrimeEligible": "1"
    },
    {
        "ASIN": "B08HCVWG7B",
        "title": "Gleamin Vitamin C Clay Mask - Turmeric Face Mask - Clay Face Mask Skin Care, Deep Cleansing Face Mask - Facial Mask Improves Skin, Scarring and Refining Pores 2.1 Oz",
        "price": "$41.99 ($20.00 / Ounce)",
        "listPrice": "",
        "imageUrl": "https://m.media-amazon.com/images/I/41cmRrT6VnL._SL160_.jpg",
        "detailPageURL": "https://www.amazon.com/dp/B08HCVWG7B",
        "rating": "4.3",
        "totalReviews": "7010",
        "subtitle": "Gleamin",
        "isPrimeEligible": "1"
    },
    {
        "ASIN": "B0CCZCSX7L",
        "title": "HERO COSMETICS Pore Purity Clay Mask, 2.35 Fluid Ounces",
        "price": "$19.99 ($8.51 / Fl Oz)",
        "listPrice": "",
        "imageUrl": "https://m.media-amazon.com/images/I/31htrAr-gBL._SL160_.jpg",
        "detailPageURL": "https://www.amazon.com/dp/B0CCZCSX7L",
        "rating": "4.4",
        "totalReviews": "18",
        "subtitle": "HERO COSMETICS",
        "isPrimeEligible": "1"
    },
    {
        "ASIN": "B08YRD11VS",
        "title": "SHVYOG Turmeric Vitamin C Clay Mask, Facial Mask with Kaolin Clay and Turmeric for Dark Spots, Skin Care for Controlling Oil and Refining Pores 5.29 Oz",
        "price": "$15.25 ($2.88 / Ounce)",
        "listPrice": "$15.99 ($3.02 / Ounce)",
        "imageUrl": "https://m.media-amazon.com/images/I/41QL8zBoz0S._SL160_.jpg",
        "detailPageURL": "https://www.amazon.com/dp/B08YRD11VS",
        "rating": "4.4",
        "totalReviews": "6701",
        "subtitle": "SHVYOG",
        "isPrimeEligible": "1"
    },
    {
        "ASIN": "B0BY1S1PXY",
        "title": "ClayCo! 10 Piece Clay Mask Variety Kit | Rose, Dead Sea, Green Tea, Aloe Vera, 24K Gold | for Men & Women Facial and Skin Care",
        "price": "$13.39 ($379.32 / Ounce)",
        "listPrice": "",
        "imageUrl": "https://m.media-amazon.com/images/I/41coewwG+rL._SL160_.jpg",
        "detailPageURL": "https://www.amazon.com/dp/B0BY1S1PXY",
        "rating": "4.9",
        "totalReviews": "20",
        "subtitle": "ClayCo!",
        "isPrimeEligible": "1"
    },
    {
        "ASIN": "B00UREAGU8",
        "title": "MAJESTIC PURE Dead Sea Mud Mask for Face and Body - Natural Skin Care for Women and Men - Best Facial Cleansing Clay for Blackhead, Whitehead, Acne and Pores - 8.8 fl. Oz",
        "price": "$11.66 ($1.32 / Fl Oz)",
        "listPrice": "",
        "imageUrl": "https://m.media-amazon.com/images/I/51C5rWrtmhL._SL160_.jpg",
        "detailPageURL": "https://www.amazon.com/dp/B00UREAGU8",
        "rating": "4.4",
        "totalReviews": "9859",
        "subtitle": "MAJESTIC PURE",
        "isPrimeEligible": "1"
    },
    {
        "ASIN": "B07GB9K25R",
        "title": "Face Masks by Olay, Clay Charcoal Facial Mask Stick, Glow Boost White Charcoal, 1.7 Oz",
        "price": "$5.69 ($3.35 / Ounce)",
        "listPrice": "$9.99 ($5.88 / Ounce)",
        "imageUrl": "https://m.media-amazon.com/images/I/316IeR1Md8L._SL160_.jpg",
        "detailPageURL": "https://www.amazon.com/dp/B07GB9K25R",
        "rating": "4.3",
        "totalReviews": "4354",
        "subtitle": "Olay",
        "isPrimeEligible": "1"
    },
    {
        "ASIN": "B00W3SIY1E",
        "title": "Caudalie Instant Detox Clay Mask - Cleanse and visibly tighten pores in 10 minutes, 2.5 oz.",
        "price": "$42.00 ($16.80 / Fl Oz)",
        "listPrice": "",
        "imageUrl": "https://m.media-amazon.com/images/I/31FF2ejrAOL._SL160_.jpg",
        "detailPageURL": "https://www.amazon.com/dp/B00W3SIY1E",
        "rating": "4.5",
        "totalReviews": "4157",
        "subtitle": "",
        "isPrimeEligible": "1"
    },
    {
        "ASIN": "B01FR410BG",
        "title": "FREEMAN Facial Mask Variety Pack: Oil-Absorbing Clay, Renewing Peel-Off, Hydrating Gel, Polishing Charcoal Multiuse Face Masks, Variety Mask Set, Vegan & Cruelty-Free Skincare, 6 fl oz Tubes, 4 Pack",
        "price": "$13.99 ($0.58 / Fl Oz)",
        "listPrice": "",
        "imageUrl": "https://m.media-amazon.com/images/I/51ghnbJLxdL._SL160_.jpg",
        "detailPageURL": "https://www.amazon.com/dp/B01FR410BG",
        "rating": "4.6",
        "totalReviews": "8812",
        "subtitle": "FREEMAN",
        "isPrimeEligible": "1"
    },
    {
        "ASIN": "B0B538QDNY",
        "title": "4 Pcs Clay Mask Set, Turmeric Vitamin C Clay Mask, Green Tea Mask, Dead Sea Mud Mask, Rose Clay Mask, Skin Care Face Mask Clay Facial Mask for Deep Cleansing, Moisturizing and Refining Pores 240g",
        "price": "$20.99 ($1.86 / Ounce)",
        "listPrice": "",
        "imageUrl": "https://m.media-amazon.com/images/I/51MTBYPFdwL._SL160_.jpg",
        "detailPageURL": "https://www.amazon.com/dp/B0B538QDNY",
        "rating": "4.5",
        "totalReviews": "934",
        "subtitle": "SHVYOG",
        "isPrimeEligible": "1"
    },
    {
        "ASIN": "B08HCVWG7B",
        "title": "Gleamin Vitamin C Clay Mask - Turmeric Face Mask - Clay Face Mask Skin Care, Deep Cleansing Face Mask - Facial Mask Improves Skin, Scarring and Refining Pores 2.1 Oz",
        "price": "$41.99 ($20.00 / Ounce)",
        "listPrice": "",
        "imageUrl": "https://m.media-amazon.com/images/I/41cmRrT6VnL._SL160_.jpg",
        "detailPageURL": "https://www.amazon.com/dp/B08HCVWG7B",
        "rating": "4.3",
        "totalReviews": "7010",
        "subtitle": "Gleamin",
        "isPrimeEligible": "1"
    },
    {
        "ASIN": "B0CCZCSX7L",
        "title": "HERO COSMETICS Pore Purity Clay Mask, 2.35 Fluid Ounces",
        "price": "$19.99 ($8.51 / Fl Oz)",
        "listPrice": "",
        "imageUrl": "https://m.media-amazon.com/images/I/31htrAr-gBL._SL160_.jpg",
        "detailPageURL": "https://www.amazon.com/dp/B0CCZCSX7L",
        "rating": "4.4",
        "totalReviews": "18",
        "subtitle": "HERO COSMETICS",
        "isPrimeEligible": "1"
    },
    {
        "ASIN": "B08YRD11VS",
        "title": "SHVYOG Turmeric Vitamin C Clay Mask, Facial Mask with Kaolin Clay and Turmeric for Dark Spots, Skin Care for Controlling Oil and Refining Pores 5.29 Oz",
        "price": "$15.25 ($2.88 / Ounce)",
        "listPrice": "$15.99 ($3.02 / Ounce)",
        "imageUrl": "https://m.media-amazon.com/images/I/41QL8zBoz0S._SL160_.jpg",
        "detailPageURL": "https://www.amazon.com/dp/B08YRD11VS",
        "rating": "4.4",
        "totalReviews": "6701",
        "subtitle": "SHVYOG",
        "isPrimeEligible": "1"
    },
    {
        "ASIN": "B0BY1S1PXY",
        "title": "ClayCo! 10 Piece Clay Mask Variety Kit | Rose, Dead Sea, Green Tea, Aloe Vera, 24K Gold | for Men & Women Facial and Skin Care",
        "price": "$13.39 ($379.32 / Ounce)",
        "listPrice": "",
        "imageUrl": "https://m.media-amazon.com/images/I/41coewwG+rL._SL160_.jpg",
        "detailPageURL": "https://www.amazon.com/dp/B0BY1S1PXY",
        "rating": "4.9",
        "totalReviews": "20",
        "subtitle": "ClayCo!",
        "isPrimeEligible": "1"
    },
    {
        "ASIN": "B00UREAGU8",
        "title": "MAJESTIC PURE Dead Sea Mud Mask for Face and Body - Natural Skin Care for Women and Men - Best Facial Cleansing Clay for Blackhead, Whitehead, Acne and Pores - 8.8 fl. Oz",
        "price": "$11.66 ($1.32 / Fl Oz)",
        "listPrice": "",
        "imageUrl": "https://m.media-amazon.com/images/I/51C5rWrtmhL._SL160_.jpg",
        "detailPageURL": "https://www.amazon.com/dp/B00UREAGU8",
        "rating": "4.4",
        "totalReviews": "9859",
        "subtitle": "MAJESTIC PURE",
        "isPrimeEligible": "1"
    },
    {
        "ASIN": "B07GB9K25R",
        "title": "Face Masks by Olay, Clay Charcoal Facial Mask Stick, Glow Boost White Charcoal, 1.7 Oz",
        "price": "$5.69 ($3.35 / Ounce)",
        "listPrice": "$9.99 ($5.88 / Ounce)",
        "imageUrl": "https://m.media-amazon.com/images/I/316IeR1Md8L._SL160_.jpg",
        "detailPageURL": "https://www.amazon.com/dp/B07GB9K25R",
        "rating": "4.3",
        "totalReviews": "4354",
        "subtitle": "Olay",
        "isPrimeEligible": "1"
    },
    {
        "ASIN": "B00W3SIY1E",
        "title": "Caudalie Instant Detox Clay Mask - Cleanse and visibly tighten pores in 10 minutes, 2.5 oz.",
        "price": "$42.00 ($16.80 / Fl Oz)",
        "listPrice": "",
        "imageUrl": "https://m.media-amazon.com/images/I/31FF2ejrAOL._SL160_.jpg",
        "detailPageURL": "https://www.amazon.com/dp/B00W3SIY1E",
        "rating": "4.5",
        "totalReviews": "4157",
        "subtitle": "",
        "isPrimeEligible": "1"
    },
    {
        "ASIN": "B072KL32YR",
        "title": "NENA Clay Face Mask Skin Care for All Types of Skins, Facial Moisturizer Masks for Women to Reduce Blackheads and Pores, Natural Beauty Products, 120g",
        "price": "$15.15 ($3.61 / Ounce)",
        "listPrice": "$25.00 ($5.95 / Ounce)",
        "imageUrl": "https://m.media-amazon.com/images/I/31Ha48KStFL._SL160_.jpg",
        "detailPageURL": "https://www.amazon.com/dp/B072KL32YR",
        "rating": "4.5",
        "totalReviews": "136",
        "subtitle": "NENA Glacial Skincare",
        "isPrimeEligible": "0"
    },
    {
        "ASIN": "B0B538QDNY",
        "title": "4 Pcs Clay Mask Set, Turmeric Vitamin C Clay Mask, Green Tea Mask, Dead Sea Mud Mask, Rose Clay Mask, Skin Care Face Mask Clay Facial Mask for Deep Cleansing, Moisturizing and Refining Pores 240g",
        "price": "$20.99 ($1.86 / Ounce)",
        "listPrice": "",
        "imageUrl": "https://m.media-amazon.com/images/I/51MTBYPFdwL._SL160_.jpg",
        "detailPageURL": "https://www.amazon.com/dp/B0B538QDNY",
        "rating": "4.5",
        "totalReviews": "934",
        "subtitle": "SHVYOG",
        "isPrimeEligible": "1"
    },
    {
        "ASIN": "B08HCVWG7B",
        "title": "Gleamin Vitamin C Clay Mask - Turmeric Face Mask - Clay Face Mask Skin Care, Deep Cleansing Face Mask - Facial Mask Improves Skin, Scarring and Refining Pores 2.1 Oz",
        "price": "$41.99 ($20.00 / Ounce)",
        "listPrice": "",
        "imageUrl": "https://m.media-amazon.com/images/I/41cmRrT6VnL._SL160_.jpg",
        "detailPageURL": "https://www.amazon.com/dp/B08HCVWG7B",
        "rating": "4.3",
        "totalReviews": "7010",
        "subtitle": "Gleamin",
        "isPrimeEligible": "1"
    },
    {
        "ASIN": "B0CCZCSX7L",
        "title": "HERO COSMETICS Pore Purity Clay Mask, 2.35 Fluid Ounces",
        "price": "$19.99 ($8.51 / Fl Oz)",
        "listPrice": "",
        "imageUrl": "https://m.media-amazon.com/images/I/31htrAr-gBL._SL160_.jpg",
        "detailPageURL": "https://www.amazon.com/dp/B0CCZCSX7L",
        "rating": "4.4",
        "totalReviews": "18",
        "subtitle": "HERO COSMETICS",
        "isPrimeEligible": "1"
    },
    {
        "ASIN": "B08YRD11VS",
        "title": "SHVYOG Turmeric Vitamin C Clay Mask, Facial Mask with Kaolin Clay and Turmeric for Dark Spots, Skin Care for Controlling Oil and Refining Pores 5.29 Oz",
        "price": "$15.25 ($2.88 / Ounce)",
        "listPrice": "$15.99 ($3.02 / Ounce)",
        "imageUrl": "https://m.media-amazon.com/images/I/41QL8zBoz0S._SL160_.jpg",
        "detailPageURL": "https://www.amazon.com/dp/B08YRD11VS",
        "rating": "4.4",
        "totalReviews": "6701",
        "subtitle": "SHVYOG",
        "isPrimeEligible": "1"
    },
    {
        "ASIN": "B0BY1S1PXY",
        "title": "ClayCo! 10 Piece Clay Mask Variety Kit | Rose, Dead Sea, Green Tea, Aloe Vera, 24K Gold | for Men & Women Facial and Skin Care",
        "price": "$13.39 ($379.32 / Ounce)",
        "listPrice": "",
        "imageUrl": "https://m.media-amazon.com/images/I/41coewwG+rL._SL160_.jpg",
        "detailPageURL": "https://www.amazon.com/dp/B0BY1S1PXY",
        "rating": "4.9",
        "totalReviews": "20",
        "subtitle": "ClayCo!",
        "isPrimeEligible": "1"
    },
    {
        "ASIN": "B00UREAGU8",
        "title": "MAJESTIC PURE Dead Sea Mud Mask for Face and Body - Natural Skin Care for Women and Men - Best Facial Cleansing Clay for Blackhead, Whitehead, Acne and Pores - 8.8 fl. Oz",
        "price": "$11.66 ($1.32 / Fl Oz)",
        "listPrice": "",
        "imageUrl": "https://m.media-amazon.com/images/I/51C5rWrtmhL._SL160_.jpg",
        "detailPageURL": "https://www.amazon.com/dp/B00UREAGU8",
        "rating": "4.4",
        "totalReviews": "9859",
        "subtitle": "MAJESTIC PURE",
        "isPrimeEligible": "1"
    },
    {
        "ASIN": "B07GB9K25R",
        "title": "Face Masks by Olay, Clay Charcoal Facial Mask Stick, Glow Boost White Charcoal, 1.7 Oz",
        "price": "$5.69 ($3.35 / Ounce)",
        "listPrice": "$9.99 ($5.88 / Ounce)",
        "imageUrl": "https://m.media-amazon.com/images/I/316IeR1Md8L._SL160_.jpg",
        "detailPageURL": "https://www.amazon.com/dp/B07GB9K25R",
        "rating": "4.3",
        "totalReviews": "4354",
        "subtitle": "Olay",
        "isPrimeEligible": "1"
    },
    {
        "ASIN": "B00W3SIY1E",
        "title": "Caudalie Instant Detox Clay Mask - Cleanse and visibly tighten pores in 10 minutes, 2.5 oz.",
        "price": "$42.00 ($16.80 / Fl Oz)",
        "listPrice": "",
        "imageUrl": "https://m.media-amazon.com/images/I/31FF2ejrAOL._SL160_.jpg",
        "detailPageURL": "https://www.amazon.com/dp/B00W3SIY1E",
        "rating": "4.5",
        "totalReviews": "4157",
        "subtitle": "",
        "isPrimeEligible": "1"
    },
    {
        "ASIN": "B072KL32YR",
        "title": "NENA Clay Face Mask Skin Care for All Types of Skins, Facial Moisturizer Masks for Women to Reduce Blackheads and Pores, Natural Beauty Products, 120g",
        "price": "$15.15 ($3.61 / Ounce)",
        "listPrice": "$25.00 ($5.95 / Ounce)",
        "imageUrl": "https://m.media-amazon.com/images/I/31Ha48KStFL._SL160_.jpg",
        "detailPageURL": "https://www.amazon.com/dp/B072KL32YR",
        "rating": "4.5",
        "totalReviews": "136",
        "subtitle": "NENA Glacial Skincare",
        "isPrimeEligible": "0"
    },
    {
        "ASIN": "B0769T666G",
        "title": "L'Or\u00e9al Paris Skincare Pure-Clay Face Mask Trial Size Set, Includes 3 Different Face Masks Made With Charcoal, Red Algae and Eucalyptus, Set",
        "price": "$5.49",
        "listPrice": "$8.99",
        "imageUrl": "https://m.media-amazon.com/images/I/41UCaKx3huL._SL160_.jpg",
        "detailPageURL": "https://www.amazon.com/dp/B0769T666G",
        "rating": "4.3",
        "totalReviews": "1391",
        "subtitle": "L\u2019Or\u00e9al Paris",
        "isPrimeEligible": "1"
    },
    {
        "ASIN": "B08HCVWG7B",
        "title": "Gleamin Vitamin C Clay Mask - Turmeric Face Mask - Clay Face Mask Skin Care, Deep Cleansing Face Mask - Facial Mask Improves Skin, Scarring and Refining Pores 2.1 Oz",
        "price": "$41.99 ($20.00 / Ounce)",
        "listPrice": "",
        "imageUrl": "https://m.media-amazon.com/images/I/41cmRrT6VnL._SL160_.jpg",
        "detailPageURL": "https://www.amazon.com/dp/B08HCVWG7B",
        "rating": "4.3",
        "totalReviews": "7010",
        "subtitle": "Gleamin",
        "isPrimeEligible": "1"
    },
    {
        "ASIN": "B0CCZCSX7L",
        "title": "HERO COSMETICS Pore Purity Clay Mask, 2.35 Fluid Ounces",
        "price": "$19.99 ($8.51 / Fl Oz)",
        "listPrice": "",
        "imageUrl": "https://m.media-amazon.com/images/I/31htrAr-gBL._SL160_.jpg",
        "detailPageURL": "https://www.amazon.com/dp/B0CCZCSX7L",
        "rating": "4.4",
        "totalReviews": "18",
        "subtitle": "HERO COSMETICS",
        "isPrimeEligible": "1"
    },
    {
        "ASIN": "B08YRD11VS",
        "title": "SHVYOG Turmeric Vitamin C Clay Mask, Facial Mask with Kaolin Clay and Turmeric for Dark Spots, Skin Care for Controlling Oil and Refining Pores 5.29 Oz",
        "price": "$15.25 ($2.88 / Ounce)",
        "listPrice": "$15.99 ($3.02 / Ounce)",
        "imageUrl": "https://m.media-amazon.com/images/I/41QL8zBoz0S._SL160_.jpg",
        "detailPageURL": "https://www.amazon.com/dp/B08YRD11VS",
        "rating": "4.4",
        "totalReviews": "6701",
        "subtitle": "SHVYOG",
        "isPrimeEligible": "1"
    },
    {
        "ASIN": "B0BY1S1PXY",
        "title": "ClayCo! 10 Piece Clay Mask Variety Kit | Rose, Dead Sea, Green Tea, Aloe Vera, 24K Gold | for Men & Women Facial and Skin Care",
        "price": "$13.39 ($379.32 / Ounce)",
        "listPrice": "",
        "imageUrl": "https://m.media-amazon.com/images/I/41coewwG+rL._SL160_.jpg",
        "detailPageURL": "https://www.amazon.com/dp/B0BY1S1PXY",
        "rating": "4.9",
        "totalReviews": "20",
        "subtitle": "ClayCo!",
        "isPrimeEligible": "1"
    },
    {
        "ASIN": "B00UREAGU8",
        "title": "MAJESTIC PURE Dead Sea Mud Mask for Face and Body - Natural Skin Care for Women and Men - Best Facial Cleansing Clay for Blackhead, Whitehead, Acne and Pores - 8.8 fl. Oz",
        "price": "$11.66 ($1.32 / Fl Oz)",
        "listPrice": "",
        "imageUrl": "https://m.media-amazon.com/images/I/51C5rWrtmhL._SL160_.jpg",
        "detailPageURL": "https://www.amazon.com/dp/B00UREAGU8",
        "rating": "4.4",
        "totalReviews": "9859",
        "subtitle": "MAJESTIC PURE",
        "isPrimeEligible": "1"
    },
    {
        "ASIN": "B07GB9K25R",
        "title": "Face Masks by Olay, Clay Charcoal Facial Mask Stick, Glow Boost White Charcoal, 1.7 Oz",
        "price": "$5.69 ($3.35 / Ounce)",
        "listPrice": "$9.99 ($5.88 / Ounce)",
        "imageUrl": "https://m.media-amazon.com/images/I/316IeR1Md8L._SL160_.jpg",
        "detailPageURL": "https://www.amazon.com/dp/B07GB9K25R",
        "rating": "4.3",
        "totalReviews": "4354",
        "subtitle": "Olay",
        "isPrimeEligible": "1"
    },
    {
        "ASIN": "B00W3SIY1E",
        "title": "Caudalie Instant Detox Clay Mask - Cleanse and visibly tighten pores in 10 minutes, 2.5 oz.",
        "price": "$42.00 ($16.80 / Fl Oz)",
        "listPrice": "",
        "imageUrl": "https://m.media-amazon.com/images/I/31FF2ejrAOL._SL160_.jpg",
        "detailPageURL": "https://www.amazon.com/dp/B00W3SIY1E",
        "rating": "4.5",
        "totalReviews": "4157",
        "subtitle": "",
        "isPrimeEligible": "1"
    },
    {
        "ASIN": "B072KL32YR",
        "title": "NENA Clay Face Mask Skin Care for All Types of Skins, Facial Moisturizer Masks for Women to Reduce Blackheads and Pores, Natural Beauty Products, 120g",
        "price": "$15.15 ($3.61 / Ounce)",
        "listPrice": "$25.00 ($5.95 / Ounce)",
        "imageUrl": "https://m.media-amazon.com/images/I/31Ha48KStFL._SL160_.jpg",
        "detailPageURL": "https://www.amazon.com/dp/B072KL32YR",
        "rating": "4.5",
        "totalReviews": "136",
        "subtitle": "NENA Glacial Skincare",
        "isPrimeEligible": "0"
    },
    {
        "ASIN": "B0769T666G",
        "title": "L'Or\u00e9al Paris Skincare Pure-Clay Face Mask Trial Size Set, Includes 3 Different Face Masks Made With Charcoal, Red Algae and Eucalyptus, Set",
        "price": "$5.49",
        "listPrice": "$8.99",
        "imageUrl": "https://m.media-amazon.com/images/I/41UCaKx3huL._SL160_.jpg",
        "detailPageURL": "https://www.amazon.com/dp/B0769T666G",
        "rating": "4.3",
        "totalReviews": "1391",
        "subtitle": "L\u2019Or\u00e9al Paris",
        "isPrimeEligible": "1"
    },
    {
        "ASIN": "B003N21THK",
        "title": "FREEMAN Oil Absorbing Mint & Lemon Clay Mask, Facial Mask, Skincare, 6 fl oz tube/175 mL",
        "price": "$5.95 ($0.99 / Ounce)",
        "listPrice": "",
        "imageUrl": "https://m.media-amazon.com/images/I/31ddbtb-zoL._SL160_.jpg",
        "detailPageURL": "https://www.amazon.com/dp/B003N21THK",
        "rating": "4.5",
        "totalReviews": "2887",
        "subtitle": "FREEMAN",
        "isPrimeEligible": "1"
    },
    {
        "ASIN": "B0CCZCSX7L",
        "title": "HERO COSMETICS Pore Purity Clay Mask, 2.35 Fluid Ounces",
        "price": "$19.99 ($8.51 / Fl Oz)",
        "listPrice": "",
        "imageUrl": "https://m.media-amazon.com/images/I/31htrAr-gBL._SL160_.jpg",
        "detailPageURL": "https://www.amazon.com/dp/B0CCZCSX7L",
        "rating": "4.4",
        "totalReviews": "18",
        "subtitle": "HERO COSMETICS",
        "isPrimeEligible": "1"
    },
    {
        "ASIN": "B08YRD11VS",
        "title": "SHVYOG Turmeric Vitamin C Clay Mask, Facial Mask with Kaolin Clay and Turmeric for Dark Spots, Skin Care for Controlling Oil and Refining Pores 5.29 Oz",
        "price": "$15.25 ($2.88 / Ounce)",
        "listPrice": "$15.99 ($3.02 / Ounce)",
        "imageUrl": "https://m.media-amazon.com/images/I/41QL8zBoz0S._SL160_.jpg",
        "detailPageURL": "https://www.amazon.com/dp/B08YRD11VS",
        "rating": "4.4",
        "totalReviews": "6701",
        "subtitle": "SHVYOG",
        "isPrimeEligible": "1"
    },
    {
        "ASIN": "B0BY1S1PXY",
        "title": "ClayCo! 10 Piece Clay Mask Variety Kit | Rose, Dead Sea, Green Tea, Aloe Vera, 24K Gold | for Men & Women Facial and Skin Care",
        "price": "$13.39 ($379.32 / Ounce)",
        "listPrice": "",
        "imageUrl": "https://m.media-amazon.com/images/I/41coewwG+rL._SL160_.jpg",
        "detailPageURL": "https://www.amazon.com/dp/B0BY1S1PXY",
        "rating": "4.9",
        "totalReviews": "20",
        "subtitle": "ClayCo!",
        "isPrimeEligible": "1"
    },
    {
        "ASIN": "B00UREAGU8",
        "title": "MAJESTIC PURE Dead Sea Mud Mask for Face and Body - Natural Skin Care for Women and Men - Best Facial Cleansing Clay for Blackhead, Whitehead, Acne and Pores - 8.8 fl. Oz",
        "price": "$11.66 ($1.32 / Fl Oz)",
        "listPrice": "",
        "imageUrl": "https://m.media-amazon.com/images/I/51C5rWrtmhL._SL160_.jpg",
        "detailPageURL": "https://www.amazon.com/dp/B00UREAGU8",
        "rating": "4.4",
        "totalReviews": "9859",
        "subtitle": "MAJESTIC PURE",
        "isPrimeEligible": "1"
    },
    {
        "ASIN": "B07GB9K25R",
        "title": "Face Masks by Olay, Clay Charcoal Facial Mask Stick, Glow Boost White Charcoal, 1.7 Oz",
        "price": "$5.69 ($3.35 / Ounce)",
        "listPrice": "$9.99 ($5.88 / Ounce)",
        "imageUrl": "https://m.media-amazon.com/images/I/316IeR1Md8L._SL160_.jpg",
        "detailPageURL": "https://www.amazon.com/dp/B07GB9K25R",
        "rating": "4.3",
        "totalReviews": "4354",
        "subtitle": "Olay",
        "isPrimeEligible": "1"
    },
    {
        "ASIN": "B00W3SIY1E",
        "title": "Caudalie Instant Detox Clay Mask - Cleanse and visibly tighten pores in 10 minutes, 2.5 oz.",
        "price": "$42.00 ($16.80 / Fl Oz)",
        "listPrice": "",
        "imageUrl": "https://m.media-amazon.com/images/I/31FF2ejrAOL._SL160_.jpg",
        "detailPageURL": "https://www.amazon.com/dp/B00W3SIY1E",
        "rating": "4.5",
        "totalReviews": "4157",
        "subtitle": "",
        "isPrimeEligible": "1"
    },
    {
        "ASIN": "B072KL32YR",
        "title": "NENA Clay Face Mask Skin Care for All Types of Skins, Facial Moisturizer Masks for Women to Reduce Blackheads and Pores, Natural Beauty Products, 120g",
        "price": "$15.15 ($3.61 / Ounce)",
        "listPrice": "$25.00 ($5.95 / Ounce)",
        "imageUrl": "https://m.media-amazon.com/images/I/31Ha48KStFL._SL160_.jpg",
        "detailPageURL": "https://www.amazon.com/dp/B072KL32YR",
        "rating": "4.5",
        "totalReviews": "136",
        "subtitle": "NENA Glacial Skincare",
        "isPrimeEligible": "0"
    },
    {
        "ASIN": "B0769T666G",
        "title": "L'Or\u00e9al Paris Skincare Pure-Clay Face Mask Trial Size Set, Includes 3 Different Face Masks Made With Charcoal, Red Algae and Eucalyptus, Set",
        "price": "$5.49",
        "listPrice": "$8.99",
        "imageUrl": "https://m.media-amazon.com/images/I/41UCaKx3huL._SL160_.jpg",
        "detailPageURL": "https://www.amazon.com/dp/B0769T666G",
        "rating": "4.3",
        "totalReviews": "1391",
        "subtitle": "L\u2019Or\u00e9al Paris",
        "isPrimeEligible": "1"
    },
    {
        "ASIN": "B003N21THK",
        "title": "FREEMAN Oil Absorbing Mint & Lemon Clay Mask, Facial Mask, Skincare, 6 fl oz tube/175 mL",
        "price": "$5.95 ($0.99 / Ounce)",
        "listPrice": "",
        "imageUrl": "https://m.media-amazon.com/images/I/31ddbtb-zoL._SL160_.jpg",
        "detailPageURL": "https://www.amazon.com/dp/B003N21THK",
        "rating": "4.5",
        "totalReviews": "2887",
        "subtitle": "FREEMAN",
        "isPrimeEligible": "1"
    },
    {
        "ASIN": "B00S7ZPB8Q",
        "title": "Aztec Secret \u2013 Indian Healing Clay 1 lb \u2013 Deep Pore Cleansing Facial & Body Mask \u2013 The Original 100% Natural Calcium Bentonite Clay \u2013 New Version 2",
        "price": "$14.95 ($0.93 / Ounce)",
        "listPrice": "$16.95 ($1.06 / Ounce)",
        "imageUrl": "https://m.media-amazon.com/images/I/51CeIVfokCL._SL160_.jpg",
        "detailPageURL": "https://www.amazon.com/dp/B00S7ZPB8Q",
        "rating": "4.6",
        "totalReviews": "27959",
        "subtitle": "Aztec Secret",
        "isPrimeEligible": "1"
    },
    {
        "ASIN": "B08YRD11VS",
        "title": "SHVYOG Turmeric Vitamin C Clay Mask, Facial Mask with Kaolin Clay and Turmeric for Dark Spots, Skin Care for Controlling Oil and Refining Pores 5.29 Oz",
        "price": "$15.25 ($2.88 / Ounce)",
        "listPrice": "$15.99 ($3.02 / Ounce)",
        "imageUrl": "https://m.media-amazon.com/images/I/41QL8zBoz0S._SL160_.jpg",
        "detailPageURL": "https://www.amazon.com/dp/B08YRD11VS",
        "rating": "4.4",
        "totalReviews": "6701",
        "subtitle": "SHVYOG",
        "isPrimeEligible": "1"
    },
    {
        "ASIN": "B0BY1S1PXY",
        "title": "ClayCo! 10 Piece Clay Mask Variety Kit | Rose, Dead Sea, Green Tea, Aloe Vera, 24K Gold | for Men & Women Facial and Skin Care",
        "price": "$13.39 ($379.32 / Ounce)",
        "listPrice": "",
        "imageUrl": "https://m.media-amazon.com/images/I/41coewwG+rL._SL160_.jpg",
        "detailPageURL": "https://www.amazon.com/dp/B0BY1S1PXY",
        "rating": "4.9",
        "totalReviews": "20",
        "subtitle": "ClayCo!",
        "isPrimeEligible": "1"
    },
    {
        "ASIN": "B00UREAGU8",
        "title": "MAJESTIC PURE Dead Sea Mud Mask for Face and Body - Natural Skin Care for Women and Men - Best Facial Cleansing Clay for Blackhead, Whitehead, Acne and Pores - 8.8 fl. Oz",
        "price": "$11.66 ($1.32 / Fl Oz)",
        "listPrice": "",
        "imageUrl": "https://m.media-amazon.com/images/I/51C5rWrtmhL._SL160_.jpg",
        "detailPageURL": "https://www.amazon.com/dp/B00UREAGU8",
        "rating": "4.4",
        "totalReviews": "9859",
        "subtitle": "MAJESTIC PURE",
        "isPrimeEligible": "1"
    },
    {
        "ASIN": "B07GB9K25R",
        "title": "Face Masks by Olay, Clay Charcoal Facial Mask Stick, Glow Boost White Charcoal, 1.7 Oz",
        "price": "$5.69 ($3.35 / Ounce)",
        "listPrice": "$9.99 ($5.88 / Ounce)",
        "imageUrl": "https://m.media-amazon.com/images/I/316IeR1Md8L._SL160_.jpg",
        "detailPageURL": "https://www.amazon.com/dp/B07GB9K25R",
        "rating": "4.3",
        "totalReviews": "4354",
        "subtitle": "Olay",
        "isPrimeEligible": "1"
    },
    {
        "ASIN": "B00W3SIY1E",
        "title": "Caudalie Instant Detox Clay Mask - Cleanse and visibly tighten pores in 10 minutes, 2.5 oz.",
        "price": "$42.00 ($16.80 / Fl Oz)",
        "listPrice": "",
        "imageUrl": "https://m.media-amazon.com/images/I/31FF2ejrAOL._SL160_.jpg",
        "detailPageURL": "https://www.amazon.com/dp/B00W3SIY1E",
        "rating": "4.5",
        "totalReviews": "4157",
        "subtitle": "",
        "isPrimeEligible": "1"
    },
    {
        "ASIN": "B072KL32YR",
        "title": "NENA Clay Face Mask Skin Care for All Types of Skins, Facial Moisturizer Masks for Women to Reduce Blackheads and Pores, Natural Beauty Products, 120g",
        "price": "$15.15 ($3.61 / Ounce)",
        "listPrice": "$25.00 ($5.95 / Ounce)",
        "imageUrl": "https://m.media-amazon.com/images/I/31Ha48KStFL._SL160_.jpg",
        "detailPageURL": "https://www.amazon.com/dp/B072KL32YR",
        "rating": "4.5",
        "totalReviews": "136",
        "subtitle": "NENA Glacial Skincare",
        "isPrimeEligible": "0"
    },
    {
        "ASIN": "B0769T666G",
        "title": "L'Or\u00e9al Paris Skincare Pure-Clay Face Mask Trial Size Set, Includes 3 Different Face Masks Made With Charcoal, Red Algae and Eucalyptus, Set",
        "price": "$5.49",
        "listPrice": "$8.99",
        "imageUrl": "https://m.media-amazon.com/images/I/41UCaKx3huL._SL160_.jpg",
        "detailPageURL": "https://www.amazon.com/dp/B0769T666G",
        "rating": "4.3",
        "totalReviews": "1391",
        "subtitle": "L\u2019Or\u00e9al Paris",
        "isPrimeEligible": "1"
    },
    {
        "ASIN": "B003N21THK",
        "title": "FREEMAN Oil Absorbing Mint & Lemon Clay Mask, Facial Mask, Skincare, 6 fl oz tube/175 mL",
        "price": "$5.95 ($0.99 / Ounce)",
        "listPrice": "",
        "imageUrl": "https://m.media-amazon.com/images/I/31ddbtb-zoL._SL160_.jpg",
        "detailPageURL": "https://www.amazon.com/dp/B003N21THK",
        "rating": "4.5",
        "totalReviews": "2887",
        "subtitle": "FREEMAN",
        "isPrimeEligible": "1"
    },
    {
        "ASIN": "B00S7ZPB8Q",
        "title": "Aztec Secret \u2013 Indian Healing Clay 1 lb \u2013 Deep Pore Cleansing Facial & Body Mask \u2013 The Original 100% Natural Calcium Bentonite Clay \u2013 New Version 2",
        "price": "$14.95 ($0.93 / Ounce)",
        "listPrice": "$16.95 ($1.06 / Ounce)",
        "imageUrl": "https://m.media-amazon.com/images/I/51CeIVfokCL._SL160_.jpg",
        "detailPageURL": "https://www.amazon.com/dp/B00S7ZPB8Q",
        "rating": "4.6",
        "totalReviews": "27959",
        "subtitle": "Aztec Secret",
        "isPrimeEligible": "1"
    },
    {
        "ASIN": "B01NCM25K7",
        "title": "New York Biology Dead Sea Mud Mask for Face and Body - Spa Quality Pore Reducer for Acne, Blackheads and Oily Skin, Natural Skincare for Women, Men - Tightens Skin for A Healthier Complexion - 8.8 oz",
        "price": "$17.95 ($2.04 / Ounce)",
        "listPrice": "$24.99 ($2.84 / Ounce)",
        "imageUrl": "https://m.media-amazon.com/images/I/416P4kSw1VL._SL160_.jpg",
        "detailPageURL": "https://www.amazon.com/dp/B01NCM25K7",
        "rating": "4.5",
        "totalReviews": "47041",
        "subtitle": "NEW YORK BIOLOGY THE ULTIMATE COSMECEUTICALS",
        "isPrimeEligible": "1"
    },
    {
        "ASIN": "B0BY1S1PXY",
        "title": "ClayCo! 10 Piece Clay Mask Variety Kit | Rose, Dead Sea, Green Tea, Aloe Vera, 24K Gold | for Men & Women Facial and Skin Care",
        "price": "$13.39 ($379.32 / Ounce)",
        "listPrice": "",
        "imageUrl": "https://m.media-amazon.com/images/I/41coewwG+rL._SL160_.jpg",
        "detailPageURL": "https://www.amazon.com/dp/B0BY1S1PXY",
        "rating": "4.9",
        "totalReviews": "20",
        "subtitle": "ClayCo!",
        "isPrimeEligible": "1"
    },
    {
        "ASIN": "B00UREAGU8",
        "title": "MAJESTIC PURE Dead Sea Mud Mask for Face and Body - Natural Skin Care for Women and Men - Best Facial Cleansing Clay for Blackhead, Whitehead, Acne and Pores - 8.8 fl. Oz",
        "price": "$11.66 ($1.32 / Fl Oz)",
        "listPrice": "",
        "imageUrl": "https://m.media-amazon.com/images/I/51C5rWrtmhL._SL160_.jpg",
        "detailPageURL": "https://www.amazon.com/dp/B00UREAGU8",
        "rating": "4.4",
        "totalReviews": "9859",
        "subtitle": "MAJESTIC PURE",
        "isPrimeEligible": "1"
    },
    {
        "ASIN": "B07GB9K25R",
        "title": "Face Masks by Olay, Clay Charcoal Facial Mask Stick, Glow Boost White Charcoal, 1.7 Oz",
        "price": "$5.69 ($3.35 / Ounce)",
        "listPrice": "$9.99 ($5.88 / Ounce)",
        "imageUrl": "https://m.media-amazon.com/images/I/316IeR1Md8L._SL160_.jpg",
        "detailPageURL": "https://www.amazon.com/dp/B07GB9K25R",
        "rating": "4.3",
        "totalReviews": "4354",
        "subtitle": "Olay",
        "isPrimeEligible": "1"
    },
    {
        "ASIN": "B00W3SIY1E",
        "title": "Caudalie Instant Detox Clay Mask - Cleanse and visibly tighten pores in 10 minutes, 2.5 oz.",
        "price": "$42.00 ($16.80 / Fl Oz)",
        "listPrice": "",
        "imageUrl": "https://m.media-amazon.com/images/I/31FF2ejrAOL._SL160_.jpg",
        "detailPageURL": "https://www.amazon.com/dp/B00W3SIY1E",
        "rating": "4.5",
        "totalReviews": "4157",
        "subtitle": "",
        "isPrimeEligible": "1"
    },
    {
        "ASIN": "B072KL32YR",
        "title": "NENA Clay Face Mask Skin Care for All Types of Skins, Facial Moisturizer Masks for Women to Reduce Blackheads and Pores, Natural Beauty Products, 120g",
        "price": "$15.15 ($3.61 / Ounce)",
        "listPrice": "$25.00 ($5.95 / Ounce)",
        "imageUrl": "https://m.media-amazon.com/images/I/31Ha48KStFL._SL160_.jpg",
        "detailPageURL": "https://www.amazon.com/dp/B072KL32YR",
        "rating": "4.5",
        "totalReviews": "136",
        "subtitle": "NENA Glacial Skincare",
        "isPrimeEligible": "0"
    },
    {
        "ASIN": "B0769T666G",
        "title": "L'Or\u00e9al Paris Skincare Pure-Clay Face Mask Trial Size Set, Includes 3 Different Face Masks Made With Charcoal, Red Algae and Eucalyptus, Set",
        "price": "$5.49",
        "listPrice": "$8.99",
        "imageUrl": "https://m.media-amazon.com/images/I/41UCaKx3huL._SL160_.jpg",
        "detailPageURL": "https://www.amazon.com/dp/B0769T666G",
        "rating": "4.3",
        "totalReviews": "1391",
        "subtitle": "L\u2019Or\u00e9al Paris",
        "isPrimeEligible": "1"
    },
    {
        "ASIN": "B003N21THK",
        "title": "FREEMAN Oil Absorbing Mint & Lemon Clay Mask, Facial Mask, Skincare, 6 fl oz tube/175 mL",
        "price": "$5.95 ($0.99 / Ounce)",
        "listPrice": "",
        "imageUrl": "https://m.media-amazon.com/images/I/31ddbtb-zoL._SL160_.jpg",
        "detailPageURL": "https://www.amazon.com/dp/B003N21THK",
        "rating": "4.5",
        "totalReviews": "2887",
        "subtitle": "FREEMAN",
        "isPrimeEligible": "1"
    },
    {
        "ASIN": "B00S7ZPB8Q",
        "title": "Aztec Secret \u2013 Indian Healing Clay 1 lb \u2013 Deep Pore Cleansing Facial & Body Mask \u2013 The Original 100% Natural Calcium Bentonite Clay \u2013 New Version 2",
        "price": "$14.95 ($0.93 / Ounce)",
        "listPrice": "$16.95 ($1.06 / Ounce)",
        "imageUrl": "https://m.media-amazon.com/images/I/51CeIVfokCL._SL160_.jpg",
        "detailPageURL": "https://www.amazon.com/dp/B00S7ZPB8Q",
        "rating": "4.6",
        "totalReviews": "27959",
        "subtitle": "Aztec Secret",
        "isPrimeEligible": "1"
    },
    {
        "ASIN": "B01NCM25K7",
        "title": "New York Biology Dead Sea Mud Mask for Face and Body - Spa Quality Pore Reducer for Acne, Blackheads and Oily Skin, Natural Skincare for Women, Men - Tightens Skin for A Healthier Complexion - 8.8 oz",
        "price": "$17.95 ($2.04 / Ounce)",
        "listPrice": "$24.99 ($2.84 / Ounce)",
        "imageUrl": "https://m.media-amazon.com/images/I/416P4kSw1VL._SL160_.jpg",
        "detailPageURL": "https://www.amazon.com/dp/B01NCM25K7",
        "rating": "4.5",
        "totalReviews": "47041",
        "subtitle": "NEW YORK BIOLOGY THE ULTIMATE COSMECEUTICALS",
        "isPrimeEligible": "1"
    },
    {
        "ASIN": "B0BJPKX14D",
        "title": "Beauty of Joseon Red Bean Refreshing Pore Mask 140ml, 4.73fl.oz",
        "price": "$20.00 ($4.23 / Fl Oz)",
        "listPrice": "",
        "imageUrl": "https://m.media-amazon.com/images/I/319kURYyvVL._SL160_.jpg",
        "detailPageURL": "https://www.amazon.com/dp/B0BJPKX14D",
        "rating": "4.6",
        "totalReviews": "262",
        "subtitle": "Beauty of Joseon",
        "isPrimeEligible": "1"
    },
    {
        "ASIN": "B00UREAGU8",
        "title": "MAJESTIC PURE Dead Sea Mud Mask for Face and Body - Natural Skin Care for Women and Men - Best Facial Cleansing Clay for Blackhead, Whitehead, Acne and Pores - 8.8 fl. Oz",
        "price": "$11.66 ($1.32 / Fl Oz)",
        "listPrice": "",
        "imageUrl": "https://m.media-amazon.com/images/I/51C5rWrtmhL._SL160_.jpg",
        "detailPageURL": "https://www.amazon.com/dp/B00UREAGU8",
        "rating": "4.4",
        "totalReviews": "9859",
        "subtitle": "MAJESTIC PURE",
        "isPrimeEligible": "1"
    },
    {
        "ASIN": "B07GB9K25R",
        "title": "Face Masks by Olay, Clay Charcoal Facial Mask Stick, Glow Boost White Charcoal, 1.7 Oz",
        "price": "$5.69 ($3.35 / Ounce)",
        "listPrice": "$9.99 ($5.88 / Ounce)",
        "imageUrl": "https://m.media-amazon.com/images/I/316IeR1Md8L._SL160_.jpg",
        "detailPageURL": "https://www.amazon.com/dp/B07GB9K25R",
        "rating": "4.3",
        "totalReviews": "4354",
        "subtitle": "Olay",
        "isPrimeEligible": "1"
    },
    {
        "ASIN": "B00W3SIY1E",
        "title": "Caudalie Instant Detox Clay Mask - Cleanse and visibly tighten pores in 10 minutes, 2.5 oz.",
        "price": "$42.00 ($16.80 / Fl Oz)",
        "listPrice": "",
        "imageUrl": "https://m.media-amazon.com/images/I/31FF2ejrAOL._SL160_.jpg",
        "detailPageURL": "https://www.amazon.com/dp/B00W3SIY1E",
        "rating": "4.5",
        "totalReviews": "4157",
        "subtitle": "",
        "isPrimeEligible": "1"
    },
    {
        "ASIN": "B072KL32YR",
        "title": "NENA Clay Face Mask Skin Care for All Types of Skins, Facial Moisturizer Masks for Women to Reduce Blackheads and Pores, Natural Beauty Products, 120g",
        "price": "$15.15 ($3.61 / Ounce)",
        "listPrice": "$25.00 ($5.95 / Ounce)",
        "imageUrl": "https://m.media-amazon.com/images/I/31Ha48KStFL._SL160_.jpg",
        "detailPageURL": "https://www.amazon.com/dp/B072KL32YR",
        "rating": "4.5",
        "totalReviews": "136",
        "subtitle": "NENA Glacial Skincare",
        "isPrimeEligible": "0"
    },
    {
        "ASIN": "B0769T666G",
        "title": "L'Or\u00e9al Paris Skincare Pure-Clay Face Mask Trial Size Set, Includes 3 Different Face Masks Made With Charcoal, Red Algae and Eucalyptus, Set",
        "price": "$5.49",
        "listPrice": "$8.99",
        "imageUrl": "https://m.media-amazon.com/images/I/41UCaKx3huL._SL160_.jpg",
        "detailPageURL": "https://www.amazon.com/dp/B0769T666G",
        "rating": "4.3",
        "totalReviews": "1391",
        "subtitle": "L\u2019Or\u00e9al Paris",
        "isPrimeEligible": "1"
    },
    {
        "ASIN": "B003N21THK",
        "title": "FREEMAN Oil Absorbing Mint & Lemon Clay Mask, Facial Mask, Skincare, 6 fl oz tube/175 mL",
        "price": "$5.95 ($0.99 / Ounce)",
        "listPrice": "",
        "imageUrl": "https://m.media-amazon.com/images/I/31ddbtb-zoL._SL160_.jpg",
        "detailPageURL": "https://www.amazon.com/dp/B003N21THK",
        "rating": "4.5",
        "totalReviews": "2887",
        "subtitle": "FREEMAN",
        "isPrimeEligible": "1"
    },
    {
        "ASIN": "B00S7ZPB8Q",
        "title": "Aztec Secret \u2013 Indian Healing Clay 1 lb \u2013 Deep Pore Cleansing Facial & Body Mask \u2013 The Original 100% Natural Calcium Bentonite Clay \u2013 New Version 2",
        "price": "$14.95 ($0.93 / Ounce)",
        "listPrice": "$16.95 ($1.06 / Ounce)",
        "imageUrl": "https://m.media-amazon.com/images/I/51CeIVfokCL._SL160_.jpg",
        "detailPageURL": "https://www.amazon.com/dp/B00S7ZPB8Q",
        "rating": "4.6",
        "totalReviews": "27959",
        "subtitle": "Aztec Secret",
        "isPrimeEligible": "1"
    },
    {
        "ASIN": "B01NCM25K7",
        "title": "New York Biology Dead Sea Mud Mask for Face and Body - Spa Quality Pore Reducer for Acne, Blackheads and Oily Skin, Natural Skincare for Women, Men - Tightens Skin for A Healthier Complexion - 8.8 oz",
        "price": "$17.95 ($2.04 / Ounce)",
        "listPrice": "$24.99 ($2.84 / Ounce)",
        "imageUrl": "https://m.media-amazon.com/images/I/416P4kSw1VL._SL160_.jpg",
        "detailPageURL": "https://www.amazon.com/dp/B01NCM25K7",
        "rating": "4.5",
        "totalReviews": "47041",
        "subtitle": "NEW YORK BIOLOGY THE ULTIMATE COSMECEUTICALS",
        "isPrimeEligible": "1"
    },
    {
        "ASIN": "B0BJPKX14D",
        "title": "Beauty of Joseon Red Bean Refreshing Pore Mask 140ml, 4.73fl.oz",
        "price": "$20.00 ($4.23 / Fl Oz)",
        "listPrice": "",
        "imageUrl": "https://m.media-amazon.com/images/I/319kURYyvVL._SL160_.jpg",
        "detailPageURL": "https://www.amazon.com/dp/B0BJPKX14D",
        "rating": "4.6",
        "totalReviews": "262",
        "subtitle": "Beauty of Joseon",
        "isPrimeEligible": "1"
    },
    {
        "ASIN": "B0014272VI",
        "title": "QUEEN HELENE Masque Mint Julep 8 oz, for Smoothening",
        "price": "$9.95 ($1.24 / Ounce)",
        "listPrice": "",
        "imageUrl": "https://m.media-amazon.com/images/I/41z0eHLCU4L._SL160_.jpg",
        "detailPageURL": "https://www.amazon.com/dp/B0014272VI",
        "rating": "4.7",
        "totalReviews": "6832",
        "subtitle": "Queen Helene",
        "isPrimeEligible": "1"
    },
    {
        "ASIN": "B07GB9K25R",
        "title": "Face Masks by Olay, Clay Charcoal Facial Mask Stick, Glow Boost White Charcoal, 1.7 Oz",
        "price": "$5.69 ($3.35 / Ounce)",
        "listPrice": "$9.99 ($5.88 / Ounce)",
        "imageUrl": "https://m.media-amazon.com/images/I/316IeR1Md8L._SL160_.jpg",
        "detailPageURL": "https://www.amazon.com/dp/B07GB9K25R",
        "rating": "4.3",
        "totalReviews": "4354",
        "subtitle": "Olay",
        "isPrimeEligible": "1"
    },
    {
        "ASIN": "B00W3SIY1E",
        "title": "Caudalie Instant Detox Clay Mask - Cleanse and visibly tighten pores in 10 minutes, 2.5 oz.",
        "price": "$42.00 ($16.80 / Fl Oz)",
        "listPrice": "",
        "imageUrl": "https://m.media-amazon.com/images/I/31FF2ejrAOL._SL160_.jpg",
        "detailPageURL": "https://www.amazon.com/dp/B00W3SIY1E",
        "rating": "4.5",
        "totalReviews": "4157",
        "subtitle": "",
        "isPrimeEligible": "1"
    },
    {
        "ASIN": "B072KL32YR",
        "title": "NENA Clay Face Mask Skin Care for All Types of Skins, Facial Moisturizer Masks for Women to Reduce Blackheads and Pores, Natural Beauty Products, 120g",
        "price": "$15.15 ($3.61 / Ounce)",
        "listPrice": "$25.00 ($5.95 / Ounce)",
        "imageUrl": "https://m.media-amazon.com/images/I/31Ha48KStFL._SL160_.jpg",
        "detailPageURL": "https://www.amazon.com/dp/B072KL32YR",
        "rating": "4.5",
        "totalReviews": "136",
        "subtitle": "NENA Glacial Skincare",
        "isPrimeEligible": "0"
    },
    {
        "ASIN": "B0769T666G",
        "title": "L'Or\u00e9al Paris Skincare Pure-Clay Face Mask Trial Size Set, Includes 3 Different Face Masks Made With Charcoal, Red Algae and Eucalyptus, Set",
        "price": "$5.49",
        "listPrice": "$8.99",
        "imageUrl": "https://m.media-amazon.com/images/I/41UCaKx3huL._SL160_.jpg",
        "detailPageURL": "https://www.amazon.com/dp/B0769T666G",
        "rating": "4.3",
        "totalReviews": "1391",
        "subtitle": "L\u2019Or\u00e9al Paris",
        "isPrimeEligible": "1"
    },
    {
        "ASIN": "B003N21THK",
        "title": "FREEMAN Oil Absorbing Mint & Lemon Clay Mask, Facial Mask, Skincare, 6 fl oz tube/175 mL",
        "price": "$5.95 ($0.99 / Ounce)",
        "listPrice": "",
        "imageUrl": "https://m.media-amazon.com/images/I/31ddbtb-zoL._SL160_.jpg",
        "detailPageURL": "https://www.amazon.com/dp/B003N21THK",
        "rating": "4.5",
        "totalReviews": "2887",
        "subtitle": "FREEMAN",
        "isPrimeEligible": "1"
    },
    {
        "ASIN": "B00S7ZPB8Q",
        "title": "Aztec Secret \u2013 Indian Healing Clay 1 lb \u2013 Deep Pore Cleansing Facial & Body Mask \u2013 The Original 100% Natural Calcium Bentonite Clay \u2013 New Version 2",
        "price": "$14.95 ($0.93 / Ounce)",
        "listPrice": "$16.95 ($1.06 / Ounce)",
        "imageUrl": "https://m.media-amazon.com/images/I/51CeIVfokCL._SL160_.jpg",
        "detailPageURL": "https://www.amazon.com/dp/B00S7ZPB8Q",
        "rating": "4.6",
        "totalReviews": "27959",
        "subtitle": "Aztec Secret",
        "isPrimeEligible": "1"
    },
    {
        "ASIN": "B01NCM25K7",
        "title": "New York Biology Dead Sea Mud Mask for Face and Body - Spa Quality Pore Reducer for Acne, Blackheads and Oily Skin, Natural Skincare for Women, Men - Tightens Skin for A Healthier Complexion - 8.8 oz",
        "price": "$17.95 ($2.04 / Ounce)",
        "listPrice": "$24.99 ($2.84 / Ounce)",
        "imageUrl": "https://m.media-amazon.com/images/I/416P4kSw1VL._SL160_.jpg",
        "detailPageURL": "https://www.amazon.com/dp/B01NCM25K7",
        "rating": "4.5",
        "totalReviews": "47041",
        "subtitle": "NEW YORK BIOLOGY THE ULTIMATE COSMECEUTICALS",
        "isPrimeEligible": "1"
    },
    {
        "ASIN": "B0BJPKX14D",
        "title": "Beauty of Joseon Red Bean Refreshing Pore Mask 140ml, 4.73fl.oz",
        "price": "$20.00 ($4.23 / Fl Oz)",
        "listPrice": "",
        "imageUrl": "https://m.media-amazon.com/images/I/319kURYyvVL._SL160_.jpg",
        "detailPageURL": "https://www.amazon.com/dp/B0BJPKX14D",
        "rating": "4.6",
        "totalReviews": "262",
        "subtitle": "Beauty of Joseon",
        "isPrimeEligible": "1"
    },
    {
        "ASIN": "B0014272VI",
        "title": "QUEEN HELENE Masque Mint Julep 8 oz, for Smoothening",
        "price": "$9.95 ($1.24 / Ounce)",
        "listPrice": "",
        "imageUrl": "https://m.media-amazon.com/images/I/41z0eHLCU4L._SL160_.jpg",
        "detailPageURL": "https://www.amazon.com/dp/B0014272VI",
        "rating": "4.7",
        "totalReviews": "6832",
        "subtitle": "Queen Helene",
        "isPrimeEligible": "1"
    },
    {
        "ASIN": "B0BTHS5629",
        "title": "Strawberry Clay Mask for Face, Pink Clay Facial Mask Skin Care Improve Blackheads Acne Dark Spots, Deep Cleansing Face Mask Control Oil and Refining Pores, 4.2 OZ (Strawberry)",
        "price": "$9.99 ($2.38 / Ounce)",
        "listPrice": "",
        "imageUrl": "https://m.media-amazon.com/images/I/414+Xm7EOQL._SL160_.jpg",
        "detailPageURL": "https://www.amazon.com/dp/B0BTHS5629",
        "rating": "4.8",
        "totalReviews": "14",
        "subtitle": "Tamoskiny",
        "isPrimeEligible": "1"
    },
    {
        "ASIN": "B00W3SIY1E",
        "title": "Caudalie Instant Detox Clay Mask - Cleanse and visibly tighten pores in 10 minutes, 2.5 oz.",
        "price": "$42.00 ($16.80 / Fl Oz)",
        "listPrice": "",
        "imageUrl": "https://m.media-amazon.com/images/I/31FF2ejrAOL._SL160_.jpg",
        "detailPageURL": "https://www.amazon.com/dp/B00W3SIY1E",
        "rating": "4.5",
        "totalReviews": "4157",
        "subtitle": "",
        "isPrimeEligible": "1"
    },
    {
        "ASIN": "B072KL32YR",
        "title": "NENA Clay Face Mask Skin Care for All Types of Skins, Facial Moisturizer Masks for Women to Reduce Blackheads and Pores, Natural Beauty Products, 120g",
        "price": "$15.15 ($3.61 / Ounce)",
        "listPrice": "$25.00 ($5.95 / Ounce)",
        "imageUrl": "https://m.media-amazon.com/images/I/31Ha48KStFL._SL160_.jpg",
        "detailPageURL": "https://www.amazon.com/dp/B072KL32YR",
        "rating": "4.5",
        "totalReviews": "136",
        "subtitle": "NENA Glacial Skincare",
        "isPrimeEligible": "0"
    },
    {
        "ASIN": "B0769T666G",
        "title": "L'Or\u00e9al Paris Skincare Pure-Clay Face Mask Trial Size Set, Includes 3 Different Face Masks Made With Charcoal, Red Algae and Eucalyptus, Set",
        "price": "$5.49",
        "listPrice": "$8.99",
        "imageUrl": "https://m.media-amazon.com/images/I/41UCaKx3huL._SL160_.jpg",
        "detailPageURL": "https://www.amazon.com/dp/B0769T666G",
        "rating": "4.3",
        "totalReviews": "1391",
        "subtitle": "L\u2019Or\u00e9al Paris",
        "isPrimeEligible": "1"
    },
    {
        "ASIN": "B003N21THK",
        "title": "FREEMAN Oil Absorbing Mint & Lemon Clay Mask, Facial Mask, Skincare, 6 fl oz tube/175 mL",
        "price": "$5.95 ($0.99 / Ounce)",
        "listPrice": "",
        "imageUrl": "https://m.media-amazon.com/images/I/31ddbtb-zoL._SL160_.jpg",
        "detailPageURL": "https://www.amazon.com/dp/B003N21THK",
        "rating": "4.5",
        "totalReviews": "2887",
        "subtitle": "FREEMAN",
        "isPrimeEligible": "1"
    },
    {
        "ASIN": "B00S7ZPB8Q",
        "title": "Aztec Secret \u2013 Indian Healing Clay 1 lb \u2013 Deep Pore Cleansing Facial & Body Mask \u2013 The Original 100% Natural Calcium Bentonite Clay \u2013 New Version 2",
        "price": "$14.95 ($0.93 / Ounce)",
        "listPrice": "$16.95 ($1.06 / Ounce)",
        "imageUrl": "https://m.media-amazon.com/images/I/51CeIVfokCL._SL160_.jpg",
        "detailPageURL": "https://www.amazon.com/dp/B00S7ZPB8Q",
        "rating": "4.6",
        "totalReviews": "27959",
        "subtitle": "Aztec Secret",
        "isPrimeEligible": "1"
    },
    {
        "ASIN": "B01NCM25K7",
        "title": "New York Biology Dead Sea Mud Mask for Face and Body - Spa Quality Pore Reducer for Acne, Blackheads and Oily Skin, Natural Skincare for Women, Men - Tightens Skin for A Healthier Complexion - 8.8 oz",
        "price": "$17.95 ($2.04 / Ounce)",
        "listPrice": "$24.99 ($2.84 / Ounce)",
        "imageUrl": "https://m.media-amazon.com/images/I/416P4kSw1VL._SL160_.jpg",
        "detailPageURL": "https://www.amazon.com/dp/B01NCM25K7",
        "rating": "4.5",
        "totalReviews": "47041",
        "subtitle": "NEW YORK BIOLOGY THE ULTIMATE COSMECEUTICALS",
        "isPrimeEligible": "1"
    },
    {
        "ASIN": "B0BJPKX14D",
        "title": "Beauty of Joseon Red Bean Refreshing Pore Mask 140ml, 4.73fl.oz",
        "price": "$20.00 ($4.23 / Fl Oz)",
        "listPrice": "",
        "imageUrl": "https://m.media-amazon.com/images/I/319kURYyvVL._SL160_.jpg",
        "detailPageURL": "https://www.amazon.com/dp/B0BJPKX14D",
        "rating": "4.6",
        "totalReviews": "262",
        "subtitle": "Beauty of Joseon",
        "isPrimeEligible": "1"
    },
    {
        "ASIN": "B0014272VI",
        "title": "QUEEN HELENE Masque Mint Julep 8 oz, for Smoothening",
        "price": "$9.95 ($1.24 / Ounce)",
        "listPrice": "",
        "imageUrl": "https://m.media-amazon.com/images/I/41z0eHLCU4L._SL160_.jpg",
        "detailPageURL": "https://www.amazon.com/dp/B0014272VI",
        "rating": "4.7",
        "totalReviews": "6832",
        "subtitle": "Queen Helene",
        "isPrimeEligible": "1"
    },
    {
        "ASIN": "B0BTHS5629",
        "title": "Strawberry Clay Mask for Face, Pink Clay Facial Mask Skin Care Improve Blackheads Acne Dark Spots, Deep Cleansing Face Mask Control Oil and Refining Pores, 4.2 OZ (Strawberry)",
        "price": "$9.99 ($2.38 / Ounce)",
        "listPrice": "",
        "imageUrl": "https://m.media-amazon.com/images/I/414+Xm7EOQL._SL160_.jpg",
        "detailPageURL": "https://www.amazon.com/dp/B0BTHS5629",
        "rating": "4.8",
        "totalReviews": "14",
        "subtitle": "Tamoskiny",
        "isPrimeEligible": "1"
    },
    {
        "ASIN": "B091J2MFHS",
        "title": "YARELI Bentonite Clay Powder Facial Mask & Detox Bath, Also Known as Indian Healing Clay 2lb (32oz)",
        "price": "$9.99 ($0.31 / Ounce)",
        "listPrice": "",
        "imageUrl": "https://m.media-amazon.com/images/I/41hZqAzW2LL._SL160_.jpg",
        "detailPageURL": "https://www.amazon.com/dp/B091J2MFHS",
        "rating": "4.6",
        "totalReviews": "1017",
        "subtitle": "YARELI",
        "isPrimeEligible": "1"
    },
    {
        "ASIN": "B072KL32YR",
        "title": "NENA Clay Face Mask Skin Care for All Types of Skins, Facial Moisturizer Masks for Women to Reduce Blackheads and Pores, Natural Beauty Products, 120g",
        "price": "$15.15 ($3.61 / Ounce)",
        "listPrice": "$25.00 ($5.95 / Ounce)",
        "imageUrl": "https://m.media-amazon.com/images/I/31Ha48KStFL._SL160_.jpg",
        "detailPageURL": "https://www.amazon.com/dp/B072KL32YR",
        "rating": "4.5",
        "totalReviews": "136",
        "subtitle": "NENA Glacial Skincare",
        "isPrimeEligible": "0"
    },
    {
        "ASIN": "B0769T666G",
        "title": "L'Or\u00e9al Paris Skincare Pure-Clay Face Mask Trial Size Set, Includes 3 Different Face Masks Made With Charcoal, Red Algae and Eucalyptus, Set",
        "price": "$5.49",
        "listPrice": "$8.99",
        "imageUrl": "https://m.media-amazon.com/images/I/41UCaKx3huL._SL160_.jpg",
        "detailPageURL": "https://www.amazon.com/dp/B0769T666G",
        "rating": "4.3",
        "totalReviews": "1391",
        "subtitle": "L\u2019Or\u00e9al Paris",
        "isPrimeEligible": "1"
    },
    {
        "ASIN": "B003N21THK",
        "title": "FREEMAN Oil Absorbing Mint & Lemon Clay Mask, Facial Mask, Skincare, 6 fl oz tube/175 mL",
        "price": "$5.95 ($0.99 / Ounce)",
        "listPrice": "",
        "imageUrl": "https://m.media-amazon.com/images/I/31ddbtb-zoL._SL160_.jpg",
        "detailPageURL": "https://www.amazon.com/dp/B003N21THK",
        "rating": "4.5",
        "totalReviews": "2887",
        "subtitle": "FREEMAN",
        "isPrimeEligible": "1"
    },
    {
        "ASIN": "B00S7ZPB8Q",
        "title": "Aztec Secret \u2013 Indian Healing Clay 1 lb \u2013 Deep Pore Cleansing Facial & Body Mask \u2013 The Original 100% Natural Calcium Bentonite Clay \u2013 New Version 2",
        "price": "$14.95 ($0.93 / Ounce)",
        "listPrice": "$16.95 ($1.06 / Ounce)",
        "imageUrl": "https://m.media-amazon.com/images/I/51CeIVfokCL._SL160_.jpg",
        "detailPageURL": "https://www.amazon.com/dp/B00S7ZPB8Q",
        "rating": "4.6",
        "totalReviews": "27959",
        "subtitle": "Aztec Secret",
        "isPrimeEligible": "1"
    },
    {
        "ASIN": "B01NCM25K7",
        "title": "New York Biology Dead Sea Mud Mask for Face and Body - Spa Quality Pore Reducer for Acne, Blackheads and Oily Skin, Natural Skincare for Women, Men - Tightens Skin for A Healthier Complexion - 8.8 oz",
        "price": "$17.95 ($2.04 / Ounce)",
        "listPrice": "$24.99 ($2.84 / Ounce)",
        "imageUrl": "https://m.media-amazon.com/images/I/416P4kSw1VL._SL160_.jpg",
        "detailPageURL": "https://www.amazon.com/dp/B01NCM25K7",
        "rating": "4.5",
        "totalReviews": "47041",
        "subtitle": "NEW YORK BIOLOGY THE ULTIMATE COSMECEUTICALS",
        "isPrimeEligible": "1"
    },
    {
        "ASIN": "B0BJPKX14D",
        "title": "Beauty of Joseon Red Bean Refreshing Pore Mask 140ml, 4.73fl.oz",
        "price": "$20.00 ($4.23 / Fl Oz)",
        "listPrice": "",
        "imageUrl": "https://m.media-amazon.com/images/I/319kURYyvVL._SL160_.jpg",
        "detailPageURL": "https://www.amazon.com/dp/B0BJPKX14D",
        "rating": "4.6",
        "totalReviews": "262",
        "subtitle": "Beauty of Joseon",
        "isPrimeEligible": "1"
    },
    {
        "ASIN": "B0014272VI",
        "title": "QUEEN HELENE Masque Mint Julep 8 oz, for Smoothening",
        "price": "$9.95 ($1.24 / Ounce)",
        "listPrice": "",
        "imageUrl": "https://m.media-amazon.com/images/I/41z0eHLCU4L._SL160_.jpg",
        "detailPageURL": "https://www.amazon.com/dp/B0014272VI",
        "rating": "4.7",
        "totalReviews": "6832",
        "subtitle": "Queen Helene",
        "isPrimeEligible": "1"
    },
    {
        "ASIN": "B0BTHS5629",
        "title": "Strawberry Clay Mask for Face, Pink Clay Facial Mask Skin Care Improve Blackheads Acne Dark Spots, Deep Cleansing Face Mask Control Oil and Refining Pores, 4.2 OZ (Strawberry)",
        "price": "$9.99 ($2.38 / Ounce)",
        "listPrice": "",
        "imageUrl": "https://m.media-amazon.com/images/I/414+Xm7EOQL._SL160_.jpg",
        "detailPageURL": "https://www.amazon.com/dp/B0BTHS5629",
        "rating": "4.8",
        "totalReviews": "14",
        "subtitle": "Tamoskiny",
        "isPrimeEligible": "1"
    },
    {
        "ASIN": "B091J2MFHS",
        "title": "YARELI Bentonite Clay Powder Facial Mask & Detox Bath, Also Known as Indian Healing Clay 2lb (32oz)",
        "price": "$9.99 ($0.31 / Ounce)",
        "listPrice": "",
        "imageUrl": "https://m.media-amazon.com/images/I/41hZqAzW2LL._SL160_.jpg",
        "detailPageURL": "https://www.amazon.com/dp/B091J2MFHS",
        "rating": "4.6",
        "totalReviews": "1017",
        "subtitle": "YARELI",
        "isPrimeEligible": "1"
    },
    {
        "ASIN": "B0BYJC6YZR",
        "title": "Pjordo 4 Pcs Clay Mask Set, Turmeric Vitamin C Clay Mask, Dead Sea Mud Mask, Avocado Clay Mask, Rose Clay Mask, Face Mask Skin Care Set, Self Care Gifts for Women, 2.82 Oz Each",
        "price": "$15.99 ($1.42 / Ounce)",
        "listPrice": "",
        "imageUrl": "https://m.media-amazon.com/images/I/516O8oTmdWL._SL160_.jpg",
        "detailPageURL": "https://www.amazon.com/dp/B0BYJC6YZR",
        "rating": "4.1",
        "totalReviews": "17",
        "subtitle": "Pjordo",
        "isPrimeEligible": "1"
    },
    {
        "ASIN": "B0769T666G",
        "title": "L'Or\u00e9al Paris Skincare Pure-Clay Face Mask Trial Size Set, Includes 3 Different Face Masks Made With Charcoal, Red Algae and Eucalyptus, Set",
        "price": "$5.49",
        "listPrice": "$8.99",
        "imageUrl": "https://m.media-amazon.com/images/I/41UCaKx3huL._SL160_.jpg",
        "detailPageURL": "https://www.amazon.com/dp/B0769T666G",
        "rating": "4.3",
        "totalReviews": "1391",
        "subtitle": "L\u2019Or\u00e9al Paris",
        "isPrimeEligible": "1"
    },
    {
        "ASIN": "B003N21THK",
        "title": "FREEMAN Oil Absorbing Mint & Lemon Clay Mask, Facial Mask, Skincare, 6 fl oz tube/175 mL",
        "price": "$5.95 ($0.99 / Ounce)",
        "listPrice": "",
        "imageUrl": "https://m.media-amazon.com/images/I/31ddbtb-zoL._SL160_.jpg",
        "detailPageURL": "https://www.amazon.com/dp/B003N21THK",
        "rating": "4.5",
        "totalReviews": "2887",
        "subtitle": "FREEMAN",
        "isPrimeEligible": "1"
    },
    {
        "ASIN": "B00S7ZPB8Q",
        "title": "Aztec Secret \u2013 Indian Healing Clay 1 lb \u2013 Deep Pore Cleansing Facial & Body Mask \u2013 The Original 100% Natural Calcium Bentonite Clay \u2013 New Version 2",
        "price": "$14.95 ($0.93 / Ounce)",
        "listPrice": "$16.95 ($1.06 / Ounce)",
        "imageUrl": "https://m.media-amazon.com/images/I/51CeIVfokCL._SL160_.jpg",
        "detailPageURL": "https://www.amazon.com/dp/B00S7ZPB8Q",
        "rating": "4.6",
        "totalReviews": "27959",
        "subtitle": "Aztec Secret",
        "isPrimeEligible": "1"
    },
    {
        "ASIN": "B01NCM25K7",
        "title": "New York Biology Dead Sea Mud Mask for Face and Body - Spa Quality Pore Reducer for Acne, Blackheads and Oily Skin, Natural Skincare for Women, Men - Tightens Skin for A Healthier Complexion - 8.8 oz",
        "price": "$17.95 ($2.04 / Ounce)",
        "listPrice": "$24.99 ($2.84 / Ounce)",
        "imageUrl": "https://m.media-amazon.com/images/I/416P4kSw1VL._SL160_.jpg",
        "detailPageURL": "https://www.amazon.com/dp/B01NCM25K7",
        "rating": "4.5",
        "totalReviews": "47041",
        "subtitle": "NEW YORK BIOLOGY THE ULTIMATE COSMECEUTICALS",
        "isPrimeEligible": "1"
    },
    {
        "ASIN": "B0BJPKX14D",
        "title": "Beauty of Joseon Red Bean Refreshing Pore Mask 140ml, 4.73fl.oz",
        "price": "$20.00 ($4.23 / Fl Oz)",
        "listPrice": "",
        "imageUrl": "https://m.media-amazon.com/images/I/319kURYyvVL._SL160_.jpg",
        "detailPageURL": "https://www.amazon.com/dp/B0BJPKX14D",
        "rating": "4.6",
        "totalReviews": "262",
        "subtitle": "Beauty of Joseon",
        "isPrimeEligible": "1"
    },
    {
        "ASIN": "B0014272VI",
        "title": "QUEEN HELENE Masque Mint Julep 8 oz, for Smoothening",
        "price": "$9.95 ($1.24 / Ounce)",
        "listPrice": "",
        "imageUrl": "https://m.media-amazon.com/images/I/41z0eHLCU4L._SL160_.jpg",
        "detailPageURL": "https://www.amazon.com/dp/B0014272VI",
        "rating": "4.7",
        "totalReviews": "6832",
        "subtitle": "Queen Helene",
        "isPrimeEligible": "1"
    },
    {
        "ASIN": "B0BTHS5629",
        "title": "Strawberry Clay Mask for Face, Pink Clay Facial Mask Skin Care Improve Blackheads Acne Dark Spots, Deep Cleansing Face Mask Control Oil and Refining Pores, 4.2 OZ (Strawberry)",
        "price": "$9.99 ($2.38 / Ounce)",
        "listPrice": "",
        "imageUrl": "https://m.media-amazon.com/images/I/414+Xm7EOQL._SL160_.jpg",
        "detailPageURL": "https://www.amazon.com/dp/B0BTHS5629",
        "rating": "4.8",
        "totalReviews": "14",
        "subtitle": "Tamoskiny",
        "isPrimeEligible": "1"
    },
    {
        "ASIN": "B091J2MFHS",
        "title": "YARELI Bentonite Clay Powder Facial Mask & Detox Bath, Also Known as Indian Healing Clay 2lb (32oz)",
        "price": "$9.99 ($0.31 / Ounce)",
        "listPrice": "",
        "imageUrl": "https://m.media-amazon.com/images/I/41hZqAzW2LL._SL160_.jpg",
        "detailPageURL": "https://www.amazon.com/dp/B091J2MFHS",
        "rating": "4.6",
        "totalReviews": "1017",
        "subtitle": "YARELI",
        "isPrimeEligible": "1"
    },
    {
        "ASIN": "B0BYJC6YZR",
        "title": "Pjordo 4 Pcs Clay Mask Set, Turmeric Vitamin C Clay Mask, Dead Sea Mud Mask, Avocado Clay Mask, Rose Clay Mask, Face Mask Skin Care Set, Self Care Gifts for Women, 2.82 Oz Each",
        "price": "$15.99 ($1.42 / Ounce)",
        "listPrice": "",
        "imageUrl": "https://m.media-amazon.com/images/I/516O8oTmdWL._SL160_.jpg",
        "detailPageURL": "https://www.amazon.com/dp/B0BYJC6YZR",
        "rating": "4.1",
        "totalReviews": "17",
        "subtitle": "Pjordo",
        "isPrimeEligible": "1"
    },
    {
        "ASIN": "B07BW4Y32X",
        "title": "Fresh Umbrian Clay Purifying Facial Mask 1 oz",
        "price": "$17.12",
        "listPrice": "$23.00",
        "imageUrl": "https://m.media-amazon.com/images/I/31KGFCp5zJL._SL160_.jpg",
        "detailPageURL": "https://www.amazon.com/dp/B07BW4Y32X",
        "rating": "4.4",
        "totalReviews": "33",
        "subtitle": "Fresh",
        "isPrimeEligible": "1"
    },
    {
        "ASIN": "B003N21THK",
        "title": "FREEMAN Oil Absorbing Mint & Lemon Clay Mask, Facial Mask, Skincare, 6 fl oz tube/175 mL",
        "price": "$5.95 ($0.99 / Ounce)",
        "listPrice": "",
        "imageUrl": "https://m.media-amazon.com/images/I/31ddbtb-zoL._SL160_.jpg",
        "detailPageURL": "https://www.amazon.com/dp/B003N21THK",
        "rating": "4.5",
        "totalReviews": "2887",
        "subtitle": "FREEMAN",
        "isPrimeEligible": "1"
    },
    {
        "ASIN": "B00S7ZPB8Q",
        "title": "Aztec Secret \u2013 Indian Healing Clay 1 lb \u2013 Deep Pore Cleansing Facial & Body Mask \u2013 The Original 100% Natural Calcium Bentonite Clay \u2013 New Version 2",
        "price": "$14.95 ($0.93 / Ounce)",
        "listPrice": "$16.95 ($1.06 / Ounce)",
        "imageUrl": "https://m.media-amazon.com/images/I/51CeIVfokCL._SL160_.jpg",
        "detailPageURL": "https://www.amazon.com/dp/B00S7ZPB8Q",
        "rating": "4.6",
        "totalReviews": "27959",
        "subtitle": "Aztec Secret",
        "isPrimeEligible": "1"
    },
    {
        "ASIN": "B01NCM25K7",
        "title": "New York Biology Dead Sea Mud Mask for Face and Body - Spa Quality Pore Reducer for Acne, Blackheads and Oily Skin, Natural Skincare for Women, Men - Tightens Skin for A Healthier Complexion - 8.8 oz",
        "price": "$17.95 ($2.04 / Ounce)",
        "listPrice": "$24.99 ($2.84 / Ounce)",
        "imageUrl": "https://m.media-amazon.com/images/I/416P4kSw1VL._SL160_.jpg",
        "detailPageURL": "https://www.amazon.com/dp/B01NCM25K7",
        "rating": "4.5",
        "totalReviews": "47041",
        "subtitle": "NEW YORK BIOLOGY THE ULTIMATE COSMECEUTICALS",
        "isPrimeEligible": "1"
    },
    {
        "ASIN": "B0BJPKX14D",
        "title": "Beauty of Joseon Red Bean Refreshing Pore Mask 140ml, 4.73fl.oz",
        "price": "$20.00 ($4.23 / Fl Oz)",
        "listPrice": "",
        "imageUrl": "https://m.media-amazon.com/images/I/319kURYyvVL._SL160_.jpg",
        "detailPageURL": "https://www.amazon.com/dp/B0BJPKX14D",
        "rating": "4.6",
        "totalReviews": "262",
        "subtitle": "Beauty of Joseon",
        "isPrimeEligible": "1"
    },
    {
        "ASIN": "B0014272VI",
        "title": "QUEEN HELENE Masque Mint Julep 8 oz, for Smoothening",
        "price": "$9.95 ($1.24 / Ounce)",
        "listPrice": "",
        "imageUrl": "https://m.media-amazon.com/images/I/41z0eHLCU4L._SL160_.jpg",
        "detailPageURL": "https://www.amazon.com/dp/B0014272VI",
        "rating": "4.7",
        "totalReviews": "6832",
        "subtitle": "Queen Helene",
        "isPrimeEligible": "1"
    },
    {
        "ASIN": "B0BTHS5629",
        "title": "Strawberry Clay Mask for Face, Pink Clay Facial Mask Skin Care Improve Blackheads Acne Dark Spots, Deep Cleansing Face Mask Control Oil and Refining Pores, 4.2 OZ (Strawberry)",
        "price": "$9.99 ($2.38 / Ounce)",
        "listPrice": "",
        "imageUrl": "https://m.media-amazon.com/images/I/414+Xm7EOQL._SL160_.jpg",
        "detailPageURL": "https://www.amazon.com/dp/B0BTHS5629",
        "rating": "4.8",
        "totalReviews": "14",
        "subtitle": "Tamoskiny",
        "isPrimeEligible": "1"
    },
    {
        "ASIN": "B091J2MFHS",
        "title": "YARELI Bentonite Clay Powder Facial Mask & Detox Bath, Also Known as Indian Healing Clay 2lb (32oz)",
        "price": "$9.99 ($0.31 / Ounce)",
        "listPrice": "",
        "imageUrl": "https://m.media-amazon.com/images/I/41hZqAzW2LL._SL160_.jpg",
        "detailPageURL": "https://www.amazon.com/dp/B091J2MFHS",
        "rating": "4.6",
        "totalReviews": "1017",
        "subtitle": "YARELI",
        "isPrimeEligible": "1"
    },
    {
        "ASIN": "B0BYJC6YZR",
        "title": "Pjordo 4 Pcs Clay Mask Set, Turmeric Vitamin C Clay Mask, Dead Sea Mud Mask, Avocado Clay Mask, Rose Clay Mask, Face Mask Skin Care Set, Self Care Gifts for Women, 2.82 Oz Each",
        "price": "$15.99 ($1.42 / Ounce)",
        "listPrice": "",
        "imageUrl": "https://m.media-amazon.com/images/I/516O8oTmdWL._SL160_.jpg",
        "detailPageURL": "https://www.amazon.com/dp/B0BYJC6YZR",
        "rating": "4.1",
        "totalReviews": "17",
        "subtitle": "Pjordo",
        "isPrimeEligible": "1"
    },
    {
        "ASIN": "B07BW4Y32X",
        "title": "Fresh Umbrian Clay Purifying Facial Mask 1 oz",
        "price": "$17.12",
        "listPrice": "$23.00",
        "imageUrl": "https://m.media-amazon.com/images/I/31KGFCp5zJL._SL160_.jpg",
        "detailPageURL": "https://www.amazon.com/dp/B07BW4Y32X",
        "rating": "4.4",
        "totalReviews": "33",
        "subtitle": "Fresh",
        "isPrimeEligible": "1"
    },
    {
        "ASIN": "B0991FC8BG",
        "title": "COSRX Pink Pore Clarifying Charcoal Mask 3.8 fl. oz / 110g Blackheads, Pores, Acne Control, Color Changing Fun Skincare, Detox Face Clay Mask, Wash Off Type",
        "price": "$20.96 ($5.52 / Fl Oz)",
        "listPrice": "",
        "imageUrl": "https://m.media-amazon.com/images/I/41qGxW-24WL._SL160_.jpg",
        "detailPageURL": "https://www.amazon.com/dp/B0991FC8BG",
        "rating": "4.4",
        "totalReviews": "210",
        "subtitle": "COSRX",
        "isPrimeEligible": "1"
    },
    {
        "ASIN": "B00S7ZPB8Q",
        "title": "Aztec Secret \u2013 Indian Healing Clay 1 lb \u2013 Deep Pore Cleansing Facial & Body Mask \u2013 The Original 100% Natural Calcium Bentonite Clay \u2013 New Version 2",
        "price": "$14.95 ($0.93 / Ounce)",
        "listPrice": "$16.95 ($1.06 / Ounce)",
        "imageUrl": "https://m.media-amazon.com/images/I/51CeIVfokCL._SL160_.jpg",
        "detailPageURL": "https://www.amazon.com/dp/B00S7ZPB8Q",
        "rating": "4.6",
        "totalReviews": "27959",
        "subtitle": "Aztec Secret",
        "isPrimeEligible": "1"
    },
    {
        "ASIN": "B01NCM25K7",
        "title": "New York Biology Dead Sea Mud Mask for Face and Body - Spa Quality Pore Reducer for Acne, Blackheads and Oily Skin, Natural Skincare for Women, Men - Tightens Skin for A Healthier Complexion - 8.8 oz",
        "price": "$17.95 ($2.04 / Ounce)",
        "listPrice": "$24.99 ($2.84 / Ounce)",
        "imageUrl": "https://m.media-amazon.com/images/I/416P4kSw1VL._SL160_.jpg",
        "detailPageURL": "https://www.amazon.com/dp/B01NCM25K7",
        "rating": "4.5",
        "totalReviews": "47041",
        "subtitle": "NEW YORK BIOLOGY THE ULTIMATE COSMECEUTICALS",
        "isPrimeEligible": "1"
    },
    {
        "ASIN": "B0BJPKX14D",
        "title": "Beauty of Joseon Red Bean Refreshing Pore Mask 140ml, 4.73fl.oz",
        "price": "$20.00 ($4.23 / Fl Oz)",
        "listPrice": "",
        "imageUrl": "https://m.media-amazon.com/images/I/319kURYyvVL._SL160_.jpg",
        "detailPageURL": "https://www.amazon.com/dp/B0BJPKX14D",
        "rating": "4.6",
        "totalReviews": "262",
        "subtitle": "Beauty of Joseon",
        "isPrimeEligible": "1"
    },
    {
        "ASIN": "B0014272VI",
        "title": "QUEEN HELENE Masque Mint Julep 8 oz, for Smoothening",
        "price": "$9.95 ($1.24 / Ounce)",
        "listPrice": "",
        "imageUrl": "https://m.media-amazon.com/images/I/41z0eHLCU4L._SL160_.jpg",
        "detailPageURL": "https://www.amazon.com/dp/B0014272VI",
        "rating": "4.7",
        "totalReviews": "6832",
        "subtitle": "Queen Helene",
        "isPrimeEligible": "1"
    },
    {
        "ASIN": "B0BTHS5629",
        "title": "Strawberry Clay Mask for Face, Pink Clay Facial Mask Skin Care Improve Blackheads Acne Dark Spots, Deep Cleansing Face Mask Control Oil and Refining Pores, 4.2 OZ (Strawberry)",
        "price": "$9.99 ($2.38 / Ounce)",
        "listPrice": "",
        "imageUrl": "https://m.media-amazon.com/images/I/414+Xm7EOQL._SL160_.jpg",
        "detailPageURL": "https://www.amazon.com/dp/B0BTHS5629",
        "rating": "4.8",
        "totalReviews": "14",
        "subtitle": "Tamoskiny",
        "isPrimeEligible": "1"
    },
    {
        "ASIN": "B091J2MFHS",
        "title": "YARELI Bentonite Clay Powder Facial Mask & Detox Bath, Also Known as Indian Healing Clay 2lb (32oz)",
        "price": "$9.99 ($0.31 / Ounce)",
        "listPrice": "",
        "imageUrl": "https://m.media-amazon.com/images/I/41hZqAzW2LL._SL160_.jpg",
        "detailPageURL": "https://www.amazon.com/dp/B091J2MFHS",
        "rating": "4.6",
        "totalReviews": "1017",
        "subtitle": "YARELI",
        "isPrimeEligible": "1"
    },
    {
        "ASIN": "B0BYJC6YZR",
        "title": "Pjordo 4 Pcs Clay Mask Set, Turmeric Vitamin C Clay Mask, Dead Sea Mud Mask, Avocado Clay Mask, Rose Clay Mask, Face Mask Skin Care Set, Self Care Gifts for Women, 2.82 Oz Each",
        "price": "$15.99 ($1.42 / Ounce)",
        "listPrice": "",
        "imageUrl": "https://m.media-amazon.com/images/I/516O8oTmdWL._SL160_.jpg",
        "detailPageURL": "https://www.amazon.com/dp/B0BYJC6YZR",
        "rating": "4.1",
        "totalReviews": "17",
        "subtitle": "Pjordo",
        "isPrimeEligible": "1"
    },
    {
        "ASIN": "B07BW4Y32X",
        "title": "Fresh Umbrian Clay Purifying Facial Mask 1 oz",
        "price": "$17.12",
        "listPrice": "$23.00",
        "imageUrl": "https://m.media-amazon.com/images/I/31KGFCp5zJL._SL160_.jpg",
        "detailPageURL": "https://www.amazon.com/dp/B07BW4Y32X",
        "rating": "4.4",
        "totalReviews": "33",
        "subtitle": "Fresh",
        "isPrimeEligible": "1"
    },
    {
        "ASIN": "B0991FC8BG",
        "title": "COSRX Pink Pore Clarifying Charcoal Mask 3.8 fl. oz / 110g Blackheads, Pores, Acne Control, Color Changing Fun Skincare, Detox Face Clay Mask, Wash Off Type",
        "price": "$20.96 ($5.52 / Fl Oz)",
        "listPrice": "",
        "imageUrl": "https://m.media-amazon.com/images/I/41qGxW-24WL._SL160_.jpg",
        "detailPageURL": "https://www.amazon.com/dp/B0991FC8BG",
        "rating": "4.4",
        "totalReviews": "210",
        "subtitle": "COSRX",
        "isPrimeEligible": "1"
    },
    {
        "ASIN": "B09V154ZM2",
        "title": "PAINISTIC Green Tea Mask Stick Blackhead Remover, Purifying Oil Control Clean Solid Face Clay Mask Moisturizing Acne Deep Pore Cleansing for All Skin Types of Men and Women",
        "price": "$6.99 ($4.11 / Ounce)",
        "listPrice": "$8.89 ($5.23 / Ounce)",
        "imageUrl": "https://m.media-amazon.com/images/I/51wQdYTCVML._SL160_.jpg",
        "detailPageURL": "https://www.amazon.com/dp/B09V154ZM2",
        "rating": "4.0",
        "totalReviews": "871",
        "subtitle": "PAINISTIC",
        "isPrimeEligible": "1"
    },
    {
        "ASIN": "B01NCM25K7",
        "title": "New York Biology Dead Sea Mud Mask for Face and Body - Spa Quality Pore Reducer for Acne, Blackheads and Oily Skin, Natural Skincare for Women, Men - Tightens Skin for A Healthier Complexion - 8.8 oz",
        "price": "$17.95 ($2.04 / Ounce)",
        "listPrice": "$24.99 ($2.84 / Ounce)",
        "imageUrl": "https://m.media-amazon.com/images/I/416P4kSw1VL._SL160_.jpg",
        "detailPageURL": "https://www.amazon.com/dp/B01NCM25K7",
        "rating": "4.5",
        "totalReviews": "47041",
        "subtitle": "NEW YORK BIOLOGY THE ULTIMATE COSMECEUTICALS",
        "isPrimeEligible": "1"
    },
    {
        "ASIN": "B0BJPKX14D",
        "title": "Beauty of Joseon Red Bean Refreshing Pore Mask 140ml, 4.73fl.oz",
        "price": "$20.00 ($4.23 / Fl Oz)",
        "listPrice": "",
        "imageUrl": "https://m.media-amazon.com/images/I/319kURYyvVL._SL160_.jpg",
        "detailPageURL": "https://www.amazon.com/dp/B0BJPKX14D",
        "rating": "4.6",
        "totalReviews": "262",
        "subtitle": "Beauty of Joseon",
        "isPrimeEligible": "1"
    },
    {
        "ASIN": "B0014272VI",
        "title": "QUEEN HELENE Masque Mint Julep 8 oz, for Smoothening",
        "price": "$9.95 ($1.24 / Ounce)",
        "listPrice": "",
        "imageUrl": "https://m.media-amazon.com/images/I/41z0eHLCU4L._SL160_.jpg",
        "detailPageURL": "https://www.amazon.com/dp/B0014272VI",
        "rating": "4.7",
        "totalReviews": "6832",
        "subtitle": "Queen Helene",
        "isPrimeEligible": "1"
    },
    {
        "ASIN": "B0BTHS5629",
        "title": "Strawberry Clay Mask for Face, Pink Clay Facial Mask Skin Care Improve Blackheads Acne Dark Spots, Deep Cleansing Face Mask Control Oil and Refining Pores, 4.2 OZ (Strawberry)",
        "price": "$9.99 ($2.38 / Ounce)",
        "listPrice": "",
        "imageUrl": "https://m.media-amazon.com/images/I/414+Xm7EOQL._SL160_.jpg",
        "detailPageURL": "https://www.amazon.com/dp/B0BTHS5629",
        "rating": "4.8",
        "totalReviews": "14",
        "subtitle": "Tamoskiny",
        "isPrimeEligible": "1"
    },
    {
        "ASIN": "B091J2MFHS",
        "title": "YARELI Bentonite Clay Powder Facial Mask & Detox Bath, Also Known as Indian Healing Clay 2lb (32oz)",
        "price": "$9.99 ($0.31 / Ounce)",
        "listPrice": "",
        "imageUrl": "https://m.media-amazon.com/images/I/41hZqAzW2LL._SL160_.jpg",
        "detailPageURL": "https://www.amazon.com/dp/B091J2MFHS",
        "rating": "4.6",
        "totalReviews": "1017",
        "subtitle": "YARELI",
        "isPrimeEligible": "1"
    },
    {
        "ASIN": "B0BYJC6YZR",
        "title": "Pjordo 4 Pcs Clay Mask Set, Turmeric Vitamin C Clay Mask, Dead Sea Mud Mask, Avocado Clay Mask, Rose Clay Mask, Face Mask Skin Care Set, Self Care Gifts for Women, 2.82 Oz Each",
        "price": "$15.99 ($1.42 / Ounce)",
        "listPrice": "",
        "imageUrl": "https://m.media-amazon.com/images/I/516O8oTmdWL._SL160_.jpg",
        "detailPageURL": "https://www.amazon.com/dp/B0BYJC6YZR",
        "rating": "4.1",
        "totalReviews": "17",
        "subtitle": "Pjordo",
        "isPrimeEligible": "1"
    },
    {
        "ASIN": "B07BW4Y32X",
        "title": "Fresh Umbrian Clay Purifying Facial Mask 1 oz",
        "price": "$17.12",
        "listPrice": "$23.00",
        "imageUrl": "https://m.media-amazon.com/images/I/31KGFCp5zJL._SL160_.jpg",
        "detailPageURL": "https://www.amazon.com/dp/B07BW4Y32X",
        "rating": "4.4",
        "totalReviews": "33",
        "subtitle": "Fresh",
        "isPrimeEligible": "1"
    },
    {
        "ASIN": "B0991FC8BG",
        "title": "COSRX Pink Pore Clarifying Charcoal Mask 3.8 fl. oz / 110g Blackheads, Pores, Acne Control, Color Changing Fun Skincare, Detox Face Clay Mask, Wash Off Type",
        "price": "$20.96 ($5.52 / Fl Oz)",
        "listPrice": "",
        "imageUrl": "https://m.media-amazon.com/images/I/41qGxW-24WL._SL160_.jpg",
        "detailPageURL": "https://www.amazon.com/dp/B0991FC8BG",
        "rating": "4.4",
        "totalReviews": "210",
        "subtitle": "COSRX",
        "isPrimeEligible": "1"
    },
    {
        "ASIN": "B09V154ZM2",
        "title": "PAINISTIC Green Tea Mask Stick Blackhead Remover, Purifying Oil Control Clean Solid Face Clay Mask Moisturizing Acne Deep Pore Cleansing for All Skin Types of Men and Women",
        "price": "$6.99 ($4.11 / Ounce)",
        "listPrice": "$8.89 ($5.23 / Ounce)",
        "imageUrl": "https://m.media-amazon.com/images/I/51wQdYTCVML._SL160_.jpg",
        "detailPageURL": "https://www.amazon.com/dp/B09V154ZM2",
        "rating": "4.0",
        "totalReviews": "871",
        "subtitle": "PAINISTIC",
        "isPrimeEligible": "1"
    },
    {
        "ASIN": "B0B9MPNDHF",
        "title": "Pjordo Clay Mask Kit, Turmeric Vitamin C Clay Mask, Avocado Clay Mask, Rose Clay Mask, Facial Mask Skin Care Set for Deep Cleansing Reduce Blackheads Acne Dark Spots, Gifts for Women, 240g in Total",
        "price": "$13.99 ($1.65 / Ounce)",
        "listPrice": "$22.99 ($2.72 / Ounce)",
        "imageUrl": "https://m.media-amazon.com/images/I/51bM6jCwKaL._SL160_.jpg",
        "detailPageURL": "https://www.amazon.com/dp/B0B9MPNDHF",
        "rating": "4.4",
        "totalReviews": "73",
        "subtitle": "Pjordo",
        "isPrimeEligible": "1"
    },
    {
        "ASIN": "B0BJPKX14D",
        "title": "Beauty of Joseon Red Bean Refreshing Pore Mask 140ml, 4.73fl.oz",
        "price": "$20.00 ($4.23 / Fl Oz)",
        "listPrice": "",
        "imageUrl": "https://m.media-amazon.com/images/I/319kURYyvVL._SL160_.jpg",
        "detailPageURL": "https://www.amazon.com/dp/B0BJPKX14D",
        "rating": "4.6",
        "totalReviews": "262",
        "subtitle": "Beauty of Joseon",
        "isPrimeEligible": "1"
    },
    {
        "ASIN": "B0014272VI",
        "title": "QUEEN HELENE Masque Mint Julep 8 oz, for Smoothening",
        "price": "$9.95 ($1.24 / Ounce)",
        "listPrice": "",
        "imageUrl": "https://m.media-amazon.com/images/I/41z0eHLCU4L._SL160_.jpg",
        "detailPageURL": "https://www.amazon.com/dp/B0014272VI",
        "rating": "4.7",
        "totalReviews": "6832",
        "subtitle": "Queen Helene",
        "isPrimeEligible": "1"
    },
    {
        "ASIN": "B0BTHS5629",
        "title": "Strawberry Clay Mask for Face, Pink Clay Facial Mask Skin Care Improve Blackheads Acne Dark Spots, Deep Cleansing Face Mask Control Oil and Refining Pores, 4.2 OZ (Strawberry)",
        "price": "$9.99 ($2.38 / Ounce)",
        "listPrice": "",
        "imageUrl": "https://m.media-amazon.com/images/I/414+Xm7EOQL._SL160_.jpg",
        "detailPageURL": "https://www.amazon.com/dp/B0BTHS5629",
        "rating": "4.8",
        "totalReviews": "14",
        "subtitle": "Tamoskiny",
        "isPrimeEligible": "1"
    },
    {
        "ASIN": "B091J2MFHS",
        "title": "YARELI Bentonite Clay Powder Facial Mask & Detox Bath, Also Known as Indian Healing Clay 2lb (32oz)",
        "price": "$9.99 ($0.31 / Ounce)",
        "listPrice": "",
        "imageUrl": "https://m.media-amazon.com/images/I/41hZqAzW2LL._SL160_.jpg",
        "detailPageURL": "https://www.amazon.com/dp/B091J2MFHS",
        "rating": "4.6",
        "totalReviews": "1017",
        "subtitle": "YARELI",
        "isPrimeEligible": "1"
    },
    {
        "ASIN": "B0BYJC6YZR",
        "title": "Pjordo 4 Pcs Clay Mask Set, Turmeric Vitamin C Clay Mask, Dead Sea Mud Mask, Avocado Clay Mask, Rose Clay Mask, Face Mask Skin Care Set, Self Care Gifts for Women, 2.82 Oz Each",
        "price": "$15.99 ($1.42 / Ounce)",
        "listPrice": "",
        "imageUrl": "https://m.media-amazon.com/images/I/516O8oTmdWL._SL160_.jpg",
        "detailPageURL": "https://www.amazon.com/dp/B0BYJC6YZR",
        "rating": "4.1",
        "totalReviews": "17",
        "subtitle": "Pjordo",
        "isPrimeEligible": "1"
    },
    {
        "ASIN": "B07BW4Y32X",
        "title": "Fresh Umbrian Clay Purifying Facial Mask 1 oz",
        "price": "$17.12",
        "listPrice": "$23.00",
        "imageUrl": "https://m.media-amazon.com/images/I/31KGFCp5zJL._SL160_.jpg",
        "detailPageURL": "https://www.amazon.com/dp/B07BW4Y32X",
        "rating": "4.4",
        "totalReviews": "33",
        "subtitle": "Fresh",
        "isPrimeEligible": "1"
    },
    {
        "ASIN": "B0991FC8BG",
        "title": "COSRX Pink Pore Clarifying Charcoal Mask 3.8 fl. oz / 110g Blackheads, Pores, Acne Control, Color Changing Fun Skincare, Detox Face Clay Mask, Wash Off Type",
        "price": "$20.96 ($5.52 / Fl Oz)",
        "listPrice": "",
        "imageUrl": "https://m.media-amazon.com/images/I/41qGxW-24WL._SL160_.jpg",
        "detailPageURL": "https://www.amazon.com/dp/B0991FC8BG",
        "rating": "4.4",
        "totalReviews": "210",
        "subtitle": "COSRX",
        "isPrimeEligible": "1"
    },
    {
        "ASIN": "B09V154ZM2",
        "title": "PAINISTIC Green Tea Mask Stick Blackhead Remover, Purifying Oil Control Clean Solid Face Clay Mask Moisturizing Acne Deep Pore Cleansing for All Skin Types of Men and Women",
        "price": "$6.99 ($4.11 / Ounce)",
        "listPrice": "$8.89 ($5.23 / Ounce)",
        "imageUrl": "https://m.media-amazon.com/images/I/51wQdYTCVML._SL160_.jpg",
        "detailPageURL": "https://www.amazon.com/dp/B09V154ZM2",
        "rating": "4.0",
        "totalReviews": "871",
        "subtitle": "PAINISTIC",
        "isPrimeEligible": "1"
    },
    {
        "ASIN": "B0B9MPNDHF",
        "title": "Pjordo Clay Mask Kit, Turmeric Vitamin C Clay Mask, Avocado Clay Mask, Rose Clay Mask, Facial Mask Skin Care Set for Deep Cleansing Reduce Blackheads Acne Dark Spots, Gifts for Women, 240g in Total",
        "price": "$13.99 ($1.65 / Ounce)",
        "listPrice": "$22.99 ($2.72 / Ounce)",
        "imageUrl": "https://m.media-amazon.com/images/I/51bM6jCwKaL._SL160_.jpg",
        "detailPageURL": "https://www.amazon.com/dp/B0B9MPNDHF",
        "rating": "4.4",
        "totalReviews": "73",
        "subtitle": "Pjordo",
        "isPrimeEligible": "1"
    },
    {
        "ASIN": "B00J4WZ9GK",
        "title": "LEROSETT Spot Treatment & Clay Mask - Swedish Facial Clay for Acne, Oily & Congested Skin, Blemishes, Blackheads, Pimples, Ingrown Hairs, Tighten Pores | Fast-Drying, Natural, Vegan. 3 oz",
        "price": "$26.95 ($8.98 / Ounce)",
        "listPrice": "",
        "imageUrl": "https://m.media-amazon.com/images/I/31oMVYL7N7L._SL160_.jpg",
        "detailPageURL": "https://www.amazon.com/dp/B00J4WZ9GK",
        "rating": "4.5",
        "totalReviews": "611",
        "subtitle": "Gunilla Of Sweden",
        "isPrimeEligible": "1"
    },
    {
        "ASIN": "B0014272VI",
        "title": "QUEEN HELENE Masque Mint Julep 8 oz, for Smoothening",
        "price": "$9.95 ($1.24 / Ounce)",
        "listPrice": "",
        "imageUrl": "https://m.media-amazon.com/images/I/41z0eHLCU4L._SL160_.jpg",
        "detailPageURL": "https://www.amazon.com/dp/B0014272VI",
        "rating": "4.7",
        "totalReviews": "6832",
        "subtitle": "Queen Helene",
        "isPrimeEligible": "1"
    },
    {
        "ASIN": "B0BTHS5629",
        "title": "Strawberry Clay Mask for Face, Pink Clay Facial Mask Skin Care Improve Blackheads Acne Dark Spots, Deep Cleansing Face Mask Control Oil and Refining Pores, 4.2 OZ (Strawberry)",
        "price": "$9.99 ($2.38 / Ounce)",
        "listPrice": "",
        "imageUrl": "https://m.media-amazon.com/images/I/414+Xm7EOQL._SL160_.jpg",
        "detailPageURL": "https://www.amazon.com/dp/B0BTHS5629",
        "rating": "4.8",
        "totalReviews": "14",
        "subtitle": "Tamoskiny",
        "isPrimeEligible": "1"
    },
    {
        "ASIN": "B091J2MFHS",
        "title": "YARELI Bentonite Clay Powder Facial Mask & Detox Bath, Also Known as Indian Healing Clay 2lb (32oz)",
        "price": "$9.99 ($0.31 / Ounce)",
        "listPrice": "",
        "imageUrl": "https://m.media-amazon.com/images/I/41hZqAzW2LL._SL160_.jpg",
        "detailPageURL": "https://www.amazon.com/dp/B091J2MFHS",
        "rating": "4.6",
        "totalReviews": "1017",
        "subtitle": "YARELI",
        "isPrimeEligible": "1"
    },
    {
        "ASIN": "B0BYJC6YZR",
        "title": "Pjordo 4 Pcs Clay Mask Set, Turmeric Vitamin C Clay Mask, Dead Sea Mud Mask, Avocado Clay Mask, Rose Clay Mask, Face Mask Skin Care Set, Self Care Gifts for Women, 2.82 Oz Each",
        "price": "$15.99 ($1.42 / Ounce)",
        "listPrice": "",
        "imageUrl": "https://m.media-amazon.com/images/I/516O8oTmdWL._SL160_.jpg",
        "detailPageURL": "https://www.amazon.com/dp/B0BYJC6YZR",
        "rating": "4.1",
        "totalReviews": "17",
        "subtitle": "Pjordo",
        "isPrimeEligible": "1"
    },
    {
        "ASIN": "B07BW4Y32X",
        "title": "Fresh Umbrian Clay Purifying Facial Mask 1 oz",
        "price": "$17.12",
        "listPrice": "$23.00",
        "imageUrl": "https://m.media-amazon.com/images/I/31KGFCp5zJL._SL160_.jpg",
        "detailPageURL": "https://www.amazon.com/dp/B07BW4Y32X",
        "rating": "4.4",
        "totalReviews": "33",
        "subtitle": "Fresh",
        "isPrimeEligible": "1"
    },
    {
        "ASIN": "B0991FC8BG",
        "title": "COSRX Pink Pore Clarifying Charcoal Mask 3.8 fl. oz / 110g Blackheads, Pores, Acne Control, Color Changing Fun Skincare, Detox Face Clay Mask, Wash Off Type",
        "price": "$20.96 ($5.52 / Fl Oz)",
        "listPrice": "",
        "imageUrl": "https://m.media-amazon.com/images/I/41qGxW-24WL._SL160_.jpg",
        "detailPageURL": "https://www.amazon.com/dp/B0991FC8BG",
        "rating": "4.4",
        "totalReviews": "210",
        "subtitle": "COSRX",
        "isPrimeEligible": "1"
    },
    {
        "ASIN": "B09V154ZM2",
        "title": "PAINISTIC Green Tea Mask Stick Blackhead Remover, Purifying Oil Control Clean Solid Face Clay Mask Moisturizing Acne Deep Pore Cleansing for All Skin Types of Men and Women",
        "price": "$6.99 ($4.11 / Ounce)",
        "listPrice": "$8.89 ($5.23 / Ounce)",
        "imageUrl": "https://m.media-amazon.com/images/I/51wQdYTCVML._SL160_.jpg",
        "detailPageURL": "https://www.amazon.com/dp/B09V154ZM2",
        "rating": "4.0",
        "totalReviews": "871",
        "subtitle": "PAINISTIC",
        "isPrimeEligible": "1"
    },
    {
        "ASIN": "B0B9MPNDHF",
        "title": "Pjordo Clay Mask Kit, Turmeric Vitamin C Clay Mask, Avocado Clay Mask, Rose Clay Mask, Facial Mask Skin Care Set for Deep Cleansing Reduce Blackheads Acne Dark Spots, Gifts for Women, 240g in Total",
        "price": "$13.99 ($1.65 / Ounce)",
        "listPrice": "$22.99 ($2.72 / Ounce)",
        "imageUrl": "https://m.media-amazon.com/images/I/51bM6jCwKaL._SL160_.jpg",
        "detailPageURL": "https://www.amazon.com/dp/B0B9MPNDHF",
        "rating": "4.4",
        "totalReviews": "73",
        "subtitle": "Pjordo",
        "isPrimeEligible": "1"
    },
    {
        "ASIN": "B00J4WZ9GK",
        "title": "LEROSETT Spot Treatment & Clay Mask - Swedish Facial Clay for Acne, Oily & Congested Skin, Blemishes, Blackheads, Pimples, Ingrown Hairs, Tighten Pores | Fast-Drying, Natural, Vegan. 3 oz",
        "price": "$26.95 ($8.98 / Ounce)",
        "listPrice": "",
        "imageUrl": "https://m.media-amazon.com/images/I/31oMVYL7N7L._SL160_.jpg",
        "detailPageURL": "https://www.amazon.com/dp/B00J4WZ9GK",
        "rating": "4.5",
        "totalReviews": "611",
        "subtitle": "Gunilla Of Sweden",
        "isPrimeEligible": "1"
    },
    {
        "ASIN": "B0B9S81PY5",
        "title": "SHVYOG Green Tea Face Mask, Antioxidant Green Tea Clay Mask with Volcanic Mud, Deep Cleansing & Moisturizing & Hydrating Clay Facial Mask for Pores, Blackheads, Wrinkles, Dirts",
        "price": "$11.99 ($2.27 / Ounce)",
        "listPrice": "",
        "imageUrl": "https://m.media-amazon.com/images/I/51I+esCmcHL._SL160_.jpg",
        "detailPageURL": "https://www.amazon.com/dp/B0B9S81PY5",
        "rating": "4.4",
        "totalReviews": "1134",
        "subtitle": "SHVYOG",
        "isPrimeEligible": "1"
    },
    {
        "ASIN": "B0BTHS5629",
        "title": "Strawberry Clay Mask for Face, Pink Clay Facial Mask Skin Care Improve Blackheads Acne Dark Spots, Deep Cleansing Face Mask Control Oil and Refining Pores, 4.2 OZ (Strawberry)",
        "price": "$9.99 ($2.38 / Ounce)",
        "listPrice": "",
        "imageUrl": "https://m.media-amazon.com/images/I/414+Xm7EOQL._SL160_.jpg",
        "detailPageURL": "https://www.amazon.com/dp/B0BTHS5629",
        "rating": "4.8",
        "totalReviews": "14",
        "subtitle": "Tamoskiny",
        "isPrimeEligible": "1"
    },
    {
        "ASIN": "B091J2MFHS",
        "title": "YARELI Bentonite Clay Powder Facial Mask & Detox Bath, Also Known as Indian Healing Clay 2lb (32oz)",
        "price": "$9.99 ($0.31 / Ounce)",
        "listPrice": "",
        "imageUrl": "https://m.media-amazon.com/images/I/41hZqAzW2LL._SL160_.jpg",
        "detailPageURL": "https://www.amazon.com/dp/B091J2MFHS",
        "rating": "4.6",
        "totalReviews": "1017",
        "subtitle": "YARELI",
        "isPrimeEligible": "1"
    },
    {
        "ASIN": "B0BYJC6YZR",
        "title": "Pjordo 4 Pcs Clay Mask Set, Turmeric Vitamin C Clay Mask, Dead Sea Mud Mask, Avocado Clay Mask, Rose Clay Mask, Face Mask Skin Care Set, Self Care Gifts for Women, 2.82 Oz Each",
        "price": "$15.99 ($1.42 / Ounce)",
        "listPrice": "",
        "imageUrl": "https://m.media-amazon.com/images/I/516O8oTmdWL._SL160_.jpg",
        "detailPageURL": "https://www.amazon.com/dp/B0BYJC6YZR",
        "rating": "4.1",
        "totalReviews": "17",
        "subtitle": "Pjordo",
        "isPrimeEligible": "1"
    },
    {
        "ASIN": "B07BW4Y32X",
        "title": "Fresh Umbrian Clay Purifying Facial Mask 1 oz",
        "price": "$17.12",
        "listPrice": "$23.00",
        "imageUrl": "https://m.media-amazon.com/images/I/31KGFCp5zJL._SL160_.jpg",
        "detailPageURL": "https://www.amazon.com/dp/B07BW4Y32X",
        "rating": "4.4",
        "totalReviews": "33",
        "subtitle": "Fresh",
        "isPrimeEligible": "1"
    },
    {
        "ASIN": "B0991FC8BG",
        "title": "COSRX Pink Pore Clarifying Charcoal Mask 3.8 fl. oz / 110g Blackheads, Pores, Acne Control, Color Changing Fun Skincare, Detox Face Clay Mask, Wash Off Type",
        "price": "$20.96 ($5.52 / Fl Oz)",
        "listPrice": "",
        "imageUrl": "https://m.media-amazon.com/images/I/41qGxW-24WL._SL160_.jpg",
        "detailPageURL": "https://www.amazon.com/dp/B0991FC8BG",
        "rating": "4.4",
        "totalReviews": "210",
        "subtitle": "COSRX",
        "isPrimeEligible": "1"
    },
    {
        "ASIN": "B09V154ZM2",
        "title": "PAINISTIC Green Tea Mask Stick Blackhead Remover, Purifying Oil Control Clean Solid Face Clay Mask Moisturizing Acne Deep Pore Cleansing for All Skin Types of Men and Women",
        "price": "$6.99 ($4.11 / Ounce)",
        "listPrice": "$8.89 ($5.23 / Ounce)",
        "imageUrl": "https://m.media-amazon.com/images/I/51wQdYTCVML._SL160_.jpg",
        "detailPageURL": "https://www.amazon.com/dp/B09V154ZM2",
        "rating": "4.0",
        "totalReviews": "871",
        "subtitle": "PAINISTIC",
        "isPrimeEligible": "1"
    },
    {
        "ASIN": "B0B9MPNDHF",
        "title": "Pjordo Clay Mask Kit, Turmeric Vitamin C Clay Mask, Avocado Clay Mask, Rose Clay Mask, Facial Mask Skin Care Set for Deep Cleansing Reduce Blackheads Acne Dark Spots, Gifts for Women, 240g in Total",
        "price": "$13.99 ($1.65 / Ounce)",
        "listPrice": "$22.99 ($2.72 / Ounce)",
        "imageUrl": "https://m.media-amazon.com/images/I/51bM6jCwKaL._SL160_.jpg",
        "detailPageURL": "https://www.amazon.com/dp/B0B9MPNDHF",
        "rating": "4.4",
        "totalReviews": "73",
        "subtitle": "Pjordo",
        "isPrimeEligible": "1"
    },
    {
        "ASIN": "B00J4WZ9GK",
        "title": "LEROSETT Spot Treatment & Clay Mask - Swedish Facial Clay for Acne, Oily & Congested Skin, Blemishes, Blackheads, Pimples, Ingrown Hairs, Tighten Pores | Fast-Drying, Natural, Vegan. 3 oz",
        "price": "$26.95 ($8.98 / Ounce)",
        "listPrice": "",
        "imageUrl": "https://m.media-amazon.com/images/I/31oMVYL7N7L._SL160_.jpg",
        "detailPageURL": "https://www.amazon.com/dp/B00J4WZ9GK",
        "rating": "4.5",
        "totalReviews": "611",
        "subtitle": "Gunilla Of Sweden",
        "isPrimeEligible": "1"
    },
    {
        "ASIN": "B0B9S81PY5",
        "title": "SHVYOG Green Tea Face Mask, Antioxidant Green Tea Clay Mask with Volcanic Mud, Deep Cleansing & Moisturizing & Hydrating Clay Facial Mask for Pores, Blackheads, Wrinkles, Dirts",
        "price": "$11.99 ($2.27 / Ounce)",
        "listPrice": "",
        "imageUrl": "https://m.media-amazon.com/images/I/51I+esCmcHL._SL160_.jpg",
        "detailPageURL": "https://www.amazon.com/dp/B0B9S81PY5",
        "rating": "4.4",
        "totalReviews": "1134",
        "subtitle": "SHVYOG",
        "isPrimeEligible": "1"
    },
    {
        "ASIN": "B07GVQGHQY",
        "title": "Aztec Secret Aztec Clay Premium Mask Set by Etana Beauty \u2013 All-In-One Kit Includes 1lb Indian Healing Clay, 16oz Bragg's Apple Cider Vinegar, Natural Bamboo Bowl, Stir, Scoop, Brush & Tote",
        "price": "$29.95",
        "listPrice": "",
        "imageUrl": "https://m.media-amazon.com/images/I/51XmuF69rVL._SL160_.jpg",
        "detailPageURL": "https://www.amazon.com/dp/B07GVQGHQY",
        "rating": "4.6",
        "totalReviews": "5541",
        "subtitle": "Aztec Secret",
        "isPrimeEligible": "1"
    },
    {
        "ASIN": "B091J2MFHS",
        "title": "YARELI Bentonite Clay Powder Facial Mask & Detox Bath, Also Known as Indian Healing Clay 2lb (32oz)",
        "price": "$9.99 ($0.31 / Ounce)",
        "listPrice": "",
        "imageUrl": "https://m.media-amazon.com/images/I/41hZqAzW2LL._SL160_.jpg",
        "detailPageURL": "https://www.amazon.com/dp/B091J2MFHS",
        "rating": "4.6",
        "totalReviews": "1017",
        "subtitle": "YARELI",
        "isPrimeEligible": "1"
    },
    {
        "ASIN": "B0BYJC6YZR",
        "title": "Pjordo 4 Pcs Clay Mask Set, Turmeric Vitamin C Clay Mask, Dead Sea Mud Mask, Avocado Clay Mask, Rose Clay Mask, Face Mask Skin Care Set, Self Care Gifts for Women, 2.82 Oz Each",
        "price": "$15.99 ($1.42 / Ounce)",
        "listPrice": "",
        "imageUrl": "https://m.media-amazon.com/images/I/516O8oTmdWL._SL160_.jpg",
        "detailPageURL": "https://www.amazon.com/dp/B0BYJC6YZR",
        "rating": "4.1",
        "totalReviews": "17",
        "subtitle": "Pjordo",
        "isPrimeEligible": "1"
    },
    {
        "ASIN": "B07BW4Y32X",
        "title": "Fresh Umbrian Clay Purifying Facial Mask 1 oz",
        "price": "$17.12",
        "listPrice": "$23.00",
        "imageUrl": "https://m.media-amazon.com/images/I/31KGFCp5zJL._SL160_.jpg",
        "detailPageURL": "https://www.amazon.com/dp/B07BW4Y32X",
        "rating": "4.4",
        "totalReviews": "33",
        "subtitle": "Fresh",
        "isPrimeEligible": "1"
    },
    {
        "ASIN": "B0991FC8BG",
        "title": "COSRX Pink Pore Clarifying Charcoal Mask 3.8 fl. oz / 110g Blackheads, Pores, Acne Control, Color Changing Fun Skincare, Detox Face Clay Mask, Wash Off Type",
        "price": "$20.96 ($5.52 / Fl Oz)",
        "listPrice": "",
        "imageUrl": "https://m.media-amazon.com/images/I/41qGxW-24WL._SL160_.jpg",
        "detailPageURL": "https://www.amazon.com/dp/B0991FC8BG",
        "rating": "4.4",
        "totalReviews": "210",
        "subtitle": "COSRX",
        "isPrimeEligible": "1"
    },
    {
        "ASIN": "B09V154ZM2",
        "title": "PAINISTIC Green Tea Mask Stick Blackhead Remover, Purifying Oil Control Clean Solid Face Clay Mask Moisturizing Acne Deep Pore Cleansing for All Skin Types of Men and Women",
        "price": "$6.99 ($4.11 / Ounce)",
        "listPrice": "$8.89 ($5.23 / Ounce)",
        "imageUrl": "https://m.media-amazon.com/images/I/51wQdYTCVML._SL160_.jpg",
        "detailPageURL": "https://www.amazon.com/dp/B09V154ZM2",
        "rating": "4.0",
        "totalReviews": "871",
        "subtitle": "PAINISTIC",
        "isPrimeEligible": "1"
    },
    {
        "ASIN": "B0B9MPNDHF",
        "title": "Pjordo Clay Mask Kit, Turmeric Vitamin C Clay Mask, Avocado Clay Mask, Rose Clay Mask, Facial Mask Skin Care Set for Deep Cleansing Reduce Blackheads Acne Dark Spots, Gifts for Women, 240g in Total",
        "price": "$13.99 ($1.65 / Ounce)",
        "listPrice": "$22.99 ($2.72 / Ounce)",
        "imageUrl": "https://m.media-amazon.com/images/I/51bM6jCwKaL._SL160_.jpg",
        "detailPageURL": "https://www.amazon.com/dp/B0B9MPNDHF",
        "rating": "4.4",
        "totalReviews": "73",
        "subtitle": "Pjordo",
        "isPrimeEligible": "1"
    },
    {
        "ASIN": "B00J4WZ9GK",
        "title": "LEROSETT Spot Treatment & Clay Mask - Swedish Facial Clay for Acne, Oily & Congested Skin, Blemishes, Blackheads, Pimples, Ingrown Hairs, Tighten Pores | Fast-Drying, Natural, Vegan. 3 oz",
        "price": "$26.95 ($8.98 / Ounce)",
        "listPrice": "",
        "imageUrl": "https://m.media-amazon.com/images/I/31oMVYL7N7L._SL160_.jpg",
        "detailPageURL": "https://www.amazon.com/dp/B00J4WZ9GK",
        "rating": "4.5",
        "totalReviews": "611",
        "subtitle": "Gunilla Of Sweden",
        "isPrimeEligible": "1"
    },
    {
        "ASIN": "B0B9S81PY5",
        "title": "SHVYOG Green Tea Face Mask, Antioxidant Green Tea Clay Mask with Volcanic Mud, Deep Cleansing & Moisturizing & Hydrating Clay Facial Mask for Pores, Blackheads, Wrinkles, Dirts",
        "price": "$11.99 ($2.27 / Ounce)",
        "listPrice": "",
        "imageUrl": "https://m.media-amazon.com/images/I/51I+esCmcHL._SL160_.jpg",
        "detailPageURL": "https://www.amazon.com/dp/B0B9S81PY5",
        "rating": "4.4",
        "totalReviews": "1134",
        "subtitle": "SHVYOG",
        "isPrimeEligible": "1"
    },
    {
        "ASIN": "B07GVQGHQY",
        "title": "Aztec Secret Aztec Clay Premium Mask Set by Etana Beauty \u2013 All-In-One Kit Includes 1lb Indian Healing Clay, 16oz Bragg's Apple Cider Vinegar, Natural Bamboo Bowl, Stir, Scoop, Brush & Tote",
        "price": "$29.95",
        "listPrice": "",
        "imageUrl": "https://m.media-amazon.com/images/I/51XmuF69rVL._SL160_.jpg",
        "detailPageURL": "https://www.amazon.com/dp/B07GVQGHQY",
        "rating": "4.6",
        "totalReviews": "5541",
        "subtitle": "Aztec Secret",
        "isPrimeEligible": "1"
    },
    {
        "ASIN": "B075GYJH7G",
        "title": "philosophy purity made simple - pore extractor mask, 1 oz",
        "price": "$21.00",
        "listPrice": "",
        "imageUrl": "https://m.media-amazon.com/images/I/31aorh2H4AL._SL160_.jpg",
        "detailPageURL": "https://www.amazon.com/dp/B075GYJH7G",
        "rating": "4.5",
        "totalReviews": "408",
        "subtitle": "",
        "isPrimeEligible": "1"
    },
    {
        "ASIN": "B0BYJC6YZR",
        "title": "Pjordo 4 Pcs Clay Mask Set, Turmeric Vitamin C Clay Mask, Dead Sea Mud Mask, Avocado Clay Mask, Rose Clay Mask, Face Mask Skin Care Set, Self Care Gifts for Women, 2.82 Oz Each",
        "price": "$15.99 ($1.42 / Ounce)",
        "listPrice": "",
        "imageUrl": "https://m.media-amazon.com/images/I/516O8oTmdWL._SL160_.jpg",
        "detailPageURL": "https://www.amazon.com/dp/B0BYJC6YZR",
        "rating": "4.1",
        "totalReviews": "17",
        "subtitle": "Pjordo",
        "isPrimeEligible": "1"
    },
    {
        "ASIN": "B07BW4Y32X",
        "title": "Fresh Umbrian Clay Purifying Facial Mask 1 oz",
        "price": "$17.12",
        "listPrice": "$23.00",
        "imageUrl": "https://m.media-amazon.com/images/I/31KGFCp5zJL._SL160_.jpg",
        "detailPageURL": "https://www.amazon.com/dp/B07BW4Y32X",
        "rating": "4.4",
        "totalReviews": "33",
        "subtitle": "Fresh",
        "isPrimeEligible": "1"
    },
    {
        "ASIN": "B0991FC8BG",
        "title": "COSRX Pink Pore Clarifying Charcoal Mask 3.8 fl. oz / 110g Blackheads, Pores, Acne Control, Color Changing Fun Skincare, Detox Face Clay Mask, Wash Off Type",
        "price": "$20.96 ($5.52 / Fl Oz)",
        "listPrice": "",
        "imageUrl": "https://m.media-amazon.com/images/I/41qGxW-24WL._SL160_.jpg",
        "detailPageURL": "https://www.amazon.com/dp/B0991FC8BG",
        "rating": "4.4",
        "totalReviews": "210",
        "subtitle": "COSRX",
        "isPrimeEligible": "1"
    },
    {
        "ASIN": "B09V154ZM2",
        "title": "PAINISTIC Green Tea Mask Stick Blackhead Remover, Purifying Oil Control Clean Solid Face Clay Mask Moisturizing Acne Deep Pore Cleansing for All Skin Types of Men and Women",
        "price": "$6.99 ($4.11 / Ounce)",
        "listPrice": "$8.89 ($5.23 / Ounce)",
        "imageUrl": "https://m.media-amazon.com/images/I/51wQdYTCVML._SL160_.jpg",
        "detailPageURL": "https://www.amazon.com/dp/B09V154ZM2",
        "rating": "4.0",
        "totalReviews": "871",
        "subtitle": "PAINISTIC",
        "isPrimeEligible": "1"
    },
    {
        "ASIN": "B0B9MPNDHF",
        "title": "Pjordo Clay Mask Kit, Turmeric Vitamin C Clay Mask, Avocado Clay Mask, Rose Clay Mask, Facial Mask Skin Care Set for Deep Cleansing Reduce Blackheads Acne Dark Spots, Gifts for Women, 240g in Total",
        "price": "$13.99 ($1.65 / Ounce)",
        "listPrice": "$22.99 ($2.72 / Ounce)",
        "imageUrl": "https://m.media-amazon.com/images/I/51bM6jCwKaL._SL160_.jpg",
        "detailPageURL": "https://www.amazon.com/dp/B0B9MPNDHF",
        "rating": "4.4",
        "totalReviews": "73",
        "subtitle": "Pjordo",
        "isPrimeEligible": "1"
    },
    {
        "ASIN": "B00J4WZ9GK",
        "title": "LEROSETT Spot Treatment & Clay Mask - Swedish Facial Clay for Acne, Oily & Congested Skin, Blemishes, Blackheads, Pimples, Ingrown Hairs, Tighten Pores | Fast-Drying, Natural, Vegan. 3 oz",
        "price": "$26.95 ($8.98 / Ounce)",
        "listPrice": "",
        "imageUrl": "https://m.media-amazon.com/images/I/31oMVYL7N7L._SL160_.jpg",
        "detailPageURL": "https://www.amazon.com/dp/B00J4WZ9GK",
        "rating": "4.5",
        "totalReviews": "611",
        "subtitle": "Gunilla Of Sweden",
        "isPrimeEligible": "1"
    },
    {
        "ASIN": "B0B9S81PY5",
        "title": "SHVYOG Green Tea Face Mask, Antioxidant Green Tea Clay Mask with Volcanic Mud, Deep Cleansing & Moisturizing & Hydrating Clay Facial Mask for Pores, Blackheads, Wrinkles, Dirts",
        "price": "$11.99 ($2.27 / Ounce)",
        "listPrice": "",
        "imageUrl": "https://m.media-amazon.com/images/I/51I+esCmcHL._SL160_.jpg",
        "detailPageURL": "https://www.amazon.com/dp/B0B9S81PY5",
        "rating": "4.4",
        "totalReviews": "1134",
        "subtitle": "SHVYOG",
        "isPrimeEligible": "1"
    },
    {
        "ASIN": "B07GVQGHQY",
        "title": "Aztec Secret Aztec Clay Premium Mask Set by Etana Beauty \u2013 All-In-One Kit Includes 1lb Indian Healing Clay, 16oz Bragg's Apple Cider Vinegar, Natural Bamboo Bowl, Stir, Scoop, Brush & Tote",
        "price": "$29.95",
        "listPrice": "",
        "imageUrl": "https://m.media-amazon.com/images/I/51XmuF69rVL._SL160_.jpg",
        "detailPageURL": "https://www.amazon.com/dp/B07GVQGHQY",
        "rating": "4.6",
        "totalReviews": "5541",
        "subtitle": "Aztec Secret",
        "isPrimeEligible": "1"
    },
    {
        "ASIN": "B075GYJH7G",
        "title": "philosophy purity made simple - pore extractor mask, 1 oz",
        "price": "$21.00",
        "listPrice": "",
        "imageUrl": "https://m.media-amazon.com/images/I/31aorh2H4AL._SL160_.jpg",
        "detailPageURL": "https://www.amazon.com/dp/B075GYJH7G",
        "rating": "4.5",
        "totalReviews": "408",
        "subtitle": "",
        "isPrimeEligible": "1"
    },
    {
        "ASIN": "B07VVFTK71",
        "title": "ANAI RUI Green Tea Mask, Clay Mask for Poreless Deep Cleanse, Green Tea Face Mask Blackhead Remover with Kaolin, Aloe, Collagen, Pore Minimizer, Hydrating, Moisturizing 4.05OZ",
        "price": "$9.59 ($2.40 / Ounce)",
        "listPrice": "$15.99 ($4.00 / Ounce)",
        "imageUrl": "https://m.media-amazon.com/images/I/515LdcfhQ-L._SL160_.jpg",
        "detailPageURL": "https://www.amazon.com/dp/B07VVFTK71",
        "rating": "4.3",
        "totalReviews": "188",
        "subtitle": "ANAI RUI",
        "isPrimeEligible": "1"
    },
    {
        "ASIN": "B07BW4Y32X",
        "title": "Fresh Umbrian Clay Purifying Facial Mask 1 oz",
        "price": "$17.12",
        "listPrice": "$23.00",
        "imageUrl": "https://m.media-amazon.com/images/I/31KGFCp5zJL._SL160_.jpg",
        "detailPageURL": "https://www.amazon.com/dp/B07BW4Y32X",
        "rating": "4.4",
        "totalReviews": "33",
        "subtitle": "Fresh",
        "isPrimeEligible": "1"
    },
    {
        "ASIN": "B0991FC8BG",
        "title": "COSRX Pink Pore Clarifying Charcoal Mask 3.8 fl. oz / 110g Blackheads, Pores, Acne Control, Color Changing Fun Skincare, Detox Face Clay Mask, Wash Off Type",
        "price": "$20.96 ($5.52 / Fl Oz)",
        "listPrice": "",
        "imageUrl": "https://m.media-amazon.com/images/I/41qGxW-24WL._SL160_.jpg",
        "detailPageURL": "https://www.amazon.com/dp/B0991FC8BG",
        "rating": "4.4",
        "totalReviews": "210",
        "subtitle": "COSRX",
        "isPrimeEligible": "1"
    },
    {
        "ASIN": "B09V154ZM2",
        "title": "PAINISTIC Green Tea Mask Stick Blackhead Remover, Purifying Oil Control Clean Solid Face Clay Mask Moisturizing Acne Deep Pore Cleansing for All Skin Types of Men and Women",
        "price": "$6.99 ($4.11 / Ounce)",
        "listPrice": "$8.89 ($5.23 / Ounce)",
        "imageUrl": "https://m.media-amazon.com/images/I/51wQdYTCVML._SL160_.jpg",
        "detailPageURL": "https://www.amazon.com/dp/B09V154ZM2",
        "rating": "4.0",
        "totalReviews": "871",
        "subtitle": "PAINISTIC",
        "isPrimeEligible": "1"
    },
    {
        "ASIN": "B0B9MPNDHF",
        "title": "Pjordo Clay Mask Kit, Turmeric Vitamin C Clay Mask, Avocado Clay Mask, Rose Clay Mask, Facial Mask Skin Care Set for Deep Cleansing Reduce Blackheads Acne Dark Spots, Gifts for Women, 240g in Total",
        "price": "$13.99 ($1.65 / Ounce)",
        "listPrice": "$22.99 ($2.72 / Ounce)",
        "imageUrl": "https://m.media-amazon.com/images/I/51bM6jCwKaL._SL160_.jpg",
        "detailPageURL": "https://www.amazon.com/dp/B0B9MPNDHF",
        "rating": "4.4",
        "totalReviews": "73",
        "subtitle": "Pjordo",
        "isPrimeEligible": "1"
    },
    {
        "ASIN": "B00J4WZ9GK",
        "title": "LEROSETT Spot Treatment & Clay Mask - Swedish Facial Clay for Acne, Oily & Congested Skin, Blemishes, Blackheads, Pimples, Ingrown Hairs, Tighten Pores | Fast-Drying, Natural, Vegan. 3 oz",
        "price": "$26.95 ($8.98 / Ounce)",
        "listPrice": "",
        "imageUrl": "https://m.media-amazon.com/images/I/31oMVYL7N7L._SL160_.jpg",
        "detailPageURL": "https://www.amazon.com/dp/B00J4WZ9GK",
        "rating": "4.5",
        "totalReviews": "611",
        "subtitle": "Gunilla Of Sweden",
        "isPrimeEligible": "1"
    },
    {
        "ASIN": "B0B9S81PY5",
        "title": "SHVYOG Green Tea Face Mask, Antioxidant Green Tea Clay Mask with Volcanic Mud, Deep Cleansing & Moisturizing & Hydrating Clay Facial Mask for Pores, Blackheads, Wrinkles, Dirts",
        "price": "$11.99 ($2.27 / Ounce)",
        "listPrice": "",
        "imageUrl": "https://m.media-amazon.com/images/I/51I+esCmcHL._SL160_.jpg",
        "detailPageURL": "https://www.amazon.com/dp/B0B9S81PY5",
        "rating": "4.4",
        "totalReviews": "1134",
        "subtitle": "SHVYOG",
        "isPrimeEligible": "1"
    },
    {
        "ASIN": "B07GVQGHQY",
        "title": "Aztec Secret Aztec Clay Premium Mask Set by Etana Beauty \u2013 All-In-One Kit Includes 1lb Indian Healing Clay, 16oz Bragg's Apple Cider Vinegar, Natural Bamboo Bowl, Stir, Scoop, Brush & Tote",
        "price": "$29.95",
        "listPrice": "",
        "imageUrl": "https://m.media-amazon.com/images/I/51XmuF69rVL._SL160_.jpg",
        "detailPageURL": "https://www.amazon.com/dp/B07GVQGHQY",
        "rating": "4.6",
        "totalReviews": "5541",
        "subtitle": "Aztec Secret",
        "isPrimeEligible": "1"
    },
    {
        "ASIN": "B075GYJH7G",
        "title": "philosophy purity made simple - pore extractor mask, 1 oz",
        "price": "$21.00",
        "listPrice": "",
        "imageUrl": "https://m.media-amazon.com/images/I/31aorh2H4AL._SL160_.jpg",
        "detailPageURL": "https://www.amazon.com/dp/B075GYJH7G",
        "rating": "4.5",
        "totalReviews": "408",
        "subtitle": "",
        "isPrimeEligible": "1"
    },
    {
        "ASIN": "B07VVFTK71",
        "title": "ANAI RUI Green Tea Mask, Clay Mask for Poreless Deep Cleanse, Green Tea Face Mask Blackhead Remover with Kaolin, Aloe, Collagen, Pore Minimizer, Hydrating, Moisturizing 4.05OZ",
        "price": "$9.59 ($2.40 / Ounce)",
        "listPrice": "$15.99 ($4.00 / Ounce)",
        "imageUrl": "https://m.media-amazon.com/images/I/515LdcfhQ-L._SL160_.jpg",
        "detailPageURL": "https://www.amazon.com/dp/B07VVFTK71",
        "rating": "4.3",
        "totalReviews": "188",
        "subtitle": "ANAI RUI",
        "isPrimeEligible": "1"
    },
    {
        "ASIN": "B00HCUO2DW",
        "title": "FREEMAN Anti-Stress Clay Facial Mask with Dead Sea Minerals, Balancing and Clearing Beauty Face Mask, 6 oz, 2 Pack",
        "price": "$7.49 ($0.62 / Ounce)",
        "listPrice": "$9.99 ($0.83 / Ounce)",
        "imageUrl": "https://m.media-amazon.com/images/I/51Ms7Jp-reL._SL160_.jpg",
        "detailPageURL": "https://www.amazon.com/dp/B00HCUO2DW",
        "rating": "4.7",
        "totalReviews": "189",
        "subtitle": "FREEMAN",
        "isPrimeEligible": "1"
    },
    {
        "ASIN": "B0991FC8BG",
        "title": "COSRX Pink Pore Clarifying Charcoal Mask 3.8 fl. oz / 110g Blackheads, Pores, Acne Control, Color Changing Fun Skincare, Detox Face Clay Mask, Wash Off Type",
        "price": "$20.96 ($5.52 / Fl Oz)",
        "listPrice": "",
        "imageUrl": "https://m.media-amazon.com/images/I/41qGxW-24WL._SL160_.jpg",
        "detailPageURL": "https://www.amazon.com/dp/B0991FC8BG",
        "rating": "4.4",
        "totalReviews": "210",
        "subtitle": "COSRX",
        "isPrimeEligible": "1"
    },
    {
        "ASIN": "B09V154ZM2",
        "title": "PAINISTIC Green Tea Mask Stick Blackhead Remover, Purifying Oil Control Clean Solid Face Clay Mask Moisturizing Acne Deep Pore Cleansing for All Skin Types of Men and Women",
        "price": "$6.99 ($4.11 / Ounce)",
        "listPrice": "$8.89 ($5.23 / Ounce)",
        "imageUrl": "https://m.media-amazon.com/images/I/51wQdYTCVML._SL160_.jpg",
        "detailPageURL": "https://www.amazon.com/dp/B09V154ZM2",
        "rating": "4.0",
        "totalReviews": "871",
        "subtitle": "PAINISTIC",
        "isPrimeEligible": "1"
    },
    {
        "ASIN": "B0B9MPNDHF",
        "title": "Pjordo Clay Mask Kit, Turmeric Vitamin C Clay Mask, Avocado Clay Mask, Rose Clay Mask, Facial Mask Skin Care Set for Deep Cleansing Reduce Blackheads Acne Dark Spots, Gifts for Women, 240g in Total",
        "price": "$13.99 ($1.65 / Ounce)",
        "listPrice": "$22.99 ($2.72 / Ounce)",
        "imageUrl": "https://m.media-amazon.com/images/I/51bM6jCwKaL._SL160_.jpg",
        "detailPageURL": "https://www.amazon.com/dp/B0B9MPNDHF",
        "rating": "4.4",
        "totalReviews": "73",
        "subtitle": "Pjordo",
        "isPrimeEligible": "1"
    },
    {
        "ASIN": "B00J4WZ9GK",
        "title": "LEROSETT Spot Treatment & Clay Mask - Swedish Facial Clay for Acne, Oily & Congested Skin, Blemishes, Blackheads, Pimples, Ingrown Hairs, Tighten Pores | Fast-Drying, Natural, Vegan. 3 oz",
        "price": "$26.95 ($8.98 / Ounce)",
        "listPrice": "",
        "imageUrl": "https://m.media-amazon.com/images/I/31oMVYL7N7L._SL160_.jpg",
        "detailPageURL": "https://www.amazon.com/dp/B00J4WZ9GK",
        "rating": "4.5",
        "totalReviews": "611",
        "subtitle": "Gunilla Of Sweden",
        "isPrimeEligible": "1"
    },
    {
        "ASIN": "B0B9S81PY5",
        "title": "SHVYOG Green Tea Face Mask, Antioxidant Green Tea Clay Mask with Volcanic Mud, Deep Cleansing & Moisturizing & Hydrating Clay Facial Mask for Pores, Blackheads, Wrinkles, Dirts",
        "price": "$11.99 ($2.27 / Ounce)",
        "listPrice": "",
        "imageUrl": "https://m.media-amazon.com/images/I/51I+esCmcHL._SL160_.jpg",
        "detailPageURL": "https://www.amazon.com/dp/B0B9S81PY5",
        "rating": "4.4",
        "totalReviews": "1134",
        "subtitle": "SHVYOG",
        "isPrimeEligible": "1"
    },
    {
        "ASIN": "B07GVQGHQY",
        "title": "Aztec Secret Aztec Clay Premium Mask Set by Etana Beauty \u2013 All-In-One Kit Includes 1lb Indian Healing Clay, 16oz Bragg's Apple Cider Vinegar, Natural Bamboo Bowl, Stir, Scoop, Brush & Tote",
        "price": "$29.95",
        "listPrice": "",
        "imageUrl": "https://m.media-amazon.com/images/I/51XmuF69rVL._SL160_.jpg",
        "detailPageURL": "https://www.amazon.com/dp/B07GVQGHQY",
        "rating": "4.6",
        "totalReviews": "5541",
        "subtitle": "Aztec Secret",
        "isPrimeEligible": "1"
    },
    {
        "ASIN": "B075GYJH7G",
        "title": "philosophy purity made simple - pore extractor mask, 1 oz",
        "price": "$21.00",
        "listPrice": "",
        "imageUrl": "https://m.media-amazon.com/images/I/31aorh2H4AL._SL160_.jpg",
        "detailPageURL": "https://www.amazon.com/dp/B075GYJH7G",
        "rating": "4.5",
        "totalReviews": "408",
        "subtitle": "",
        "isPrimeEligible": "1"
    },
    {
        "ASIN": "B07VVFTK71",
        "title": "ANAI RUI Green Tea Mask, Clay Mask for Poreless Deep Cleanse, Green Tea Face Mask Blackhead Remover with Kaolin, Aloe, Collagen, Pore Minimizer, Hydrating, Moisturizing 4.05OZ",
        "price": "$9.59 ($2.40 / Ounce)",
        "listPrice": "$15.99 ($4.00 / Ounce)",
        "imageUrl": "https://m.media-amazon.com/images/I/515LdcfhQ-L._SL160_.jpg",
        "detailPageURL": "https://www.amazon.com/dp/B07VVFTK71",
        "rating": "4.3",
        "totalReviews": "188",
        "subtitle": "ANAI RUI",
        "isPrimeEligible": "1"
    },
    {
        "ASIN": "B00HCUO2DW",
        "title": "FREEMAN Anti-Stress Clay Facial Mask with Dead Sea Minerals, Balancing and Clearing Beauty Face Mask, 6 oz, 2 Pack",
        "price": "$7.49 ($0.62 / Ounce)",
        "listPrice": "$9.99 ($0.83 / Ounce)",
        "imageUrl": "https://m.media-amazon.com/images/I/51Ms7Jp-reL._SL160_.jpg",
        "detailPageURL": "https://www.amazon.com/dp/B00HCUO2DW",
        "rating": "4.7",
        "totalReviews": "189",
        "subtitle": "FREEMAN",
        "isPrimeEligible": "1"
    },
    {
        "ASIN": "B09F14TY3B",
        "title": "Youth To The People Superclay Purify + Clear Power Mask with Niacinamide 2.0 oz/ 60 mL",
        "price": "$38.00 ($19.00 / Ounce)",
        "listPrice": "",
        "imageUrl": "https://m.media-amazon.com/images/I/31N9UM1oToL._SL160_.jpg",
        "detailPageURL": "https://www.amazon.com/dp/B09F14TY3B",
        "rating": "4.5",
        "totalReviews": "262",
        "subtitle": "Youth To The People",
        "isPrimeEligible": "1"
    },
    {
        "ASIN": "B09V154ZM2",
        "title": "PAINISTIC Green Tea Mask Stick Blackhead Remover, Purifying Oil Control Clean Solid Face Clay Mask Moisturizing Acne Deep Pore Cleansing for All Skin Types of Men and Women",
        "price": "$6.99 ($4.11 / Ounce)",
        "listPrice": "$8.89 ($5.23 / Ounce)",
        "imageUrl": "https://m.media-amazon.com/images/I/51wQdYTCVML._SL160_.jpg",
        "detailPageURL": "https://www.amazon.com/dp/B09V154ZM2",
        "rating": "4.0",
        "totalReviews": "871",
        "subtitle": "PAINISTIC",
        "isPrimeEligible": "1"
    },
    {
        "ASIN": "B0B9MPNDHF",
        "title": "Pjordo Clay Mask Kit, Turmeric Vitamin C Clay Mask, Avocado Clay Mask, Rose Clay Mask, Facial Mask Skin Care Set for Deep Cleansing Reduce Blackheads Acne Dark Spots, Gifts for Women, 240g in Total",
        "price": "$13.99 ($1.65 / Ounce)",
        "listPrice": "$22.99 ($2.72 / Ounce)",
        "imageUrl": "https://m.media-amazon.com/images/I/51bM6jCwKaL._SL160_.jpg",
        "detailPageURL": "https://www.amazon.com/dp/B0B9MPNDHF",
        "rating": "4.4",
        "totalReviews": "73",
        "subtitle": "Pjordo",
        "isPrimeEligible": "1"
    },
    {
        "ASIN": "B00J4WZ9GK",
        "title": "LEROSETT Spot Treatment & Clay Mask - Swedish Facial Clay for Acne, Oily & Congested Skin, Blemishes, Blackheads, Pimples, Ingrown Hairs, Tighten Pores | Fast-Drying, Natural, Vegan. 3 oz",
        "price": "$26.95 ($8.98 / Ounce)",
        "listPrice": "",
        "imageUrl": "https://m.media-amazon.com/images/I/31oMVYL7N7L._SL160_.jpg",
        "detailPageURL": "https://www.amazon.com/dp/B00J4WZ9GK",
        "rating": "4.5",
        "totalReviews": "611",
        "subtitle": "Gunilla Of Sweden",
        "isPrimeEligible": "1"
    },
    {
        "ASIN": "B0B9S81PY5",
        "title": "SHVYOG Green Tea Face Mask, Antioxidant Green Tea Clay Mask with Volcanic Mud, Deep Cleansing & Moisturizing & Hydrating Clay Facial Mask for Pores, Blackheads, Wrinkles, Dirts",
        "price": "$11.99 ($2.27 / Ounce)",
        "listPrice": "",
        "imageUrl": "https://m.media-amazon.com/images/I/51I+esCmcHL._SL160_.jpg",
        "detailPageURL": "https://www.amazon.com/dp/B0B9S81PY5",
        "rating": "4.4",
        "totalReviews": "1134",
        "subtitle": "SHVYOG",
        "isPrimeEligible": "1"
    },
    {
        "ASIN": "B07GVQGHQY",
        "title": "Aztec Secret Aztec Clay Premium Mask Set by Etana Beauty \u2013 All-In-One Kit Includes 1lb Indian Healing Clay, 16oz Bragg's Apple Cider Vinegar, Natural Bamboo Bowl, Stir, Scoop, Brush & Tote",
        "price": "$29.95",
        "listPrice": "",
        "imageUrl": "https://m.media-amazon.com/images/I/51XmuF69rVL._SL160_.jpg",
        "detailPageURL": "https://www.amazon.com/dp/B07GVQGHQY",
        "rating": "4.6",
        "totalReviews": "5541",
        "subtitle": "Aztec Secret",
        "isPrimeEligible": "1"
    },
    {
        "ASIN": "B075GYJH7G",
        "title": "philosophy purity made simple - pore extractor mask, 1 oz",
        "price": "$21.00",
        "listPrice": "",
        "imageUrl": "https://m.media-amazon.com/images/I/31aorh2H4AL._SL160_.jpg",
        "detailPageURL": "https://www.amazon.com/dp/B075GYJH7G",
        "rating": "4.5",
        "totalReviews": "408",
        "subtitle": "",
        "isPrimeEligible": "1"
    },
    {
        "ASIN": "B07VVFTK71",
        "title": "ANAI RUI Green Tea Mask, Clay Mask for Poreless Deep Cleanse, Green Tea Face Mask Blackhead Remover with Kaolin, Aloe, Collagen, Pore Minimizer, Hydrating, Moisturizing 4.05OZ",
        "price": "$9.59 ($2.40 / Ounce)",
        "listPrice": "$15.99 ($4.00 / Ounce)",
        "imageUrl": "https://m.media-amazon.com/images/I/515LdcfhQ-L._SL160_.jpg",
        "detailPageURL": "https://www.amazon.com/dp/B07VVFTK71",
        "rating": "4.3",
        "totalReviews": "188",
        "subtitle": "ANAI RUI",
        "isPrimeEligible": "1"
    },
    {
        "ASIN": "B00HCUO2DW",
        "title": "FREEMAN Anti-Stress Clay Facial Mask with Dead Sea Minerals, Balancing and Clearing Beauty Face Mask, 6 oz, 2 Pack",
        "price": "$7.49 ($0.62 / Ounce)",
        "listPrice": "$9.99 ($0.83 / Ounce)",
        "imageUrl": "https://m.media-amazon.com/images/I/51Ms7Jp-reL._SL160_.jpg",
        "detailPageURL": "https://www.amazon.com/dp/B00HCUO2DW",
        "rating": "4.7",
        "totalReviews": "189",
        "subtitle": "FREEMAN",
        "isPrimeEligible": "1"
    },
    {
        "ASIN": "B09F14TY3B",
        "title": "Youth To The People Superclay Purify + Clear Power Mask with Niacinamide 2.0 oz/ 60 mL",
        "price": "$38.00 ($19.00 / Ounce)",
        "listPrice": "",
        "imageUrl": "https://m.media-amazon.com/images/I/31N9UM1oToL._SL160_.jpg",
        "detailPageURL": "https://www.amazon.com/dp/B09F14TY3B",
        "rating": "4.5",
        "totalReviews": "262",
        "subtitle": "Youth To The People",
        "isPrimeEligible": "1"
    },
    {
        "ASIN": "B01IYY49VY",
        "title": "Fresh Umbrian Clay Purifying Mask, for Normal To Oily Skin, 3.3 Ounce",
        "price": "$38.95 ($11.80 / Fl Oz)",
        "listPrice": "$45.00 ($13.64 / Fl Oz)",
        "imageUrl": "https://m.media-amazon.com/images/I/41y39m-pOIL._SL160_.jpg",
        "detailPageURL": "https://www.amazon.com/dp/B01IYY49VY",
        "rating": "4.0",
        "totalReviews": "65",
        "subtitle": "Fresh",
        "isPrimeEligible": "1"
    },
    {
        "ASIN": "B0B9MPNDHF",
        "title": "Pjordo Clay Mask Kit, Turmeric Vitamin C Clay Mask, Avocado Clay Mask, Rose Clay Mask, Facial Mask Skin Care Set for Deep Cleansing Reduce Blackheads Acne Dark Spots, Gifts for Women, 240g in Total",
        "price": "$13.99 ($1.65 / Ounce)",
        "listPrice": "$22.99 ($2.72 / Ounce)",
        "imageUrl": "https://m.media-amazon.com/images/I/51bM6jCwKaL._SL160_.jpg",
        "detailPageURL": "https://www.amazon.com/dp/B0B9MPNDHF",
        "rating": "4.4",
        "totalReviews": "73",
        "subtitle": "Pjordo",
        "isPrimeEligible": "1"
    },
    {
        "ASIN": "B00J4WZ9GK",
        "title": "LEROSETT Spot Treatment & Clay Mask - Swedish Facial Clay for Acne, Oily & Congested Skin, Blemishes, Blackheads, Pimples, Ingrown Hairs, Tighten Pores | Fast-Drying, Natural, Vegan. 3 oz",
        "price": "$26.95 ($8.98 / Ounce)",
        "listPrice": "",
        "imageUrl": "https://m.media-amazon.com/images/I/31oMVYL7N7L._SL160_.jpg",
        "detailPageURL": "https://www.amazon.com/dp/B00J4WZ9GK",
        "rating": "4.5",
        "totalReviews": "611",
        "subtitle": "Gunilla Of Sweden",
        "isPrimeEligible": "1"
    },
    {
        "ASIN": "B0B9S81PY5",
        "title": "SHVYOG Green Tea Face Mask, Antioxidant Green Tea Clay Mask with Volcanic Mud, Deep Cleansing & Moisturizing & Hydrating Clay Facial Mask for Pores, Blackheads, Wrinkles, Dirts",
        "price": "$11.99 ($2.27 / Ounce)",
        "listPrice": "",
        "imageUrl": "https://m.media-amazon.com/images/I/51I+esCmcHL._SL160_.jpg",
        "detailPageURL": "https://www.amazon.com/dp/B0B9S81PY5",
        "rating": "4.4",
        "totalReviews": "1134",
        "subtitle": "SHVYOG",
        "isPrimeEligible": "1"
    },
    {
        "ASIN": "B07GVQGHQY",
        "title": "Aztec Secret Aztec Clay Premium Mask Set by Etana Beauty \u2013 All-In-One Kit Includes 1lb Indian Healing Clay, 16oz Bragg's Apple Cider Vinegar, Natural Bamboo Bowl, Stir, Scoop, Brush & Tote",
        "price": "$29.95",
        "listPrice": "",
        "imageUrl": "https://m.media-amazon.com/images/I/51XmuF69rVL._SL160_.jpg",
        "detailPageURL": "https://www.amazon.com/dp/B07GVQGHQY",
        "rating": "4.6",
        "totalReviews": "5541",
        "subtitle": "Aztec Secret",
        "isPrimeEligible": "1"
    },
    {
        "ASIN": "B075GYJH7G",
        "title": "philosophy purity made simple - pore extractor mask, 1 oz",
        "price": "$21.00",
        "listPrice": "",
        "imageUrl": "https://m.media-amazon.com/images/I/31aorh2H4AL._SL160_.jpg",
        "detailPageURL": "https://www.amazon.com/dp/B075GYJH7G",
        "rating": "4.5",
        "totalReviews": "408",
        "subtitle": "",
        "isPrimeEligible": "1"
    },
    {
        "ASIN": "B07VVFTK71",
        "title": "ANAI RUI Green Tea Mask, Clay Mask for Poreless Deep Cleanse, Green Tea Face Mask Blackhead Remover with Kaolin, Aloe, Collagen, Pore Minimizer, Hydrating, Moisturizing 4.05OZ",
        "price": "$9.59 ($2.40 / Ounce)",
        "listPrice": "$15.99 ($4.00 / Ounce)",
        "imageUrl": "https://m.media-amazon.com/images/I/515LdcfhQ-L._SL160_.jpg",
        "detailPageURL": "https://www.amazon.com/dp/B07VVFTK71",
        "rating": "4.3",
        "totalReviews": "188",
        "subtitle": "ANAI RUI",
        "isPrimeEligible": "1"
    },
    {
        "ASIN": "B00HCUO2DW",
        "title": "FREEMAN Anti-Stress Clay Facial Mask with Dead Sea Minerals, Balancing and Clearing Beauty Face Mask, 6 oz, 2 Pack",
        "price": "$7.49 ($0.62 / Ounce)",
        "listPrice": "$9.99 ($0.83 / Ounce)",
        "imageUrl": "https://m.media-amazon.com/images/I/51Ms7Jp-reL._SL160_.jpg",
        "detailPageURL": "https://www.amazon.com/dp/B00HCUO2DW",
        "rating": "4.7",
        "totalReviews": "189",
        "subtitle": "FREEMAN",
        "isPrimeEligible": "1"
    },
    {
        "ASIN": "B09F14TY3B",
        "title": "Youth To The People Superclay Purify + Clear Power Mask with Niacinamide 2.0 oz/ 60 mL",
        "price": "$38.00 ($19.00 / Ounce)",
        "listPrice": "",
        "imageUrl": "https://m.media-amazon.com/images/I/31N9UM1oToL._SL160_.jpg",
        "detailPageURL": "https://www.amazon.com/dp/B09F14TY3B",
        "rating": "4.5",
        "totalReviews": "262",
        "subtitle": "Youth To The People",
        "isPrimeEligible": "1"
    },
    {
        "ASIN": "B01IYY49VY",
        "title": "Fresh Umbrian Clay Purifying Mask, for Normal To Oily Skin, 3.3 Ounce",
        "price": "$38.95 ($11.80 / Fl Oz)",
        "listPrice": "$45.00 ($13.64 / Fl Oz)",
        "imageUrl": "https://m.media-amazon.com/images/I/41y39m-pOIL._SL160_.jpg",
        "detailPageURL": "https://www.amazon.com/dp/B01IYY49VY",
        "rating": "4.0",
        "totalReviews": "65",
        "subtitle": "Fresh",
        "isPrimeEligible": "1"
    },
    {
        "ASIN": "B07R55ZLXB",
        "title": "Tree to Tub Bentonite Clay Face Mask for Dry, Oily, Sensitive Skin - Exfoliating & Pore Cleansing Activated Charcoal Mud Mask for Women & Men, Moisturizing Facial Mask w/Vitamin C, Green Tea, Pumpkin",
        "price": "$17.99 ($9.00 / Fl Oz)",
        "listPrice": "",
        "imageUrl": "https://m.media-amazon.com/images/I/51cbf1Er5JL._SL160_.jpg",
        "detailPageURL": "https://www.amazon.com/dp/B07R55ZLXB",
        "rating": "4.3",
        "totalReviews": "636",
        "subtitle": "Tree to Tub",
        "isPrimeEligible": "1"
    },
    {
        "ASIN": "B00J4WZ9GK",
        "title": "LEROSETT Spot Treatment & Clay Mask - Swedish Facial Clay for Acne, Oily & Congested Skin, Blemishes, Blackheads, Pimples, Ingrown Hairs, Tighten Pores | Fast-Drying, Natural, Vegan. 3 oz",
        "price": "$26.95 ($8.98 / Ounce)",
        "listPrice": "",
        "imageUrl": "https://m.media-amazon.com/images/I/31oMVYL7N7L._SL160_.jpg",
        "detailPageURL": "https://www.amazon.com/dp/B00J4WZ9GK",
        "rating": "4.5",
        "totalReviews": "611",
        "subtitle": "Gunilla Of Sweden",
        "isPrimeEligible": "1"
    },
    {
        "ASIN": "B0B9S81PY5",
        "title": "SHVYOG Green Tea Face Mask, Antioxidant Green Tea Clay Mask with Volcanic Mud, Deep Cleansing & Moisturizing & Hydrating Clay Facial Mask for Pores, Blackheads, Wrinkles, Dirts",
        "price": "$11.99 ($2.27 / Ounce)",
        "listPrice": "",
        "imageUrl": "https://m.media-amazon.com/images/I/51I+esCmcHL._SL160_.jpg",
        "detailPageURL": "https://www.amazon.com/dp/B0B9S81PY5",
        "rating": "4.4",
        "totalReviews": "1134",
        "subtitle": "SHVYOG",
        "isPrimeEligible": "1"
    },
    {
        "ASIN": "B07GVQGHQY",
        "title": "Aztec Secret Aztec Clay Premium Mask Set by Etana Beauty \u2013 All-In-One Kit Includes 1lb Indian Healing Clay, 16oz Bragg's Apple Cider Vinegar, Natural Bamboo Bowl, Stir, Scoop, Brush & Tote",
        "price": "$29.95",
        "listPrice": "",
        "imageUrl": "https://m.media-amazon.com/images/I/51XmuF69rVL._SL160_.jpg",
        "detailPageURL": "https://www.amazon.com/dp/B07GVQGHQY",
        "rating": "4.6",
        "totalReviews": "5541",
        "subtitle": "Aztec Secret",
        "isPrimeEligible": "1"
    },
    {
        "ASIN": "B075GYJH7G",
        "title": "philosophy purity made simple - pore extractor mask, 1 oz",
        "price": "$21.00",
        "listPrice": "",
        "imageUrl": "https://m.media-amazon.com/images/I/31aorh2H4AL._SL160_.jpg",
        "detailPageURL": "https://www.amazon.com/dp/B075GYJH7G",
        "rating": "4.5",
        "totalReviews": "408",
        "subtitle": "",
        "isPrimeEligible": "1"
    },
    {
        "ASIN": "B07VVFTK71",
        "title": "ANAI RUI Green Tea Mask, Clay Mask for Poreless Deep Cleanse, Green Tea Face Mask Blackhead Remover with Kaolin, Aloe, Collagen, Pore Minimizer, Hydrating, Moisturizing 4.05OZ",
        "price": "$9.59 ($2.40 / Ounce)",
        "listPrice": "$15.99 ($4.00 / Ounce)",
        "imageUrl": "https://m.media-amazon.com/images/I/515LdcfhQ-L._SL160_.jpg",
        "detailPageURL": "https://www.amazon.com/dp/B07VVFTK71",
        "rating": "4.3",
        "totalReviews": "188",
        "subtitle": "ANAI RUI",
        "isPrimeEligible": "1"
    },
    {
        "ASIN": "B00HCUO2DW",
        "title": "FREEMAN Anti-Stress Clay Facial Mask with Dead Sea Minerals, Balancing and Clearing Beauty Face Mask, 6 oz, 2 Pack",
        "price": "$7.49 ($0.62 / Ounce)",
        "listPrice": "$9.99 ($0.83 / Ounce)",
        "imageUrl": "https://m.media-amazon.com/images/I/51Ms7Jp-reL._SL160_.jpg",
        "detailPageURL": "https://www.amazon.com/dp/B00HCUO2DW",
        "rating": "4.7",
        "totalReviews": "189",
        "subtitle": "FREEMAN",
        "isPrimeEligible": "1"
    },
    {
        "ASIN": "B09F14TY3B",
        "title": "Youth To The People Superclay Purify + Clear Power Mask with Niacinamide 2.0 oz/ 60 mL",
        "price": "$38.00 ($19.00 / Ounce)",
        "listPrice": "",
        "imageUrl": "https://m.media-amazon.com/images/I/31N9UM1oToL._SL160_.jpg",
        "detailPageURL": "https://www.amazon.com/dp/B09F14TY3B",
        "rating": "4.5",
        "totalReviews": "262",
        "subtitle": "Youth To The People",
        "isPrimeEligible": "1"
    },
    {
        "ASIN": "B01IYY49VY",
        "title": "Fresh Umbrian Clay Purifying Mask, for Normal To Oily Skin, 3.3 Ounce",
        "price": "$38.95 ($11.80 / Fl Oz)",
        "listPrice": "$45.00 ($13.64 / Fl Oz)",
        "imageUrl": "https://m.media-amazon.com/images/I/41y39m-pOIL._SL160_.jpg",
        "detailPageURL": "https://www.amazon.com/dp/B01IYY49VY",
        "rating": "4.0",
        "totalReviews": "65",
        "subtitle": "Fresh",
        "isPrimeEligible": "1"
    },
    {
        "ASIN": "B07R55ZLXB",
        "title": "Tree to Tub Bentonite Clay Face Mask for Dry, Oily, Sensitive Skin - Exfoliating & Pore Cleansing Activated Charcoal Mud Mask for Women & Men, Moisturizing Facial Mask w/Vitamin C, Green Tea, Pumpkin",
        "price": "$17.99 ($9.00 / Fl Oz)",
        "listPrice": "",
        "imageUrl": "https://m.media-amazon.com/images/I/51cbf1Er5JL._SL160_.jpg",
        "detailPageURL": "https://www.amazon.com/dp/B07R55ZLXB",
        "rating": "4.3",
        "totalReviews": "636",
        "subtitle": "Tree to Tub",
        "isPrimeEligible": "1"
    },
    {
        "ASIN": "B0BRQNRQTR",
        "title": "LAVONE Rose Clay Mask, Face Masks Skincare with Rose, Aloe and Green Tea Extract for Dark Spots, Ances, Blackheads, Controlling Oil and Refining Pores 4 Oz, for All Skin Types.",
        "price": "$9.99",
        "listPrice": "",
        "imageUrl": "https://m.media-amazon.com/images/I/41LIpmTXjdL._SL160_.jpg",
        "detailPageURL": "https://www.amazon.com/dp/B0BRQNRQTR",
        "rating": "4.4",
        "totalReviews": "398",
        "subtitle": "LAVONE",
        "isPrimeEligible": "1"
    },
    {
        "ASIN": "B0B9S81PY5",
        "title": "SHVYOG Green Tea Face Mask, Antioxidant Green Tea Clay Mask with Volcanic Mud, Deep Cleansing & Moisturizing & Hydrating Clay Facial Mask for Pores, Blackheads, Wrinkles, Dirts",
        "price": "$11.99 ($2.27 / Ounce)",
        "listPrice": "",
        "imageUrl": "https://m.media-amazon.com/images/I/51I+esCmcHL._SL160_.jpg",
        "detailPageURL": "https://www.amazon.com/dp/B0B9S81PY5",
        "rating": "4.4",
        "totalReviews": "1134",
        "subtitle": "SHVYOG",
        "isPrimeEligible": "1"
    },
    {
        "ASIN": "B07GVQGHQY",
        "title": "Aztec Secret Aztec Clay Premium Mask Set by Etana Beauty \u2013 All-In-One Kit Includes 1lb Indian Healing Clay, 16oz Bragg's Apple Cider Vinegar, Natural Bamboo Bowl, Stir, Scoop, Brush & Tote",
        "price": "$29.95",
        "listPrice": "",
        "imageUrl": "https://m.media-amazon.com/images/I/51XmuF69rVL._SL160_.jpg",
        "detailPageURL": "https://www.amazon.com/dp/B07GVQGHQY",
        "rating": "4.6",
        "totalReviews": "5541",
        "subtitle": "Aztec Secret",
        "isPrimeEligible": "1"
    },
    {
        "ASIN": "B075GYJH7G",
        "title": "philosophy purity made simple - pore extractor mask, 1 oz",
        "price": "$21.00",
        "listPrice": "",
        "imageUrl": "https://m.media-amazon.com/images/I/31aorh2H4AL._SL160_.jpg",
        "detailPageURL": "https://www.amazon.com/dp/B075GYJH7G",
        "rating": "4.5",
        "totalReviews": "408",
        "subtitle": "",
        "isPrimeEligible": "1"
    },
    {
        "ASIN": "B07VVFTK71",
        "title": "ANAI RUI Green Tea Mask, Clay Mask for Poreless Deep Cleanse, Green Tea Face Mask Blackhead Remover with Kaolin, Aloe, Collagen, Pore Minimizer, Hydrating, Moisturizing 4.05OZ",
        "price": "$9.59 ($2.40 / Ounce)",
        "listPrice": "$15.99 ($4.00 / Ounce)",
        "imageUrl": "https://m.media-amazon.com/images/I/515LdcfhQ-L._SL160_.jpg",
        "detailPageURL": "https://www.amazon.com/dp/B07VVFTK71",
        "rating": "4.3",
        "totalReviews": "188",
        "subtitle": "ANAI RUI",
        "isPrimeEligible": "1"
    },
    {
        "ASIN": "B00HCUO2DW",
        "title": "FREEMAN Anti-Stress Clay Facial Mask with Dead Sea Minerals, Balancing and Clearing Beauty Face Mask, 6 oz, 2 Pack",
        "price": "$7.49 ($0.62 / Ounce)",
        "listPrice": "$9.99 ($0.83 / Ounce)",
        "imageUrl": "https://m.media-amazon.com/images/I/51Ms7Jp-reL._SL160_.jpg",
        "detailPageURL": "https://www.amazon.com/dp/B00HCUO2DW",
        "rating": "4.7",
        "totalReviews": "189",
        "subtitle": "FREEMAN",
        "isPrimeEligible": "1"
    },
    {
        "ASIN": "B09F14TY3B",
        "title": "Youth To The People Superclay Purify + Clear Power Mask with Niacinamide 2.0 oz/ 60 mL",
        "price": "$38.00 ($19.00 / Ounce)",
        "listPrice": "",
        "imageUrl": "https://m.media-amazon.com/images/I/31N9UM1oToL._SL160_.jpg",
        "detailPageURL": "https://www.amazon.com/dp/B09F14TY3B",
        "rating": "4.5",
        "totalReviews": "262",
        "subtitle": "Youth To The People",
        "isPrimeEligible": "1"
    },
    {
        "ASIN": "B01IYY49VY",
        "title": "Fresh Umbrian Clay Purifying Mask, for Normal To Oily Skin, 3.3 Ounce",
        "price": "$38.95 ($11.80 / Fl Oz)",
        "listPrice": "$45.00 ($13.64 / Fl Oz)",
        "imageUrl": "https://m.media-amazon.com/images/I/41y39m-pOIL._SL160_.jpg",
        "detailPageURL": "https://www.amazon.com/dp/B01IYY49VY",
        "rating": "4.0",
        "totalReviews": "65",
        "subtitle": "Fresh",
        "isPrimeEligible": "1"
    },
    {
        "ASIN": "B07R55ZLXB",
        "title": "Tree to Tub Bentonite Clay Face Mask for Dry, Oily, Sensitive Skin - Exfoliating & Pore Cleansing Activated Charcoal Mud Mask for Women & Men, Moisturizing Facial Mask w/Vitamin C, Green Tea, Pumpkin",
        "price": "$17.99 ($9.00 / Fl Oz)",
        "listPrice": "",
        "imageUrl": "https://m.media-amazon.com/images/I/51cbf1Er5JL._SL160_.jpg",
        "detailPageURL": "https://www.amazon.com/dp/B07R55ZLXB",
        "rating": "4.3",
        "totalReviews": "636",
        "subtitle": "Tree to Tub",
        "isPrimeEligible": "1"
    },
    {
        "ASIN": "B0BRQNRQTR",
        "title": "LAVONE Rose Clay Mask, Face Masks Skincare with Rose, Aloe and Green Tea Extract for Dark Spots, Ances, Blackheads, Controlling Oil and Refining Pores 4 Oz, for All Skin Types.",
        "price": "$9.99",
        "listPrice": "",
        "imageUrl": "https://m.media-amazon.com/images/I/41LIpmTXjdL._SL160_.jpg",
        "detailPageURL": "https://www.amazon.com/dp/B0BRQNRQTR",
        "rating": "4.4",
        "totalReviews": "398",
        "subtitle": "LAVONE",
        "isPrimeEligible": "1"
    },
    {
        "ASIN": "B00WH04BSI",
        "title": "RUGGED & DAPPER Detox Mineral Clay Facial Mask | Natural Acne & Age Defense Treatment for Men- 5.5 Oz",
        "price": "$14.95 ($2.70 / Fl Oz)",
        "listPrice": "$24.95 ($4.50 / Fl Oz)",
        "imageUrl": "https://m.media-amazon.com/images/I/41p9ChhNATL._SL160_.jpg",
        "detailPageURL": "https://www.amazon.com/dp/B00WH04BSI",
        "rating": "4.4",
        "totalReviews": "893",
        "subtitle": "RUGGED & DAPPER",
        "isPrimeEligible": "0"
    },
    {
        "ASIN": "B07GVQGHQY",
        "title": "Aztec Secret Aztec Clay Premium Mask Set by Etana Beauty \u2013 All-In-One Kit Includes 1lb Indian Healing Clay, 16oz Bragg's Apple Cider Vinegar, Natural Bamboo Bowl, Stir, Scoop, Brush & Tote",
        "price": "$29.95",
        "listPrice": "",
        "imageUrl": "https://m.media-amazon.com/images/I/51XmuF69rVL._SL160_.jpg",
        "detailPageURL": "https://www.amazon.com/dp/B07GVQGHQY",
        "rating": "4.6",
        "totalReviews": "5541",
        "subtitle": "Aztec Secret",
        "isPrimeEligible": "1"
    },
    {
        "ASIN": "B075GYJH7G",
        "title": "philosophy purity made simple - pore extractor mask, 1 oz",
        "price": "$21.00",
        "listPrice": "",
        "imageUrl": "https://m.media-amazon.com/images/I/31aorh2H4AL._SL160_.jpg",
        "detailPageURL": "https://www.amazon.com/dp/B075GYJH7G",
        "rating": "4.5",
        "totalReviews": "408",
        "subtitle": "",
        "isPrimeEligible": "1"
    },
    {
        "ASIN": "B07VVFTK71",
        "title": "ANAI RUI Green Tea Mask, Clay Mask for Poreless Deep Cleanse, Green Tea Face Mask Blackhead Remover with Kaolin, Aloe, Collagen, Pore Minimizer, Hydrating, Moisturizing 4.05OZ",
        "price": "$9.59 ($2.40 / Ounce)",
        "listPrice": "$15.99 ($4.00 / Ounce)",
        "imageUrl": "https://m.media-amazon.com/images/I/515LdcfhQ-L._SL160_.jpg",
        "detailPageURL": "https://www.amazon.com/dp/B07VVFTK71",
        "rating": "4.3",
        "totalReviews": "188",
        "subtitle": "ANAI RUI",
        "isPrimeEligible": "1"
    },
    {
        "ASIN": "B00HCUO2DW",
        "title": "FREEMAN Anti-Stress Clay Facial Mask with Dead Sea Minerals, Balancing and Clearing Beauty Face Mask, 6 oz, 2 Pack",
        "price": "$7.49 ($0.62 / Ounce)",
        "listPrice": "$9.99 ($0.83 / Ounce)",
        "imageUrl": "https://m.media-amazon.com/images/I/51Ms7Jp-reL._SL160_.jpg",
        "detailPageURL": "https://www.amazon.com/dp/B00HCUO2DW",
        "rating": "4.7",
        "totalReviews": "189",
        "subtitle": "FREEMAN",
        "isPrimeEligible": "1"
    },
    {
        "ASIN": "B09F14TY3B",
        "title": "Youth To The People Superclay Purify + Clear Power Mask with Niacinamide 2.0 oz/ 60 mL",
        "price": "$38.00 ($19.00 / Ounce)",
        "listPrice": "",
        "imageUrl": "https://m.media-amazon.com/images/I/31N9UM1oToL._SL160_.jpg",
        "detailPageURL": "https://www.amazon.com/dp/B09F14TY3B",
        "rating": "4.5",
        "totalReviews": "262",
        "subtitle": "Youth To The People",
        "isPrimeEligible": "1"
    },
    {
        "ASIN": "B01IYY49VY",
        "title": "Fresh Umbrian Clay Purifying Mask, for Normal To Oily Skin, 3.3 Ounce",
        "price": "$38.95 ($11.80 / Fl Oz)",
        "listPrice": "$45.00 ($13.64 / Fl Oz)",
        "imageUrl": "https://m.media-amazon.com/images/I/41y39m-pOIL._SL160_.jpg",
        "detailPageURL": "https://www.amazon.com/dp/B01IYY49VY",
        "rating": "4.0",
        "totalReviews": "65",
        "subtitle": "Fresh",
        "isPrimeEligible": "1"
    },
    {
        "ASIN": "B07R55ZLXB",
        "title": "Tree to Tub Bentonite Clay Face Mask for Dry, Oily, Sensitive Skin - Exfoliating & Pore Cleansing Activated Charcoal Mud Mask for Women & Men, Moisturizing Facial Mask w/Vitamin C, Green Tea, Pumpkin",
        "price": "$17.99 ($9.00 / Fl Oz)",
        "listPrice": "",
        "imageUrl": "https://m.media-amazon.com/images/I/51cbf1Er5JL._SL160_.jpg",
        "detailPageURL": "https://www.amazon.com/dp/B07R55ZLXB",
        "rating": "4.3",
        "totalReviews": "636",
        "subtitle": "Tree to Tub",
        "isPrimeEligible": "1"
    },
    {
        "ASIN": "B0BRQNRQTR",
        "title": "LAVONE Rose Clay Mask, Face Masks Skincare with Rose, Aloe and Green Tea Extract for Dark Spots, Ances, Blackheads, Controlling Oil and Refining Pores 4 Oz, for All Skin Types.",
        "price": "$9.99",
        "listPrice": "",
        "imageUrl": "https://m.media-amazon.com/images/I/41LIpmTXjdL._SL160_.jpg",
        "detailPageURL": "https://www.amazon.com/dp/B0BRQNRQTR",
        "rating": "4.4",
        "totalReviews": "398",
        "subtitle": "LAVONE",
        "isPrimeEligible": "1"
    },
    {
        "ASIN": "B00WH04BSI",
        "title": "RUGGED & DAPPER Detox Mineral Clay Facial Mask | Natural Acne & Age Defense Treatment for Men- 5.5 Oz",
        "price": "$14.95 ($2.70 / Fl Oz)",
        "listPrice": "$24.95 ($4.50 / Fl Oz)",
        "imageUrl": "https://m.media-amazon.com/images/I/41p9ChhNATL._SL160_.jpg",
        "detailPageURL": "https://www.amazon.com/dp/B00WH04BSI",
        "rating": "4.4",
        "totalReviews": "893",
        "subtitle": "RUGGED & DAPPER",
        "isPrimeEligible": "0"
    },
    {
        "ASIN": "B09MN49M76",
        "title": "\ud835\uddea\ud835\udddc\ud835\udde1\ud835\udde1\ud835\uddd8\ud835\udde5 \ud835\udfee\ud835\udfec\ud835\udfee\ud835\udfef* Turmeric Face Mask, Aztec Clay Mask, Brightening Facial Treatments, 100% Organic Face Mask, Clay Mask for Face, Reduce Acne & Dark Spots, Betty Rose's Botanicals Skin Care",
        "price": "$8.99 ($3.64 / Ounce)",
        "listPrice": "",
        "imageUrl": "https://m.media-amazon.com/images/I/512TLxEv6zL._SL160_.jpg",
        "detailPageURL": "https://www.amazon.com/dp/B09MN49M76",
        "rating": "4.5",
        "totalReviews": "198",
        "subtitle": "Betty Rose's Botanicals",
        "isPrimeEligible": "1"
    },
    {
        "ASIN": "B075GYJH7G",
        "title": "philosophy purity made simple - pore extractor mask, 1 oz",
        "price": "$21.00",
        "listPrice": "",
        "imageUrl": "https://m.media-amazon.com/images/I/31aorh2H4AL._SL160_.jpg",
        "detailPageURL": "https://www.amazon.com/dp/B075GYJH7G",
        "rating": "4.5",
        "totalReviews": "408",
        "subtitle": "",
        "isPrimeEligible": "1"
    },
    {
        "ASIN": "B07VVFTK71",
        "title": "ANAI RUI Green Tea Mask, Clay Mask for Poreless Deep Cleanse, Green Tea Face Mask Blackhead Remover with Kaolin, Aloe, Collagen, Pore Minimizer, Hydrating, Moisturizing 4.05OZ",
        "price": "$9.59 ($2.40 / Ounce)",
        "listPrice": "$15.99 ($4.00 / Ounce)",
        "imageUrl": "https://m.media-amazon.com/images/I/515LdcfhQ-L._SL160_.jpg",
        "detailPageURL": "https://www.amazon.com/dp/B07VVFTK71",
        "rating": "4.3",
        "totalReviews": "188",
        "subtitle": "ANAI RUI",
        "isPrimeEligible": "1"
    },
    {
        "ASIN": "B00HCUO2DW",
        "title": "FREEMAN Anti-Stress Clay Facial Mask with Dead Sea Minerals, Balancing and Clearing Beauty Face Mask, 6 oz, 2 Pack",
        "price": "$7.49 ($0.62 / Ounce)",
        "listPrice": "$9.99 ($0.83 / Ounce)",
        "imageUrl": "https://m.media-amazon.com/images/I/51Ms7Jp-reL._SL160_.jpg",
        "detailPageURL": "https://www.amazon.com/dp/B00HCUO2DW",
        "rating": "4.7",
        "totalReviews": "189",
        "subtitle": "FREEMAN",
        "isPrimeEligible": "1"
    },
    {
        "ASIN": "B09F14TY3B",
        "title": "Youth To The People Superclay Purify + Clear Power Mask with Niacinamide 2.0 oz/ 60 mL",
        "price": "$38.00 ($19.00 / Ounce)",
        "listPrice": "",
        "imageUrl": "https://m.media-amazon.com/images/I/31N9UM1oToL._SL160_.jpg",
        "detailPageURL": "https://www.amazon.com/dp/B09F14TY3B",
        "rating": "4.5",
        "totalReviews": "262",
        "subtitle": "Youth To The People",
        "isPrimeEligible": "1"
    },
    {
        "ASIN": "B01IYY49VY",
        "title": "Fresh Umbrian Clay Purifying Mask, for Normal To Oily Skin, 3.3 Ounce",
        "price": "$38.95 ($11.80 / Fl Oz)",
        "listPrice": "$45.00 ($13.64 / Fl Oz)",
        "imageUrl": "https://m.media-amazon.com/images/I/41y39m-pOIL._SL160_.jpg",
        "detailPageURL": "https://www.amazon.com/dp/B01IYY49VY",
        "rating": "4.0",
        "totalReviews": "65",
        "subtitle": "Fresh",
        "isPrimeEligible": "1"
    },
    {
        "ASIN": "B07R55ZLXB",
        "title": "Tree to Tub Bentonite Clay Face Mask for Dry, Oily, Sensitive Skin - Exfoliating & Pore Cleansing Activated Charcoal Mud Mask for Women & Men, Moisturizing Facial Mask w/Vitamin C, Green Tea, Pumpkin",
        "price": "$17.99 ($9.00 / Fl Oz)",
        "listPrice": "",
        "imageUrl": "https://m.media-amazon.com/images/I/51cbf1Er5JL._SL160_.jpg",
        "detailPageURL": "https://www.amazon.com/dp/B07R55ZLXB",
        "rating": "4.3",
        "totalReviews": "636",
        "subtitle": "Tree to Tub",
        "isPrimeEligible": "1"
    },
    {
        "ASIN": "B0BRQNRQTR",
        "title": "LAVONE Rose Clay Mask, Face Masks Skincare with Rose, Aloe and Green Tea Extract for Dark Spots, Ances, Blackheads, Controlling Oil and Refining Pores 4 Oz, for All Skin Types.",
        "price": "$9.99",
        "listPrice": "",
        "imageUrl": "https://m.media-amazon.com/images/I/41LIpmTXjdL._SL160_.jpg",
        "detailPageURL": "https://www.amazon.com/dp/B0BRQNRQTR",
        "rating": "4.4",
        "totalReviews": "398",
        "subtitle": "LAVONE",
        "isPrimeEligible": "1"
    },
    {
        "ASIN": "B00WH04BSI",
        "title": "RUGGED & DAPPER Detox Mineral Clay Facial Mask | Natural Acne & Age Defense Treatment for Men- 5.5 Oz",
        "price": "$14.95 ($2.70 / Fl Oz)",
        "listPrice": "$24.95 ($4.50 / Fl Oz)",
        "imageUrl": "https://m.media-amazon.com/images/I/41p9ChhNATL._SL160_.jpg",
        "detailPageURL": "https://www.amazon.com/dp/B00WH04BSI",
        "rating": "4.4",
        "totalReviews": "893",
        "subtitle": "RUGGED & DAPPER",
        "isPrimeEligible": "0"
    },
    {
        "ASIN": "B09MN49M76",
        "title": "\ud835\uddea\ud835\udddc\ud835\udde1\ud835\udde1\ud835\uddd8\ud835\udde5 \ud835\udfee\ud835\udfec\ud835\udfee\ud835\udfef* Turmeric Face Mask, Aztec Clay Mask, Brightening Facial Treatments, 100% Organic Face Mask, Clay Mask for Face, Reduce Acne & Dark Spots, Betty Rose's Botanicals Skin Care",
        "price": "$8.99 ($3.64 / Ounce)",
        "listPrice": "",
        "imageUrl": "https://m.media-amazon.com/images/I/512TLxEv6zL._SL160_.jpg",
        "detailPageURL": "https://www.amazon.com/dp/B09MN49M76",
        "rating": "4.5",
        "totalReviews": "198",
        "subtitle": "Betty Rose's Botanicals",
        "isPrimeEligible": "1"
    },
    {
        "ASIN": "B0BQ3R8LH7",
        "title": "ZeoClay Face Mask - 100% Organic Spa Quality - Pore Reducer & Detoxifying Clay Mask",
        "price": "$38.24 ($7.23 / Ounce)",
        "listPrice": "$44.99 ($8.50 / Ounce)",
        "imageUrl": "https://m.media-amazon.com/images/I/31EvvnRfzhL._SL160_.jpg",
        "detailPageURL": "https://www.amazon.com/dp/B0BQ3R8LH7",
        "rating": "5.0",
        "totalReviews": "20",
        "subtitle": "ZeoClay",
        "isPrimeEligible": "1"
    },
    {
        "ASIN": "B07VVFTK71",
        "title": "ANAI RUI Green Tea Mask, Clay Mask for Poreless Deep Cleanse, Green Tea Face Mask Blackhead Remover with Kaolin, Aloe, Collagen, Pore Minimizer, Hydrating, Moisturizing 4.05OZ",
        "price": "$9.59 ($2.40 / Ounce)",
        "listPrice": "$15.99 ($4.00 / Ounce)",
        "imageUrl": "https://m.media-amazon.com/images/I/515LdcfhQ-L._SL160_.jpg",
        "detailPageURL": "https://www.amazon.com/dp/B07VVFTK71",
        "rating": "4.3",
        "totalReviews": "188",
        "subtitle": "ANAI RUI",
        "isPrimeEligible": "1"
    },
    {
        "ASIN": "B00HCUO2DW",
        "title": "FREEMAN Anti-Stress Clay Facial Mask with Dead Sea Minerals, Balancing and Clearing Beauty Face Mask, 6 oz, 2 Pack",
        "price": "$7.49 ($0.62 / Ounce)",
        "listPrice": "$9.99 ($0.83 / Ounce)",
        "imageUrl": "https://m.media-amazon.com/images/I/51Ms7Jp-reL._SL160_.jpg",
        "detailPageURL": "https://www.amazon.com/dp/B00HCUO2DW",
        "rating": "4.7",
        "totalReviews": "189",
        "subtitle": "FREEMAN",
        "isPrimeEligible": "1"
    },
    {
        "ASIN": "B09F14TY3B",
        "title": "Youth To The People Superclay Purify + Clear Power Mask with Niacinamide 2.0 oz/ 60 mL",
        "price": "$38.00 ($19.00 / Ounce)",
        "listPrice": "",
        "imageUrl": "https://m.media-amazon.com/images/I/31N9UM1oToL._SL160_.jpg",
        "detailPageURL": "https://www.amazon.com/dp/B09F14TY3B",
        "rating": "4.5",
        "totalReviews": "262",
        "subtitle": "Youth To The People",
        "isPrimeEligible": "1"
    },
    {
        "ASIN": "B01IYY49VY",
        "title": "Fresh Umbrian Clay Purifying Mask, for Normal To Oily Skin, 3.3 Ounce",
        "price": "$38.95 ($11.80 / Fl Oz)",
        "listPrice": "$45.00 ($13.64 / Fl Oz)",
        "imageUrl": "https://m.media-amazon.com/images/I/41y39m-pOIL._SL160_.jpg",
        "detailPageURL": "https://www.amazon.com/dp/B01IYY49VY",
        "rating": "4.0",
        "totalReviews": "65",
        "subtitle": "Fresh",
        "isPrimeEligible": "1"
    },
    {
        "ASIN": "B07R55ZLXB",
        "title": "Tree to Tub Bentonite Clay Face Mask for Dry, Oily, Sensitive Skin - Exfoliating & Pore Cleansing Activated Charcoal Mud Mask for Women & Men, Moisturizing Facial Mask w/Vitamin C, Green Tea, Pumpkin",
        "price": "$17.99 ($9.00 / Fl Oz)",
        "listPrice": "",
        "imageUrl": "https://m.media-amazon.com/images/I/51cbf1Er5JL._SL160_.jpg",
        "detailPageURL": "https://www.amazon.com/dp/B07R55ZLXB",
        "rating": "4.3",
        "totalReviews": "636",
        "subtitle": "Tree to Tub",
        "isPrimeEligible": "1"
    },
    {
        "ASIN": "B0BRQNRQTR",
        "title": "LAVONE Rose Clay Mask, Face Masks Skincare with Rose, Aloe and Green Tea Extract for Dark Spots, Ances, Blackheads, Controlling Oil and Refining Pores 4 Oz, for All Skin Types.",
        "price": "$9.99",
        "listPrice": "",
        "imageUrl": "https://m.media-amazon.com/images/I/41LIpmTXjdL._SL160_.jpg",
        "detailPageURL": "https://www.amazon.com/dp/B0BRQNRQTR",
        "rating": "4.4",
        "totalReviews": "398",
        "subtitle": "LAVONE",
        "isPrimeEligible": "1"
    },
    {
        "ASIN": "B00WH04BSI",
        "title": "RUGGED & DAPPER Detox Mineral Clay Facial Mask | Natural Acne & Age Defense Treatment for Men- 5.5 Oz",
        "price": "$14.95 ($2.70 / Fl Oz)",
        "listPrice": "$24.95 ($4.50 / Fl Oz)",
        "imageUrl": "https://m.media-amazon.com/images/I/41p9ChhNATL._SL160_.jpg",
        "detailPageURL": "https://www.amazon.com/dp/B00WH04BSI",
        "rating": "4.4",
        "totalReviews": "893",
        "subtitle": "RUGGED & DAPPER",
        "isPrimeEligible": "0"
    },
    {
        "ASIN": "B09MN49M76",
        "title": "\ud835\uddea\ud835\udddc\ud835\udde1\ud835\udde1\ud835\uddd8\ud835\udde5 \ud835\udfee\ud835\udfec\ud835\udfee\ud835\udfef* Turmeric Face Mask, Aztec Clay Mask, Brightening Facial Treatments, 100% Organic Face Mask, Clay Mask for Face, Reduce Acne & Dark Spots, Betty Rose's Botanicals Skin Care",
        "price": "$8.99 ($3.64 / Ounce)",
        "listPrice": "",
        "imageUrl": "https://m.media-amazon.com/images/I/512TLxEv6zL._SL160_.jpg",
        "detailPageURL": "https://www.amazon.com/dp/B09MN49M76",
        "rating": "4.5",
        "totalReviews": "198",
        "subtitle": "Betty Rose's Botanicals",
        "isPrimeEligible": "1"
    },
    {
        "ASIN": "B0BQ3R8LH7",
        "title": "ZeoClay Face Mask - 100% Organic Spa Quality - Pore Reducer & Detoxifying Clay Mask",
        "price": "$38.24 ($7.23 / Ounce)",
        "listPrice": "$44.99 ($8.50 / Ounce)",
        "imageUrl": "https://m.media-amazon.com/images/I/31EvvnRfzhL._SL160_.jpg",
        "detailPageURL": "https://www.amazon.com/dp/B0BQ3R8LH7",
        "rating": "5.0",
        "totalReviews": "20",
        "subtitle": "ZeoClay",
        "isPrimeEligible": "1"
    },
    {
        "ASIN": "B0B1F8B692",
        "title": "New York Biology Bentonite Facial Mask 6 oz \u2013 Moisturizing and Hydrating Face Mask for Acne, Pores, and Clear Skin \u2013 Deep Facial Cleanser Clay Mask for Normal and Oily Skin",
        "price": "$9.99 ($1.66 / Ounce)",
        "listPrice": "",
        "imageUrl": "https://m.media-amazon.com/images/I/41MMH0-qBXL._SL160_.jpg",
        "detailPageURL": "https://www.amazon.com/dp/B0B1F8B692",
        "rating": "4.5",
        "totalReviews": "335",
        "subtitle": "NEW YORK BIOLOGY THE ULTIMATE COSMECEUTICALS",
        "isPrimeEligible": "1"
    },
    {
        "ASIN": "B00HCUO2DW",
        "title": "FREEMAN Anti-Stress Clay Facial Mask with Dead Sea Minerals, Balancing and Clearing Beauty Face Mask, 6 oz, 2 Pack",
        "price": "$7.49 ($0.62 / Ounce)",
        "listPrice": "$9.99 ($0.83 / Ounce)",
        "imageUrl": "https://m.media-amazon.com/images/I/51Ms7Jp-reL._SL160_.jpg",
        "detailPageURL": "https://www.amazon.com/dp/B00HCUO2DW",
        "rating": "4.7",
        "totalReviews": "189",
        "subtitle": "FREEMAN",
        "isPrimeEligible": "1"
    },
    {
        "ASIN": "B09F14TY3B",
        "title": "Youth To The People Superclay Purify + Clear Power Mask with Niacinamide 2.0 oz/ 60 mL",
        "price": "$38.00 ($19.00 / Ounce)",
        "listPrice": "",
        "imageUrl": "https://m.media-amazon.com/images/I/31N9UM1oToL._SL160_.jpg",
        "detailPageURL": "https://www.amazon.com/dp/B09F14TY3B",
        "rating": "4.5",
        "totalReviews": "262",
        "subtitle": "Youth To The People",
        "isPrimeEligible": "1"
    },
    {
        "ASIN": "B01IYY49VY",
        "title": "Fresh Umbrian Clay Purifying Mask, for Normal To Oily Skin, 3.3 Ounce",
        "price": "$38.95 ($11.80 / Fl Oz)",
        "listPrice": "$45.00 ($13.64 / Fl Oz)",
        "imageUrl": "https://m.media-amazon.com/images/I/41y39m-pOIL._SL160_.jpg",
        "detailPageURL": "https://www.amazon.com/dp/B01IYY49VY",
        "rating": "4.0",
        "totalReviews": "65",
        "subtitle": "Fresh",
        "isPrimeEligible": "1"
    },
    {
        "ASIN": "B07R55ZLXB",
        "title": "Tree to Tub Bentonite Clay Face Mask for Dry, Oily, Sensitive Skin - Exfoliating & Pore Cleansing Activated Charcoal Mud Mask for Women & Men, Moisturizing Facial Mask w/Vitamin C, Green Tea, Pumpkin",
        "price": "$17.99 ($9.00 / Fl Oz)",
        "listPrice": "",
        "imageUrl": "https://m.media-amazon.com/images/I/51cbf1Er5JL._SL160_.jpg",
        "detailPageURL": "https://www.amazon.com/dp/B07R55ZLXB",
        "rating": "4.3",
        "totalReviews": "636",
        "subtitle": "Tree to Tub",
        "isPrimeEligible": "1"
    },
    {
        "ASIN": "B0BRQNRQTR",
        "title": "LAVONE Rose Clay Mask, Face Masks Skincare with Rose, Aloe and Green Tea Extract for Dark Spots, Ances, Blackheads, Controlling Oil and Refining Pores 4 Oz, for All Skin Types.",
        "price": "$9.99",
        "listPrice": "",
        "imageUrl": "https://m.media-amazon.com/images/I/41LIpmTXjdL._SL160_.jpg",
        "detailPageURL": "https://www.amazon.com/dp/B0BRQNRQTR",
        "rating": "4.4",
        "totalReviews": "398",
        "subtitle": "LAVONE",
        "isPrimeEligible": "1"
    },
    {
        "ASIN": "B00WH04BSI",
        "title": "RUGGED & DAPPER Detox Mineral Clay Facial Mask | Natural Acne & Age Defense Treatment for Men- 5.5 Oz",
        "price": "$14.95 ($2.70 / Fl Oz)",
        "listPrice": "$24.95 ($4.50 / Fl Oz)",
        "imageUrl": "https://m.media-amazon.com/images/I/41p9ChhNATL._SL160_.jpg",
        "detailPageURL": "https://www.amazon.com/dp/B00WH04BSI",
        "rating": "4.4",
        "totalReviews": "893",
        "subtitle": "RUGGED & DAPPER",
        "isPrimeEligible": "0"
    },
    {
        "ASIN": "B09MN49M76",
        "title": "\ud835\uddea\ud835\udddc\ud835\udde1\ud835\udde1\ud835\uddd8\ud835\udde5 \ud835\udfee\ud835\udfec\ud835\udfee\ud835\udfef* Turmeric Face Mask, Aztec Clay Mask, Brightening Facial Treatments, 100% Organic Face Mask, Clay Mask for Face, Reduce Acne & Dark Spots, Betty Rose's Botanicals Skin Care",
        "price": "$8.99 ($3.64 / Ounce)",
        "listPrice": "",
        "imageUrl": "https://m.media-amazon.com/images/I/512TLxEv6zL._SL160_.jpg",
        "detailPageURL": "https://www.amazon.com/dp/B09MN49M76",
        "rating": "4.5",
        "totalReviews": "198",
        "subtitle": "Betty Rose's Botanicals",
        "isPrimeEligible": "1"
    },
    {
        "ASIN": "B0BQ3R8LH7",
        "title": "ZeoClay Face Mask - 100% Organic Spa Quality - Pore Reducer & Detoxifying Clay Mask",
        "price": "$38.24 ($7.23 / Ounce)",
        "listPrice": "$44.99 ($8.50 / Ounce)",
        "imageUrl": "https://m.media-amazon.com/images/I/31EvvnRfzhL._SL160_.jpg",
        "detailPageURL": "https://www.amazon.com/dp/B0BQ3R8LH7",
        "rating": "5.0",
        "totalReviews": "20",
        "subtitle": "ZeoClay",
        "isPrimeEligible": "1"
    },
    {
        "ASIN": "B0B1F8B692",
        "title": "New York Biology Bentonite Facial Mask 6 oz \u2013 Moisturizing and Hydrating Face Mask for Acne, Pores, and Clear Skin \u2013 Deep Facial Cleanser Clay Mask for Normal and Oily Skin",
        "price": "$9.99 ($1.66 / Ounce)",
        "listPrice": "",
        "imageUrl": "https://m.media-amazon.com/images/I/41MMH0-qBXL._SL160_.jpg",
        "detailPageURL": "https://www.amazon.com/dp/B0B1F8B692",
        "rating": "4.5",
        "totalReviews": "335",
        "subtitle": "NEW YORK BIOLOGY THE ULTIMATE COSMECEUTICALS",
        "isPrimeEligible": "1"
    },
    {
        "ASIN": "B0776X8G8D",
        "title": "Brickell Men's Purifying Charcoal Face Mask Skin Care Product, Natural and Organic Activated Charcoal Facial Mask With Detoxifying Kaolin Clay, 4 Ounce, Unscented",
        "price": "$35.00 ($8.75 / Ounce)",
        "listPrice": "",
        "imageUrl": "https://m.media-amazon.com/images/I/41Jl-woFxOL._SL160_.jpg",
        "detailPageURL": "https://www.amazon.com/dp/B0776X8G8D",
        "rating": "4.5",
        "totalReviews": "683",
        "subtitle": "Brickell Men's Products",
        "isPrimeEligible": "1"
    },
    {
        "ASIN": "B09F14TY3B",
        "title": "Youth To The People Superclay Purify + Clear Power Mask with Niacinamide 2.0 oz/ 60 mL",
        "price": "$38.00 ($19.00 / Ounce)",
        "listPrice": "",
        "imageUrl": "https://m.media-amazon.com/images/I/31N9UM1oToL._SL160_.jpg",
        "detailPageURL": "https://www.amazon.com/dp/B09F14TY3B",
        "rating": "4.5",
        "totalReviews": "262",
        "subtitle": "Youth To The People",
        "isPrimeEligible": "1"
    },
    {
        "ASIN": "B01IYY49VY",
        "title": "Fresh Umbrian Clay Purifying Mask, for Normal To Oily Skin, 3.3 Ounce",
        "price": "$38.95 ($11.80 / Fl Oz)",
        "listPrice": "$45.00 ($13.64 / Fl Oz)",
        "imageUrl": "https://m.media-amazon.com/images/I/41y39m-pOIL._SL160_.jpg",
        "detailPageURL": "https://www.amazon.com/dp/B01IYY49VY",
        "rating": "4.0",
        "totalReviews": "65",
        "subtitle": "Fresh",
        "isPrimeEligible": "1"
    },
    {
        "ASIN": "B07R55ZLXB",
        "title": "Tree to Tub Bentonite Clay Face Mask for Dry, Oily, Sensitive Skin - Exfoliating & Pore Cleansing Activated Charcoal Mud Mask for Women & Men, Moisturizing Facial Mask w/Vitamin C, Green Tea, Pumpkin",
        "price": "$17.99 ($9.00 / Fl Oz)",
        "listPrice": "",
        "imageUrl": "https://m.media-amazon.com/images/I/51cbf1Er5JL._SL160_.jpg",
        "detailPageURL": "https://www.amazon.com/dp/B07R55ZLXB",
        "rating": "4.3",
        "totalReviews": "636",
        "subtitle": "Tree to Tub",
        "isPrimeEligible": "1"
    },
    {
        "ASIN": "B0BRQNRQTR",
        "title": "LAVONE Rose Clay Mask, Face Masks Skincare with Rose, Aloe and Green Tea Extract for Dark Spots, Ances, Blackheads, Controlling Oil and Refining Pores 4 Oz, for All Skin Types.",
        "price": "$9.99",
        "listPrice": "",
        "imageUrl": "https://m.media-amazon.com/images/I/41LIpmTXjdL._SL160_.jpg",
        "detailPageURL": "https://www.amazon.com/dp/B0BRQNRQTR",
        "rating": "4.4",
        "totalReviews": "398",
        "subtitle": "LAVONE",
        "isPrimeEligible": "1"
    },
    {
        "ASIN": "B00WH04BSI",
        "title": "RUGGED & DAPPER Detox Mineral Clay Facial Mask | Natural Acne & Age Defense Treatment for Men- 5.5 Oz",
        "price": "$14.95 ($2.70 / Fl Oz)",
        "listPrice": "$24.95 ($4.50 / Fl Oz)",
        "imageUrl": "https://m.media-amazon.com/images/I/41p9ChhNATL._SL160_.jpg",
        "detailPageURL": "https://www.amazon.com/dp/B00WH04BSI",
        "rating": "4.4",
        "totalReviews": "893",
        "subtitle": "RUGGED & DAPPER",
        "isPrimeEligible": "0"
    },
    {
        "ASIN": "B09MN49M76",
        "title": "\ud835\uddea\ud835\udddc\ud835\udde1\ud835\udde1\ud835\uddd8\ud835\udde5 \ud835\udfee\ud835\udfec\ud835\udfee\ud835\udfef* Turmeric Face Mask, Aztec Clay Mask, Brightening Facial Treatments, 100% Organic Face Mask, Clay Mask for Face, Reduce Acne & Dark Spots, Betty Rose's Botanicals Skin Care",
        "price": "$8.99 ($3.64 / Ounce)",
        "listPrice": "",
        "imageUrl": "https://m.media-amazon.com/images/I/512TLxEv6zL._SL160_.jpg",
        "detailPageURL": "https://www.amazon.com/dp/B09MN49M76",
        "rating": "4.5",
        "totalReviews": "198",
        "subtitle": "Betty Rose's Botanicals",
        "isPrimeEligible": "1"
    },
    {
        "ASIN": "B0BQ3R8LH7",
        "title": "ZeoClay Face Mask - 100% Organic Spa Quality - Pore Reducer & Detoxifying Clay Mask",
        "price": "$38.24 ($7.23 / Ounce)",
        "listPrice": "$44.99 ($8.50 / Ounce)",
        "imageUrl": "https://m.media-amazon.com/images/I/31EvvnRfzhL._SL160_.jpg",
        "detailPageURL": "https://www.amazon.com/dp/B0BQ3R8LH7",
        "rating": "5.0",
        "totalReviews": "20",
        "subtitle": "ZeoClay",
        "isPrimeEligible": "1"
    },
    {
        "ASIN": "B0B1F8B692",
        "title": "New York Biology Bentonite Facial Mask 6 oz \u2013 Moisturizing and Hydrating Face Mask for Acne, Pores, and Clear Skin \u2013 Deep Facial Cleanser Clay Mask for Normal and Oily Skin",
        "price": "$9.99 ($1.66 / Ounce)",
        "listPrice": "",
        "imageUrl": "https://m.media-amazon.com/images/I/41MMH0-qBXL._SL160_.jpg",
        "detailPageURL": "https://www.amazon.com/dp/B0B1F8B692",
        "rating": "4.5",
        "totalReviews": "335",
        "subtitle": "NEW YORK BIOLOGY THE ULTIMATE COSMECEUTICALS",
        "isPrimeEligible": "1"
    },
    {
        "ASIN": "B0776X8G8D",
        "title": "Brickell Men's Purifying Charcoal Face Mask Skin Care Product, Natural and Organic Activated Charcoal Facial Mask With Detoxifying Kaolin Clay, 4 Ounce, Unscented",
        "price": "$35.00 ($8.75 / Ounce)",
        "listPrice": "",
        "imageUrl": "https://m.media-amazon.com/images/I/41Jl-woFxOL._SL160_.jpg",
        "detailPageURL": "https://www.amazon.com/dp/B0776X8G8D",
        "rating": "4.5",
        "totalReviews": "683",
        "subtitle": "Brickell Men's Products",
        "isPrimeEligible": "1"
    },
    {
        "ASIN": "B07VVJ841X",
        "title": "ANAI RUI Turmeric Vitamin C Face Mask, Clay Facial Mask with Vitamin C E and Aloe, Skin Care for Acne & Dark Spots, Smooth & Refine Pores, 4.23 OZ\u2026",
        "price": "$13.99 ($3.45 / Ounce)",
        "listPrice": "$17.99 ($4.44 / Ounce)",
        "imageUrl": "https://m.media-amazon.com/images/I/51JJxrUproL._SL160_.jpg",
        "detailPageURL": "https://www.amazon.com/dp/B07VVJ841X",
        "rating": "4.3",
        "totalReviews": "5965",
        "subtitle": "ANAI RUI",
        "isPrimeEligible": "1"
    },
    {
        "ASIN": "B01IYY49VY",
        "title": "Fresh Umbrian Clay Purifying Mask, for Normal To Oily Skin, 3.3 Ounce",
        "price": "$38.95 ($11.80 / Fl Oz)",
        "listPrice": "$45.00 ($13.64 / Fl Oz)",
        "imageUrl": "https://m.media-amazon.com/images/I/41y39m-pOIL._SL160_.jpg",
        "detailPageURL": "https://www.amazon.com/dp/B01IYY49VY",
        "rating": "4.0",
        "totalReviews": "65",
        "subtitle": "Fresh",
        "isPrimeEligible": "1"
    },
    {
        "ASIN": "B07R55ZLXB",
        "title": "Tree to Tub Bentonite Clay Face Mask for Dry, Oily, Sensitive Skin - Exfoliating & Pore Cleansing Activated Charcoal Mud Mask for Women & Men, Moisturizing Facial Mask w/Vitamin C, Green Tea, Pumpkin",
        "price": "$17.99 ($9.00 / Fl Oz)",
        "listPrice": "",
        "imageUrl": "https://m.media-amazon.com/images/I/51cbf1Er5JL._SL160_.jpg",
        "detailPageURL": "https://www.amazon.com/dp/B07R55ZLXB",
        "rating": "4.3",
        "totalReviews": "636",
        "subtitle": "Tree to Tub",
        "isPrimeEligible": "1"
    },
    {
        "ASIN": "B0BRQNRQTR",
        "title": "LAVONE Rose Clay Mask, Face Masks Skincare with Rose, Aloe and Green Tea Extract for Dark Spots, Ances, Blackheads, Controlling Oil and Refining Pores 4 Oz, for All Skin Types.",
        "price": "$9.99",
        "listPrice": "",
        "imageUrl": "https://m.media-amazon.com/images/I/41LIpmTXjdL._SL160_.jpg",
        "detailPageURL": "https://www.amazon.com/dp/B0BRQNRQTR",
        "rating": "4.4",
        "totalReviews": "398",
        "subtitle": "LAVONE",
        "isPrimeEligible": "1"
    },
    {
        "ASIN": "B00WH04BSI",
        "title": "RUGGED & DAPPER Detox Mineral Clay Facial Mask | Natural Acne & Age Defense Treatment for Men- 5.5 Oz",
        "price": "$14.95 ($2.70 / Fl Oz)",
        "listPrice": "$24.95 ($4.50 / Fl Oz)",
        "imageUrl": "https://m.media-amazon.com/images/I/41p9ChhNATL._SL160_.jpg",
        "detailPageURL": "https://www.amazon.com/dp/B00WH04BSI",
        "rating": "4.4",
        "totalReviews": "893",
        "subtitle": "RUGGED & DAPPER",
        "isPrimeEligible": "0"
    },
    {
        "ASIN": "B09MN49M76",
        "title": "\ud835\uddea\ud835\udddc\ud835\udde1\ud835\udde1\ud835\uddd8\ud835\udde5 \ud835\udfee\ud835\udfec\ud835\udfee\ud835\udfef* Turmeric Face Mask, Aztec Clay Mask, Brightening Facial Treatments, 100% Organic Face Mask, Clay Mask for Face, Reduce Acne & Dark Spots, Betty Rose's Botanicals Skin Care",
        "price": "$8.99 ($3.64 / Ounce)",
        "listPrice": "",
        "imageUrl": "https://m.media-amazon.com/images/I/512TLxEv6zL._SL160_.jpg",
        "detailPageURL": "https://www.amazon.com/dp/B09MN49M76",
        "rating": "4.5",
        "totalReviews": "198",
        "subtitle": "Betty Rose's Botanicals",
        "isPrimeEligible": "1"
    },
    {
        "ASIN": "B0BQ3R8LH7",
        "title": "ZeoClay Face Mask - 100% Organic Spa Quality - Pore Reducer & Detoxifying Clay Mask",
        "price": "$38.24 ($7.23 / Ounce)",
        "listPrice": "$44.99 ($8.50 / Ounce)",
        "imageUrl": "https://m.media-amazon.com/images/I/31EvvnRfzhL._SL160_.jpg",
        "detailPageURL": "https://www.amazon.com/dp/B0BQ3R8LH7",
        "rating": "5.0",
        "totalReviews": "20",
        "subtitle": "ZeoClay",
        "isPrimeEligible": "1"
    },
    {
        "ASIN": "B0B1F8B692",
        "title": "New York Biology Bentonite Facial Mask 6 oz \u2013 Moisturizing and Hydrating Face Mask for Acne, Pores, and Clear Skin \u2013 Deep Facial Cleanser Clay Mask for Normal and Oily Skin",
        "price": "$9.99 ($1.66 / Ounce)",
        "listPrice": "",
        "imageUrl": "https://m.media-amazon.com/images/I/41MMH0-qBXL._SL160_.jpg",
        "detailPageURL": "https://www.amazon.com/dp/B0B1F8B692",
        "rating": "4.5",
        "totalReviews": "335",
        "subtitle": "NEW YORK BIOLOGY THE ULTIMATE COSMECEUTICALS",
        "isPrimeEligible": "1"
    },
    {
        "ASIN": "B0776X8G8D",
        "title": "Brickell Men's Purifying Charcoal Face Mask Skin Care Product, Natural and Organic Activated Charcoal Facial Mask With Detoxifying Kaolin Clay, 4 Ounce, Unscented",
        "price": "$35.00 ($8.75 / Ounce)",
        "listPrice": "",
        "imageUrl": "https://m.media-amazon.com/images/I/41Jl-woFxOL._SL160_.jpg",
        "detailPageURL": "https://www.amazon.com/dp/B0776X8G8D",
        "rating": "4.5",
        "totalReviews": "683",
        "subtitle": "Brickell Men's Products",
        "isPrimeEligible": "1"
    },
    {
        "ASIN": "B07VVJ841X",
        "title": "ANAI RUI Turmeric Vitamin C Face Mask, Clay Facial Mask with Vitamin C E and Aloe, Skin Care for Acne & Dark Spots, Smooth & Refine Pores, 4.23 OZ\u2026",
        "price": "$13.99 ($3.45 / Ounce)",
        "listPrice": "$17.99 ($4.44 / Ounce)",
        "imageUrl": "https://m.media-amazon.com/images/I/51JJxrUproL._SL160_.jpg",
        "detailPageURL": "https://www.amazon.com/dp/B07VVJ841X",
        "rating": "4.3",
        "totalReviews": "5965",
        "subtitle": "ANAI RUI",
        "isPrimeEligible": "1"
    },
    {
        "ASIN": "B0CCTXHPLL",
        "title": "HICREAM Turmeric Vitamin C Clay Mask, Deep Cleansing Facial Mask, Clay Face Mask Skin Care with Kaolin Clay and Aloe for Pores, Acne, Dark Spots, Hydrating 5.29 Oz",
        "price": "$12.99 ($2.46 / Ounce)",
        "listPrice": "",
        "imageUrl": "https://m.media-amazon.com/images/I/51+uBfe-i9L._SL160_.jpg",
        "detailPageURL": "https://www.amazon.com/dp/B0CCTXHPLL",
        "rating": "4.8",
        "totalReviews": "52",
        "subtitle": "Hicream",
        "isPrimeEligible": "1"
    },
    {
        "ASIN": "B07R55ZLXB",
        "title": "Tree to Tub Bentonite Clay Face Mask for Dry, Oily, Sensitive Skin - Exfoliating & Pore Cleansing Activated Charcoal Mud Mask for Women & Men, Moisturizing Facial Mask w/Vitamin C, Green Tea, Pumpkin",
        "price": "$17.99 ($9.00 / Fl Oz)",
        "listPrice": "",
        "imageUrl": "https://m.media-amazon.com/images/I/51cbf1Er5JL._SL160_.jpg",
        "detailPageURL": "https://www.amazon.com/dp/B07R55ZLXB",
        "rating": "4.3",
        "totalReviews": "636",
        "subtitle": "Tree to Tub",
        "isPrimeEligible": "1"
    },
    {
        "ASIN": "B0BRQNRQTR",
        "title": "LAVONE Rose Clay Mask, Face Masks Skincare with Rose, Aloe and Green Tea Extract for Dark Spots, Ances, Blackheads, Controlling Oil and Refining Pores 4 Oz, for All Skin Types.",
        "price": "$9.99",
        "listPrice": "",
        "imageUrl": "https://m.media-amazon.com/images/I/41LIpmTXjdL._SL160_.jpg",
        "detailPageURL": "https://www.amazon.com/dp/B0BRQNRQTR",
        "rating": "4.4",
        "totalReviews": "398",
        "subtitle": "LAVONE",
        "isPrimeEligible": "1"
    },
    {
        "ASIN": "B00WH04BSI",
        "title": "RUGGED & DAPPER Detox Mineral Clay Facial Mask | Natural Acne & Age Defense Treatment for Men- 5.5 Oz",
        "price": "$14.95 ($2.70 / Fl Oz)",
        "listPrice": "$24.95 ($4.50 / Fl Oz)",
        "imageUrl": "https://m.media-amazon.com/images/I/41p9ChhNATL._SL160_.jpg",
        "detailPageURL": "https://www.amazon.com/dp/B00WH04BSI",
        "rating": "4.4",
        "totalReviews": "893",
        "subtitle": "RUGGED & DAPPER",
        "isPrimeEligible": "0"
    },
    {
        "ASIN": "B09MN49M76",
        "title": "\ud835\uddea\ud835\udddc\ud835\udde1\ud835\udde1\ud835\uddd8\ud835\udde5 \ud835\udfee\ud835\udfec\ud835\udfee\ud835\udfef* Turmeric Face Mask, Aztec Clay Mask, Brightening Facial Treatments, 100% Organic Face Mask, Clay Mask for Face, Reduce Acne & Dark Spots, Betty Rose's Botanicals Skin Care",
        "price": "$8.99 ($3.64 / Ounce)",
        "listPrice": "",
        "imageUrl": "https://m.media-amazon.com/images/I/512TLxEv6zL._SL160_.jpg",
        "detailPageURL": "https://www.amazon.com/dp/B09MN49M76",
        "rating": "4.5",
        "totalReviews": "198",
        "subtitle": "Betty Rose's Botanicals",
        "isPrimeEligible": "1"
    },
    {
        "ASIN": "B0BQ3R8LH7",
        "title": "ZeoClay Face Mask - 100% Organic Spa Quality - Pore Reducer & Detoxifying Clay Mask",
        "price": "$38.24 ($7.23 / Ounce)",
        "listPrice": "$44.99 ($8.50 / Ounce)",
        "imageUrl": "https://m.media-amazon.com/images/I/31EvvnRfzhL._SL160_.jpg",
        "detailPageURL": "https://www.amazon.com/dp/B0BQ3R8LH7",
        "rating": "5.0",
        "totalReviews": "20",
        "subtitle": "ZeoClay",
        "isPrimeEligible": "1"
    },
    {
        "ASIN": "B0B1F8B692",
        "title": "New York Biology Bentonite Facial Mask 6 oz \u2013 Moisturizing and Hydrating Face Mask for Acne, Pores, and Clear Skin \u2013 Deep Facial Cleanser Clay Mask for Normal and Oily Skin",
        "price": "$9.99 ($1.66 / Ounce)",
        "listPrice": "",
        "imageUrl": "https://m.media-amazon.com/images/I/41MMH0-qBXL._SL160_.jpg",
        "detailPageURL": "https://www.amazon.com/dp/B0B1F8B692",
        "rating": "4.5",
        "totalReviews": "335",
        "subtitle": "NEW YORK BIOLOGY THE ULTIMATE COSMECEUTICALS",
        "isPrimeEligible": "1"
    },
    {
        "ASIN": "B0776X8G8D",
        "title": "Brickell Men's Purifying Charcoal Face Mask Skin Care Product, Natural and Organic Activated Charcoal Facial Mask With Detoxifying Kaolin Clay, 4 Ounce, Unscented",
        "price": "$35.00 ($8.75 / Ounce)",
        "listPrice": "",
        "imageUrl": "https://m.media-amazon.com/images/I/41Jl-woFxOL._SL160_.jpg",
        "detailPageURL": "https://www.amazon.com/dp/B0776X8G8D",
        "rating": "4.5",
        "totalReviews": "683",
        "subtitle": "Brickell Men's Products",
        "isPrimeEligible": "1"
    },
    {
        "ASIN": "B07VVJ841X",
        "title": "ANAI RUI Turmeric Vitamin C Face Mask, Clay Facial Mask with Vitamin C E and Aloe, Skin Care for Acne & Dark Spots, Smooth & Refine Pores, 4.23 OZ\u2026",
        "price": "$13.99 ($3.45 / Ounce)",
        "listPrice": "$17.99 ($4.44 / Ounce)",
        "imageUrl": "https://m.media-amazon.com/images/I/51JJxrUproL._SL160_.jpg",
        "detailPageURL": "https://www.amazon.com/dp/B07VVJ841X",
        "rating": "4.3",
        "totalReviews": "5965",
        "subtitle": "ANAI RUI",
        "isPrimeEligible": "1"
    },
    {
        "ASIN": "B0CCTXHPLL",
        "title": "HICREAM Turmeric Vitamin C Clay Mask, Deep Cleansing Facial Mask, Clay Face Mask Skin Care with Kaolin Clay and Aloe for Pores, Acne, Dark Spots, Hydrating 5.29 Oz",
        "price": "$12.99 ($2.46 / Ounce)",
        "listPrice": "",
        "imageUrl": "https://m.media-amazon.com/images/I/51+uBfe-i9L._SL160_.jpg",
        "detailPageURL": "https://www.amazon.com/dp/B0CCTXHPLL",
        "rating": "4.8",
        "totalReviews": "52",
        "subtitle": "Hicream",
        "isPrimeEligible": "1"
    },
    {
        "ASIN": "B00RDJTKZW",
        "title": "FREEMAN Clearing Sweet Tea & Lemon Peel-Off Clay Facial Mask, Antioxidant Rich Skincare Treatment, Protects Skin and Lightens Dark Spots, Face Mask For Combination Skin, 6 fl.oz./175 mL Tube",
        "price": "$3.71 ($0.62 / Ounce)",
        "listPrice": "$4.29 ($0.72 / Ounce)",
        "imageUrl": "https://m.media-amazon.com/images/I/31NUAF-gTNL._SL160_.jpg",
        "detailPageURL": "https://www.amazon.com/dp/B00RDJTKZW",
        "rating": "4.3",
        "totalReviews": "1425",
        "subtitle": "FREEMAN",
        "isPrimeEligible": "1"
    },
    {
        "ASIN": "B0BRQNRQTR",
        "title": "LAVONE Rose Clay Mask, Face Masks Skincare with Rose, Aloe and Green Tea Extract for Dark Spots, Ances, Blackheads, Controlling Oil and Refining Pores 4 Oz, for All Skin Types.",
        "price": "$9.99",
        "listPrice": "",
        "imageUrl": "https://m.media-amazon.com/images/I/41LIpmTXjdL._SL160_.jpg",
        "detailPageURL": "https://www.amazon.com/dp/B0BRQNRQTR",
        "rating": "4.4",
        "totalReviews": "398",
        "subtitle": "LAVONE",
        "isPrimeEligible": "1"
    },
    {
        "ASIN": "B00WH04BSI",
        "title": "RUGGED & DAPPER Detox Mineral Clay Facial Mask | Natural Acne & Age Defense Treatment for Men- 5.5 Oz",
        "price": "$14.95 ($2.70 / Fl Oz)",
        "listPrice": "$24.95 ($4.50 / Fl Oz)",
        "imageUrl": "https://m.media-amazon.com/images/I/41p9ChhNATL._SL160_.jpg",
        "detailPageURL": "https://www.amazon.com/dp/B00WH04BSI",
        "rating": "4.4",
        "totalReviews": "893",
        "subtitle": "RUGGED & DAPPER",
        "isPrimeEligible": "0"
    },
    {
        "ASIN": "B09MN49M76",
        "title": "\ud835\uddea\ud835\udddc\ud835\udde1\ud835\udde1\ud835\uddd8\ud835\udde5 \ud835\udfee\ud835\udfec\ud835\udfee\ud835\udfef* Turmeric Face Mask, Aztec Clay Mask, Brightening Facial Treatments, 100% Organic Face Mask, Clay Mask for Face, Reduce Acne & Dark Spots, Betty Rose's Botanicals Skin Care",
        "price": "$8.99 ($3.64 / Ounce)",
        "listPrice": "",
        "imageUrl": "https://m.media-amazon.com/images/I/512TLxEv6zL._SL160_.jpg",
        "detailPageURL": "https://www.amazon.com/dp/B09MN49M76",
        "rating": "4.5",
        "totalReviews": "198",
        "subtitle": "Betty Rose's Botanicals",
        "isPrimeEligible": "1"
    },
    {
        "ASIN": "B0BQ3R8LH7",
        "title": "ZeoClay Face Mask - 100% Organic Spa Quality - Pore Reducer & Detoxifying Clay Mask",
        "price": "$38.24 ($7.23 / Ounce)",
        "listPrice": "$44.99 ($8.50 / Ounce)",
        "imageUrl": "https://m.media-amazon.com/images/I/31EvvnRfzhL._SL160_.jpg",
        "detailPageURL": "https://www.amazon.com/dp/B0BQ3R8LH7",
        "rating": "5.0",
        "totalReviews": "20",
        "subtitle": "ZeoClay",
        "isPrimeEligible": "1"
    },
    {
        "ASIN": "B0B1F8B692",
        "title": "New York Biology Bentonite Facial Mask 6 oz \u2013 Moisturizing and Hydrating Face Mask for Acne, Pores, and Clear Skin \u2013 Deep Facial Cleanser Clay Mask for Normal and Oily Skin",
        "price": "$9.99 ($1.66 / Ounce)",
        "listPrice": "",
        "imageUrl": "https://m.media-amazon.com/images/I/41MMH0-qBXL._SL160_.jpg",
        "detailPageURL": "https://www.amazon.com/dp/B0B1F8B692",
        "rating": "4.5",
        "totalReviews": "335",
        "subtitle": "NEW YORK BIOLOGY THE ULTIMATE COSMECEUTICALS",
        "isPrimeEligible": "1"
    },
    {
        "ASIN": "B0776X8G8D",
        "title": "Brickell Men's Purifying Charcoal Face Mask Skin Care Product, Natural and Organic Activated Charcoal Facial Mask With Detoxifying Kaolin Clay, 4 Ounce, Unscented",
        "price": "$35.00 ($8.75 / Ounce)",
        "listPrice": "",
        "imageUrl": "https://m.media-amazon.com/images/I/41Jl-woFxOL._SL160_.jpg",
        "detailPageURL": "https://www.amazon.com/dp/B0776X8G8D",
        "rating": "4.5",
        "totalReviews": "683",
        "subtitle": "Brickell Men's Products",
        "isPrimeEligible": "1"
    },
    {
        "ASIN": "B07VVJ841X",
        "title": "ANAI RUI Turmeric Vitamin C Face Mask, Clay Facial Mask with Vitamin C E and Aloe, Skin Care for Acne & Dark Spots, Smooth & Refine Pores, 4.23 OZ\u2026",
        "price": "$13.99 ($3.45 / Ounce)",
        "listPrice": "$17.99 ($4.44 / Ounce)",
        "imageUrl": "https://m.media-amazon.com/images/I/51JJxrUproL._SL160_.jpg",
        "detailPageURL": "https://www.amazon.com/dp/B07VVJ841X",
        "rating": "4.3",
        "totalReviews": "5965",
        "subtitle": "ANAI RUI",
        "isPrimeEligible": "1"
    },
    {
        "ASIN": "B0CCTXHPLL",
        "title": "HICREAM Turmeric Vitamin C Clay Mask, Deep Cleansing Facial Mask, Clay Face Mask Skin Care with Kaolin Clay and Aloe for Pores, Acne, Dark Spots, Hydrating 5.29 Oz",
        "price": "$12.99 ($2.46 / Ounce)",
        "listPrice": "",
        "imageUrl": "https://m.media-amazon.com/images/I/51+uBfe-i9L._SL160_.jpg",
        "detailPageURL": "https://www.amazon.com/dp/B0CCTXHPLL",
        "rating": "4.8",
        "totalReviews": "52",
        "subtitle": "Hicream",
        "isPrimeEligible": "1"
    },
    {
        "ASIN": "B00RDJTKZW",
        "title": "FREEMAN Clearing Sweet Tea & Lemon Peel-Off Clay Facial Mask, Antioxidant Rich Skincare Treatment, Protects Skin and Lightens Dark Spots, Face Mask For Combination Skin, 6 fl.oz./175 mL Tube",
        "price": "$3.71 ($0.62 / Ounce)",
        "listPrice": "$4.29 ($0.72 / Ounce)",
        "imageUrl": "https://m.media-amazon.com/images/I/31NUAF-gTNL._SL160_.jpg",
        "detailPageURL": "https://www.amazon.com/dp/B00RDJTKZW",
        "rating": "4.3",
        "totalReviews": "1425",
        "subtitle": "FREEMAN",
        "isPrimeEligible": "1"
    },
    {
        "ASIN": "B098QWW43L",
        "title": "ZealSea Turmeric Clay Mask for Face with Vitamin C for Dark Spots - Mud Mask for Face Clay Mask for Blackheads and Pores Face Mask Skin Care Facial Skincare, 4.23 Oz",
        "price": "$24.99 ($24.99 / Count)",
        "listPrice": "$39.99 ($39.99 / Count)",
        "imageUrl": "https://m.media-amazon.com/images/I/413UjUKkCPL._SL160_.jpg",
        "detailPageURL": "https://www.amazon.com/dp/B098QWW43L",
        "rating": "4.3",
        "totalReviews": "426",
        "subtitle": "ZealSea",
        "isPrimeEligible": "1"
    },
    {
        "ASIN": "B00WH04BSI",
        "title": "RUGGED & DAPPER Detox Mineral Clay Facial Mask | Natural Acne & Age Defense Treatment for Men- 5.5 Oz",
        "price": "$14.95 ($2.70 / Fl Oz)",
        "listPrice": "$24.95 ($4.50 / Fl Oz)",
        "imageUrl": "https://m.media-amazon.com/images/I/41p9ChhNATL._SL160_.jpg",
        "detailPageURL": "https://www.amazon.com/dp/B00WH04BSI",
        "rating": "4.4",
        "totalReviews": "893",
        "subtitle": "RUGGED & DAPPER",
        "isPrimeEligible": "0"
    },
    {
        "ASIN": "B09MN49M76",
        "title": "\ud835\uddea\ud835\udddc\ud835\udde1\ud835\udde1\ud835\uddd8\ud835\udde5 \ud835\udfee\ud835\udfec\ud835\udfee\ud835\udfef* Turmeric Face Mask, Aztec Clay Mask, Brightening Facial Treatments, 100% Organic Face Mask, Clay Mask for Face, Reduce Acne & Dark Spots, Betty Rose's Botanicals Skin Care",
        "price": "$8.99 ($3.64 / Ounce)",
        "listPrice": "",
        "imageUrl": "https://m.media-amazon.com/images/I/512TLxEv6zL._SL160_.jpg",
        "detailPageURL": "https://www.amazon.com/dp/B09MN49M76",
        "rating": "4.5",
        "totalReviews": "198",
        "subtitle": "Betty Rose's Botanicals",
        "isPrimeEligible": "1"
    },
    {
        "ASIN": "B0BQ3R8LH7",
        "title": "ZeoClay Face Mask - 100% Organic Spa Quality - Pore Reducer & Detoxifying Clay Mask",
        "price": "$38.24 ($7.23 / Ounce)",
        "listPrice": "$44.99 ($8.50 / Ounce)",
        "imageUrl": "https://m.media-amazon.com/images/I/31EvvnRfzhL._SL160_.jpg",
        "detailPageURL": "https://www.amazon.com/dp/B0BQ3R8LH7",
        "rating": "5.0",
        "totalReviews": "20",
        "subtitle": "ZeoClay",
        "isPrimeEligible": "1"
    },
    {
        "ASIN": "B0B1F8B692",
        "title": "New York Biology Bentonite Facial Mask 6 oz \u2013 Moisturizing and Hydrating Face Mask for Acne, Pores, and Clear Skin \u2013 Deep Facial Cleanser Clay Mask for Normal and Oily Skin",
        "price": "$9.99 ($1.66 / Ounce)",
        "listPrice": "",
        "imageUrl": "https://m.media-amazon.com/images/I/41MMH0-qBXL._SL160_.jpg",
        "detailPageURL": "https://www.amazon.com/dp/B0B1F8B692",
        "rating": "4.5",
        "totalReviews": "335",
        "subtitle": "NEW YORK BIOLOGY THE ULTIMATE COSMECEUTICALS",
        "isPrimeEligible": "1"
    },
    {
        "ASIN": "B0776X8G8D",
        "title": "Brickell Men's Purifying Charcoal Face Mask Skin Care Product, Natural and Organic Activated Charcoal Facial Mask With Detoxifying Kaolin Clay, 4 Ounce, Unscented",
        "price": "$35.00 ($8.75 / Ounce)",
        "listPrice": "",
        "imageUrl": "https://m.media-amazon.com/images/I/41Jl-woFxOL._SL160_.jpg",
        "detailPageURL": "https://www.amazon.com/dp/B0776X8G8D",
        "rating": "4.5",
        "totalReviews": "683",
        "subtitle": "Brickell Men's Products",
        "isPrimeEligible": "1"
    },
    {
        "ASIN": "B07VVJ841X",
        "title": "ANAI RUI Turmeric Vitamin C Face Mask, Clay Facial Mask with Vitamin C E and Aloe, Skin Care for Acne & Dark Spots, Smooth & Refine Pores, 4.23 OZ\u2026",
        "price": "$13.99 ($3.45 / Ounce)",
        "listPrice": "$17.99 ($4.44 / Ounce)",
        "imageUrl": "https://m.media-amazon.com/images/I/51JJxrUproL._SL160_.jpg",
        "detailPageURL": "https://www.amazon.com/dp/B07VVJ841X",
        "rating": "4.3",
        "totalReviews": "5965",
        "subtitle": "ANAI RUI",
        "isPrimeEligible": "1"
    },
    {
        "ASIN": "B0CCTXHPLL",
        "title": "HICREAM Turmeric Vitamin C Clay Mask, Deep Cleansing Facial Mask, Clay Face Mask Skin Care with Kaolin Clay and Aloe for Pores, Acne, Dark Spots, Hydrating 5.29 Oz",
        "price": "$12.99 ($2.46 / Ounce)",
        "listPrice": "",
        "imageUrl": "https://m.media-amazon.com/images/I/51+uBfe-i9L._SL160_.jpg",
        "detailPageURL": "https://www.amazon.com/dp/B0CCTXHPLL",
        "rating": "4.8",
        "totalReviews": "52",
        "subtitle": "Hicream",
        "isPrimeEligible": "1"
    },
    {
        "ASIN": "B00RDJTKZW",
        "title": "FREEMAN Clearing Sweet Tea & Lemon Peel-Off Clay Facial Mask, Antioxidant Rich Skincare Treatment, Protects Skin and Lightens Dark Spots, Face Mask For Combination Skin, 6 fl.oz./175 mL Tube",
        "price": "$3.71 ($0.62 / Ounce)",
        "listPrice": "$4.29 ($0.72 / Ounce)",
        "imageUrl": "https://m.media-amazon.com/images/I/31NUAF-gTNL._SL160_.jpg",
        "detailPageURL": "https://www.amazon.com/dp/B00RDJTKZW",
        "rating": "4.3",
        "totalReviews": "1425",
        "subtitle": "FREEMAN",
        "isPrimeEligible": "1"
    },
    {
        "ASIN": "B098QWW43L",
        "title": "ZealSea Turmeric Clay Mask for Face with Vitamin C for Dark Spots - Mud Mask for Face Clay Mask for Blackheads and Pores Face Mask Skin Care Facial Skincare, 4.23 Oz",
        "price": "$24.99 ($24.99 / Count)",
        "listPrice": "$39.99 ($39.99 / Count)",
        "imageUrl": "https://m.media-amazon.com/images/I/413UjUKkCPL._SL160_.jpg",
        "detailPageURL": "https://www.amazon.com/dp/B098QWW43L",
        "rating": "4.3",
        "totalReviews": "426",
        "subtitle": "ZealSea",
        "isPrimeEligible": "1"
    },
    {
        "ASIN": "B08BZ5C7L6",
        "title": "Rose Clay Mask, Pink Clay Mask, with Manicouagan Clay, Kaolin, Niacinamide, Collagen, Hyaluronic Acid for Detoxifying, Moisturizing & Anti Aging, Purify Pores, Smooth Lines, Professional Mud Mask, 3.52 oz",
        "price": "$15.99 ($3.78 / Ounce)",
        "listPrice": "$19.99 ($4.72 / Ounce)",
        "imageUrl": "https://m.media-amazon.com/images/I/51pAozWfyOL._SL160_.jpg",
        "detailPageURL": "https://www.amazon.com/dp/B08BZ5C7L6",
        "rating": "4.4",
        "totalReviews": "968",
        "subtitle": "ANAI RUI",
        "isPrimeEligible": "1"
    },
    {
        "ASIN": "B09MN49M76",
        "title": "\ud835\uddea\ud835\udddc\ud835\udde1\ud835\udde1\ud835\uddd8\ud835\udde5 \ud835\udfee\ud835\udfec\ud835\udfee\ud835\udfef* Turmeric Face Mask, Aztec Clay Mask, Brightening Facial Treatments, 100% Organic Face Mask, Clay Mask for Face, Reduce Acne & Dark Spots, Betty Rose's Botanicals Skin Care",
        "price": "$8.99 ($3.64 / Ounce)",
        "listPrice": "",
        "imageUrl": "https://m.media-amazon.com/images/I/512TLxEv6zL._SL160_.jpg",
        "detailPageURL": "https://www.amazon.com/dp/B09MN49M76",
        "rating": "4.5",
        "totalReviews": "198",
        "subtitle": "Betty Rose's Botanicals",
        "isPrimeEligible": "1"
    },
    {
        "ASIN": "B0BQ3R8LH7",
        "title": "ZeoClay Face Mask - 100% Organic Spa Quality - Pore Reducer & Detoxifying Clay Mask",
        "price": "$38.24 ($7.23 / Ounce)",
        "listPrice": "$44.99 ($8.50 / Ounce)",
        "imageUrl": "https://m.media-amazon.com/images/I/31EvvnRfzhL._SL160_.jpg",
        "detailPageURL": "https://www.amazon.com/dp/B0BQ3R8LH7",
        "rating": "5.0",
        "totalReviews": "20",
        "subtitle": "ZeoClay",
        "isPrimeEligible": "1"
    },
    {
        "ASIN": "B0B1F8B692",
        "title": "New York Biology Bentonite Facial Mask 6 oz \u2013 Moisturizing and Hydrating Face Mask for Acne, Pores, and Clear Skin \u2013 Deep Facial Cleanser Clay Mask for Normal and Oily Skin",
        "price": "$9.99 ($1.66 / Ounce)",
        "listPrice": "",
        "imageUrl": "https://m.media-amazon.com/images/I/41MMH0-qBXL._SL160_.jpg",
        "detailPageURL": "https://www.amazon.com/dp/B0B1F8B692",
        "rating": "4.5",
        "totalReviews": "335",
        "subtitle": "NEW YORK BIOLOGY THE ULTIMATE COSMECEUTICALS",
        "isPrimeEligible": "1"
    },
    {
        "ASIN": "B0776X8G8D",
        "title": "Brickell Men's Purifying Charcoal Face Mask Skin Care Product, Natural and Organic Activated Charcoal Facial Mask With Detoxifying Kaolin Clay, 4 Ounce, Unscented",
        "price": "$35.00 ($8.75 / Ounce)",
        "listPrice": "",
        "imageUrl": "https://m.media-amazon.com/images/I/41Jl-woFxOL._SL160_.jpg",
        "detailPageURL": "https://www.amazon.com/dp/B0776X8G8D",
        "rating": "4.5",
        "totalReviews": "683",
        "subtitle": "Brickell Men's Products",
        "isPrimeEligible": "1"
    },
    {
        "ASIN": "B07VVJ841X",
        "title": "ANAI RUI Turmeric Vitamin C Face Mask, Clay Facial Mask with Vitamin C E and Aloe, Skin Care for Acne & Dark Spots, Smooth & Refine Pores, 4.23 OZ\u2026",
        "price": "$13.99 ($3.45 / Ounce)",
        "listPrice": "$17.99 ($4.44 / Ounce)",
        "imageUrl": "https://m.media-amazon.com/images/I/51JJxrUproL._SL160_.jpg",
        "detailPageURL": "https://www.amazon.com/dp/B07VVJ841X",
        "rating": "4.3",
        "totalReviews": "5965",
        "subtitle": "ANAI RUI",
        "isPrimeEligible": "1"
    },
    {
        "ASIN": "B0CCTXHPLL",
        "title": "HICREAM Turmeric Vitamin C Clay Mask, Deep Cleansing Facial Mask, Clay Face Mask Skin Care with Kaolin Clay and Aloe for Pores, Acne, Dark Spots, Hydrating 5.29 Oz",
        "price": "$12.99 ($2.46 / Ounce)",
        "listPrice": "",
        "imageUrl": "https://m.media-amazon.com/images/I/51+uBfe-i9L._SL160_.jpg",
        "detailPageURL": "https://www.amazon.com/dp/B0CCTXHPLL",
        "rating": "4.8",
        "totalReviews": "52",
        "subtitle": "Hicream",
        "isPrimeEligible": "1"
    },
    {
        "ASIN": "B00RDJTKZW",
        "title": "FREEMAN Clearing Sweet Tea & Lemon Peel-Off Clay Facial Mask, Antioxidant Rich Skincare Treatment, Protects Skin and Lightens Dark Spots, Face Mask For Combination Skin, 6 fl.oz./175 mL Tube",
        "price": "$3.71 ($0.62 / Ounce)",
        "listPrice": "$4.29 ($0.72 / Ounce)",
        "imageUrl": "https://m.media-amazon.com/images/I/31NUAF-gTNL._SL160_.jpg",
        "detailPageURL": "https://www.amazon.com/dp/B00RDJTKZW",
        "rating": "4.3",
        "totalReviews": "1425",
        "subtitle": "FREEMAN",
        "isPrimeEligible": "1"
    },
    {
        "ASIN": "B098QWW43L",
        "title": "ZealSea Turmeric Clay Mask for Face with Vitamin C for Dark Spots - Mud Mask for Face Clay Mask for Blackheads and Pores Face Mask Skin Care Facial Skincare, 4.23 Oz",
        "price": "$24.99 ($24.99 / Count)",
        "listPrice": "$39.99 ($39.99 / Count)",
        "imageUrl": "https://m.media-amazon.com/images/I/413UjUKkCPL._SL160_.jpg",
        "detailPageURL": "https://www.amazon.com/dp/B098QWW43L",
        "rating": "4.3",
        "totalReviews": "426",
        "subtitle": "ZealSea",
        "isPrimeEligible": "1"
    },
    {
        "ASIN": "B08BZ5C7L6",
        "title": "Rose Clay Mask, Pink Clay Mask, with Manicouagan Clay, Kaolin, Niacinamide, Collagen, Hyaluronic Acid for Detoxifying, Moisturizing & Anti Aging, Purify Pores, Smooth Lines, Professional Mud Mask, 3.52 oz",
        "price": "$15.99 ($3.78 / Ounce)",
        "listPrice": "$19.99 ($4.72 / Ounce)",
        "imageUrl": "https://m.media-amazon.com/images/I/51pAozWfyOL._SL160_.jpg",
        "detailPageURL": "https://www.amazon.com/dp/B08BZ5C7L6",
        "rating": "4.4",
        "totalReviews": "968",
        "subtitle": "ANAI RUI",
        "isPrimeEligible": "1"
    },
    {
        "ASIN": "B097GYNZPP",
        "title": "ANAIRUI Turmeric Vitamin C Clay Mask for Dark Spots, Vitamin C Clay Facial Mask for Blackheads, Pores, Wrinkles, Fine Lines, Hydrating, Clarifying, Cleansing, 4.23 OZ",
        "price": "$15.99 ($3.78 / Fl Oz)",
        "listPrice": "",
        "imageUrl": "https://m.media-amazon.com/images/I/41iEQBEPZXL._SL160_.jpg",
        "detailPageURL": "https://www.amazon.com/dp/B097GYNZPP",
        "rating": "4.3",
        "totalReviews": "825",
        "subtitle": "ANAI RUI",
        "isPrimeEligible": "1"
    },
    {
        "ASIN": "B0BQ3R8LH7",
        "title": "ZeoClay Face Mask - 100% Organic Spa Quality - Pore Reducer & Detoxifying Clay Mask",
        "price": "$38.24 ($7.23 / Ounce)",
        "listPrice": "$44.99 ($8.50 / Ounce)",
        "imageUrl": "https://m.media-amazon.com/images/I/31EvvnRfzhL._SL160_.jpg",
        "detailPageURL": "https://www.amazon.com/dp/B0BQ3R8LH7",
        "rating": "5.0",
        "totalReviews": "20",
        "subtitle": "ZeoClay",
        "isPrimeEligible": "1"
    },
    {
        "ASIN": "B0B1F8B692",
        "title": "New York Biology Bentonite Facial Mask 6 oz \u2013 Moisturizing and Hydrating Face Mask for Acne, Pores, and Clear Skin \u2013 Deep Facial Cleanser Clay Mask for Normal and Oily Skin",
        "price": "$9.99 ($1.66 / Ounce)",
        "listPrice": "",
        "imageUrl": "https://m.media-amazon.com/images/I/41MMH0-qBXL._SL160_.jpg",
        "detailPageURL": "https://www.amazon.com/dp/B0B1F8B692",
        "rating": "4.5",
        "totalReviews": "335",
        "subtitle": "NEW YORK BIOLOGY THE ULTIMATE COSMECEUTICALS",
        "isPrimeEligible": "1"
    },
    {
        "ASIN": "B0776X8G8D",
        "title": "Brickell Men's Purifying Charcoal Face Mask Skin Care Product, Natural and Organic Activated Charcoal Facial Mask With Detoxifying Kaolin Clay, 4 Ounce, Unscented",
        "price": "$35.00 ($8.75 / Ounce)",
        "listPrice": "",
        "imageUrl": "https://m.media-amazon.com/images/I/41Jl-woFxOL._SL160_.jpg",
        "detailPageURL": "https://www.amazon.com/dp/B0776X8G8D",
        "rating": "4.5",
        "totalReviews": "683",
        "subtitle": "Brickell Men's Products",
        "isPrimeEligible": "1"
    },
    {
        "ASIN": "B07VVJ841X",
        "title": "ANAI RUI Turmeric Vitamin C Face Mask, Clay Facial Mask with Vitamin C E and Aloe, Skin Care for Acne & Dark Spots, Smooth & Refine Pores, 4.23 OZ\u2026",
        "price": "$13.99 ($3.45 / Ounce)",
        "listPrice": "$17.99 ($4.44 / Ounce)",
        "imageUrl": "https://m.media-amazon.com/images/I/51JJxrUproL._SL160_.jpg",
        "detailPageURL": "https://www.amazon.com/dp/B07VVJ841X",
        "rating": "4.3",
        "totalReviews": "5965",
        "subtitle": "ANAI RUI",
        "isPrimeEligible": "1"
    },
    {
        "ASIN": "B0CCTXHPLL",
        "title": "HICREAM Turmeric Vitamin C Clay Mask, Deep Cleansing Facial Mask, Clay Face Mask Skin Care with Kaolin Clay and Aloe for Pores, Acne, Dark Spots, Hydrating 5.29 Oz",
        "price": "$12.99 ($2.46 / Ounce)",
        "listPrice": "",
        "imageUrl": "https://m.media-amazon.com/images/I/51+uBfe-i9L._SL160_.jpg",
        "detailPageURL": "https://www.amazon.com/dp/B0CCTXHPLL",
        "rating": "4.8",
        "totalReviews": "52",
        "subtitle": "Hicream",
        "isPrimeEligible": "1"
    },
    {
        "ASIN": "B00RDJTKZW",
        "title": "FREEMAN Clearing Sweet Tea & Lemon Peel-Off Clay Facial Mask, Antioxidant Rich Skincare Treatment, Protects Skin and Lightens Dark Spots, Face Mask For Combination Skin, 6 fl.oz./175 mL Tube",
        "price": "$3.71 ($0.62 / Ounce)",
        "listPrice": "$4.29 ($0.72 / Ounce)",
        "imageUrl": "https://m.media-amazon.com/images/I/31NUAF-gTNL._SL160_.jpg",
        "detailPageURL": "https://www.amazon.com/dp/B00RDJTKZW",
        "rating": "4.3",
        "totalReviews": "1425",
        "subtitle": "FREEMAN",
        "isPrimeEligible": "1"
    },
    {
        "ASIN": "B098QWW43L",
        "title": "ZealSea Turmeric Clay Mask for Face with Vitamin C for Dark Spots - Mud Mask for Face Clay Mask for Blackheads and Pores Face Mask Skin Care Facial Skincare, 4.23 Oz",
        "price": "$24.99 ($24.99 / Count)",
        "listPrice": "$39.99 ($39.99 / Count)",
        "imageUrl": "https://m.media-amazon.com/images/I/413UjUKkCPL._SL160_.jpg",
        "detailPageURL": "https://www.amazon.com/dp/B098QWW43L",
        "rating": "4.3",
        "totalReviews": "426",
        "subtitle": "ZealSea",
        "isPrimeEligible": "1"
    },
    {
        "ASIN": "B08BZ5C7L6",
        "title": "Rose Clay Mask, Pink Clay Mask, with Manicouagan Clay, Kaolin, Niacinamide, Collagen, Hyaluronic Acid for Detoxifying, Moisturizing & Anti Aging, Purify Pores, Smooth Lines, Professional Mud Mask, 3.52 oz",
        "price": "$15.99 ($3.78 / Ounce)",
        "listPrice": "$19.99 ($4.72 / Ounce)",
        "imageUrl": "https://m.media-amazon.com/images/I/51pAozWfyOL._SL160_.jpg",
        "detailPageURL": "https://www.amazon.com/dp/B08BZ5C7L6",
        "rating": "4.4",
        "totalReviews": "968",
        "subtitle": "ANAI RUI",
        "isPrimeEligible": "1"
    },
    {
        "ASIN": "B097GYNZPP",
        "title": "ANAIRUI Turmeric Vitamin C Clay Mask for Dark Spots, Vitamin C Clay Facial Mask for Blackheads, Pores, Wrinkles, Fine Lines, Hydrating, Clarifying, Cleansing, 4.23 OZ",
        "price": "$15.99 ($3.78 / Fl Oz)",
        "listPrice": "",
        "imageUrl": "https://m.media-amazon.com/images/I/41iEQBEPZXL._SL160_.jpg",
        "detailPageURL": "https://www.amazon.com/dp/B097GYNZPP",
        "rating": "4.3",
        "totalReviews": "825",
        "subtitle": "ANAI RUI",
        "isPrimeEligible": "1"
    },
    {
        "ASIN": "B017NPXX9E",
        "title": "Origins Original Skin Retexturizing Mask With Rose Clay, 2.5 Fl Oz (Pack of 1)",
        "price": "$29.88 ($11.95 / Fl Oz)",
        "listPrice": "",
        "imageUrl": "https://m.media-amazon.com/images/I/21MHa+f1mUL._SL160_.jpg",
        "detailPageURL": "https://www.amazon.com/dp/B017NPXX9E",
        "rating": "4.7",
        "totalReviews": "191",
        "subtitle": "Origins",
        "isPrimeEligible": "1"
    },
    {
        "ASIN": "B0B1F8B692",
        "title": "New York Biology Bentonite Facial Mask 6 oz \u2013 Moisturizing and Hydrating Face Mask for Acne, Pores, and Clear Skin \u2013 Deep Facial Cleanser Clay Mask for Normal and Oily Skin",
        "price": "$9.99 ($1.66 / Ounce)",
        "listPrice": "",
        "imageUrl": "https://m.media-amazon.com/images/I/41MMH0-qBXL._SL160_.jpg",
        "detailPageURL": "https://www.amazon.com/dp/B0B1F8B692",
        "rating": "4.5",
        "totalReviews": "335",
        "subtitle": "NEW YORK BIOLOGY THE ULTIMATE COSMECEUTICALS",
        "isPrimeEligible": "1"
    },
    {
        "ASIN": "B0776X8G8D",
        "title": "Brickell Men's Purifying Charcoal Face Mask Skin Care Product, Natural and Organic Activated Charcoal Facial Mask With Detoxifying Kaolin Clay, 4 Ounce, Unscented",
        "price": "$35.00 ($8.75 / Ounce)",
        "listPrice": "",
        "imageUrl": "https://m.media-amazon.com/images/I/41Jl-woFxOL._SL160_.jpg",
        "detailPageURL": "https://www.amazon.com/dp/B0776X8G8D",
        "rating": "4.5",
        "totalReviews": "683",
        "subtitle": "Brickell Men's Products",
        "isPrimeEligible": "1"
    },
    {
        "ASIN": "B07VVJ841X",
        "title": "ANAI RUI Turmeric Vitamin C Face Mask, Clay Facial Mask with Vitamin C E and Aloe, Skin Care for Acne & Dark Spots, Smooth & Refine Pores, 4.23 OZ\u2026",
        "price": "$13.99 ($3.45 / Ounce)",
        "listPrice": "$17.99 ($4.44 / Ounce)",
        "imageUrl": "https://m.media-amazon.com/images/I/51JJxrUproL._SL160_.jpg",
        "detailPageURL": "https://www.amazon.com/dp/B07VVJ841X",
        "rating": "4.3",
        "totalReviews": "5965",
        "subtitle": "ANAI RUI",
        "isPrimeEligible": "1"
    },
    {
        "ASIN": "B0CCTXHPLL",
        "title": "HICREAM Turmeric Vitamin C Clay Mask, Deep Cleansing Facial Mask, Clay Face Mask Skin Care with Kaolin Clay and Aloe for Pores, Acne, Dark Spots, Hydrating 5.29 Oz",
        "price": "$12.99 ($2.46 / Ounce)",
        "listPrice": "",
        "imageUrl": "https://m.media-amazon.com/images/I/51+uBfe-i9L._SL160_.jpg",
        "detailPageURL": "https://www.amazon.com/dp/B0CCTXHPLL",
        "rating": "4.8",
        "totalReviews": "52",
        "subtitle": "Hicream",
        "isPrimeEligible": "1"
    },
    {
        "ASIN": "B00RDJTKZW",
        "title": "FREEMAN Clearing Sweet Tea & Lemon Peel-Off Clay Facial Mask, Antioxidant Rich Skincare Treatment, Protects Skin and Lightens Dark Spots, Face Mask For Combination Skin, 6 fl.oz./175 mL Tube",
        "price": "$3.71 ($0.62 / Ounce)",
        "listPrice": "$4.29 ($0.72 / Ounce)",
        "imageUrl": "https://m.media-amazon.com/images/I/31NUAF-gTNL._SL160_.jpg",
        "detailPageURL": "https://www.amazon.com/dp/B00RDJTKZW",
        "rating": "4.3",
        "totalReviews": "1425",
        "subtitle": "FREEMAN",
        "isPrimeEligible": "1"
    },
    {
        "ASIN": "B098QWW43L",
        "title": "ZealSea Turmeric Clay Mask for Face with Vitamin C for Dark Spots - Mud Mask for Face Clay Mask for Blackheads and Pores Face Mask Skin Care Facial Skincare, 4.23 Oz",
        "price": "$24.99 ($24.99 / Count)",
        "listPrice": "$39.99 ($39.99 / Count)",
        "imageUrl": "https://m.media-amazon.com/images/I/413UjUKkCPL._SL160_.jpg",
        "detailPageURL": "https://www.amazon.com/dp/B098QWW43L",
        "rating": "4.3",
        "totalReviews": "426",
        "subtitle": "ZealSea",
        "isPrimeEligible": "1"
    },
    {
        "ASIN": "B08BZ5C7L6",
        "title": "Rose Clay Mask, Pink Clay Mask, with Manicouagan Clay, Kaolin, Niacinamide, Collagen, Hyaluronic Acid for Detoxifying, Moisturizing & Anti Aging, Purify Pores, Smooth Lines, Professional Mud Mask, 3.52 oz",
        "price": "$15.99 ($3.78 / Ounce)",
        "listPrice": "$19.99 ($4.72 / Ounce)",
        "imageUrl": "https://m.media-amazon.com/images/I/51pAozWfyOL._SL160_.jpg",
        "detailPageURL": "https://www.amazon.com/dp/B08BZ5C7L6",
        "rating": "4.4",
        "totalReviews": "968",
        "subtitle": "ANAI RUI",
        "isPrimeEligible": "1"
    },
    {
        "ASIN": "B097GYNZPP",
        "title": "ANAIRUI Turmeric Vitamin C Clay Mask for Dark Spots, Vitamin C Clay Facial Mask for Blackheads, Pores, Wrinkles, Fine Lines, Hydrating, Clarifying, Cleansing, 4.23 OZ",
        "price": "$15.99 ($3.78 / Fl Oz)",
        "listPrice": "",
        "imageUrl": "https://m.media-amazon.com/images/I/41iEQBEPZXL._SL160_.jpg",
        "detailPageURL": "https://www.amazon.com/dp/B097GYNZPP",
        "rating": "4.3",
        "totalReviews": "825",
        "subtitle": "ANAI RUI",
        "isPrimeEligible": "1"
    },
    {
        "ASIN": "B017NPXX9E",
        "title": "Origins Original Skin Retexturizing Mask With Rose Clay, 2.5 Fl Oz (Pack of 1)",
        "price": "$29.88 ($11.95 / Fl Oz)",
        "listPrice": "",
        "imageUrl": "https://m.media-amazon.com/images/I/21MHa+f1mUL._SL160_.jpg",
        "detailPageURL": "https://www.amazon.com/dp/B017NPXX9E",
        "rating": "4.7",
        "totalReviews": "191",
        "subtitle": "Origins",
        "isPrimeEligible": "1"
    },
    {
        "ASIN": "B01I28KFXS",
        "title": "Dermo Expertise Pure Clay Detox Mask, Black 50 ml by Dermo Expertise",
        "price": "$12.00 ($7.10 / Fl Oz)",
        "listPrice": "",
        "imageUrl": "https://m.media-amazon.com/images/I/41wPMKanD+L._SL160_.jpg",
        "detailPageURL": "https://www.amazon.com/dp/B01I28KFXS",
        "rating": "4.5",
        "totalReviews": "8016",
        "subtitle": "L\u2019Or\u00e9al Paris",
        "isPrimeEligible": "1"
    },
    {
        "ASIN": "B0776X8G8D",
        "title": "Brickell Men's Purifying Charcoal Face Mask Skin Care Product, Natural and Organic Activated Charcoal Facial Mask With Detoxifying Kaolin Clay, 4 Ounce, Unscented",
        "price": "$35.00 ($8.75 / Ounce)",
        "listPrice": "",
        "imageUrl": "https://m.media-amazon.com/images/I/41Jl-woFxOL._SL160_.jpg",
        "detailPageURL": "https://www.amazon.com/dp/B0776X8G8D",
        "rating": "4.5",
        "totalReviews": "683",
        "subtitle": "Brickell Men's Products",
        "isPrimeEligible": "1"
    },
    {
        "ASIN": "B07VVJ841X",
        "title": "ANAI RUI Turmeric Vitamin C Face Mask, Clay Facial Mask with Vitamin C E and Aloe, Skin Care for Acne & Dark Spots, Smooth & Refine Pores, 4.23 OZ\u2026",
        "price": "$13.99 ($3.45 / Ounce)",
        "listPrice": "$17.99 ($4.44 / Ounce)",
        "imageUrl": "https://m.media-amazon.com/images/I/51JJxrUproL._SL160_.jpg",
        "detailPageURL": "https://www.amazon.com/dp/B07VVJ841X",
        "rating": "4.3",
        "totalReviews": "5965",
        "subtitle": "ANAI RUI",
        "isPrimeEligible": "1"
    },
    {
        "ASIN": "B0CCTXHPLL",
        "title": "HICREAM Turmeric Vitamin C Clay Mask, Deep Cleansing Facial Mask, Clay Face Mask Skin Care with Kaolin Clay and Aloe for Pores, Acne, Dark Spots, Hydrating 5.29 Oz",
        "price": "$12.99 ($2.46 / Ounce)",
        "listPrice": "",
        "imageUrl": "https://m.media-amazon.com/images/I/51+uBfe-i9L._SL160_.jpg",
        "detailPageURL": "https://www.amazon.com/dp/B0CCTXHPLL",
        "rating": "4.8",
        "totalReviews": "52",
        "subtitle": "Hicream",
        "isPrimeEligible": "1"
    },
    {
        "ASIN": "B00RDJTKZW",
        "title": "FREEMAN Clearing Sweet Tea & Lemon Peel-Off Clay Facial Mask, Antioxidant Rich Skincare Treatment, Protects Skin and Lightens Dark Spots, Face Mask For Combination Skin, 6 fl.oz./175 mL Tube",
        "price": "$3.71 ($0.62 / Ounce)",
        "listPrice": "$4.29 ($0.72 / Ounce)",
        "imageUrl": "https://m.media-amazon.com/images/I/31NUAF-gTNL._SL160_.jpg",
        "detailPageURL": "https://www.amazon.com/dp/B00RDJTKZW",
        "rating": "4.3",
        "totalReviews": "1425",
        "subtitle": "FREEMAN",
        "isPrimeEligible": "1"
    },
    {
        "ASIN": "B098QWW43L",
        "title": "ZealSea Turmeric Clay Mask for Face with Vitamin C for Dark Spots - Mud Mask for Face Clay Mask for Blackheads and Pores Face Mask Skin Care Facial Skincare, 4.23 Oz",
        "price": "$24.99 ($24.99 / Count)",
        "listPrice": "$39.99 ($39.99 / Count)",
        "imageUrl": "https://m.media-amazon.com/images/I/413UjUKkCPL._SL160_.jpg",
        "detailPageURL": "https://www.amazon.com/dp/B098QWW43L",
        "rating": "4.3",
        "totalReviews": "426",
        "subtitle": "ZealSea",
        "isPrimeEligible": "1"
    },
    {
        "ASIN": "B08BZ5C7L6",
        "title": "Rose Clay Mask, Pink Clay Mask, with Manicouagan Clay, Kaolin, Niacinamide, Collagen, Hyaluronic Acid for Detoxifying, Moisturizing & Anti Aging, Purify Pores, Smooth Lines, Professional Mud Mask, 3.52 oz",
        "price": "$15.99 ($3.78 / Ounce)",
        "listPrice": "$19.99 ($4.72 / Ounce)",
        "imageUrl": "https://m.media-amazon.com/images/I/51pAozWfyOL._SL160_.jpg",
        "detailPageURL": "https://www.amazon.com/dp/B08BZ5C7L6",
        "rating": "4.4",
        "totalReviews": "968",
        "subtitle": "ANAI RUI",
        "isPrimeEligible": "1"
    },
    {
        "ASIN": "B097GYNZPP",
        "title": "ANAIRUI Turmeric Vitamin C Clay Mask for Dark Spots, Vitamin C Clay Facial Mask for Blackheads, Pores, Wrinkles, Fine Lines, Hydrating, Clarifying, Cleansing, 4.23 OZ",
        "price": "$15.99 ($3.78 / Fl Oz)",
        "listPrice": "",
        "imageUrl": "https://m.media-amazon.com/images/I/41iEQBEPZXL._SL160_.jpg",
        "detailPageURL": "https://www.amazon.com/dp/B097GYNZPP",
        "rating": "4.3",
        "totalReviews": "825",
        "subtitle": "ANAI RUI",
        "isPrimeEligible": "1"
    },
    {
        "ASIN": "B017NPXX9E",
        "title": "Origins Original Skin Retexturizing Mask With Rose Clay, 2.5 Fl Oz (Pack of 1)",
        "price": "$29.88 ($11.95 / Fl Oz)",
        "listPrice": "",
        "imageUrl": "https://m.media-amazon.com/images/I/21MHa+f1mUL._SL160_.jpg",
        "detailPageURL": "https://www.amazon.com/dp/B017NPXX9E",
        "rating": "4.7",
        "totalReviews": "191",
        "subtitle": "Origins",
        "isPrimeEligible": "1"
    },
    {
        "ASIN": "B01I28KFXS",
        "title": "Dermo Expertise Pure Clay Detox Mask, Black 50 ml by Dermo Expertise",
        "price": "$12.00 ($7.10 / Fl Oz)",
        "listPrice": "",
        "imageUrl": "https://m.media-amazon.com/images/I/41wPMKanD+L._SL160_.jpg",
        "detailPageURL": "https://www.amazon.com/dp/B01I28KFXS",
        "rating": "4.5",
        "totalReviews": "8016",
        "subtitle": "L\u2019Or\u00e9al Paris",
        "isPrimeEligible": "1"
    },
    {
        "ASIN": "B0B9MYHHTM",
        "title": "Pjordo Rose Clay Facial Mask, Face Skin Care Clay Mask, Pink Clay Mask with Mask Brush for Deep Cleansing, Anti-Acne, Refining Pores Soothing and Brightening, Spa Facial Mask 150g/5.29 Oz",
        "price": "$8.99 ($1.70 / Ounce)",
        "listPrice": "",
        "imageUrl": "https://m.media-amazon.com/images/I/41Ih-5ojzXL._SL160_.jpg",
        "detailPageURL": "https://www.amazon.com/dp/B0B9MYHHTM",
        "rating": "4.1",
        "totalReviews": "66",
        "subtitle": "Pjordo",
        "isPrimeEligible": "1"
    },
    {
        "ASIN": "B07VVJ841X",
        "title": "ANAI RUI Turmeric Vitamin C Face Mask, Clay Facial Mask with Vitamin C E and Aloe, Skin Care for Acne & Dark Spots, Smooth & Refine Pores, 4.23 OZ\u2026",
        "price": "$13.99 ($3.45 / Ounce)",
        "listPrice": "$17.99 ($4.44 / Ounce)",
        "imageUrl": "https://m.media-amazon.com/images/I/51JJxrUproL._SL160_.jpg",
        "detailPageURL": "https://www.amazon.com/dp/B07VVJ841X",
        "rating": "4.3",
        "totalReviews": "5965",
        "subtitle": "ANAI RUI",
        "isPrimeEligible": "1"
    },
    {
        "ASIN": "B0CCTXHPLL",
        "title": "HICREAM Turmeric Vitamin C Clay Mask, Deep Cleansing Facial Mask, Clay Face Mask Skin Care with Kaolin Clay and Aloe for Pores, Acne, Dark Spots, Hydrating 5.29 Oz",
        "price": "$12.99 ($2.46 / Ounce)",
        "listPrice": "",
        "imageUrl": "https://m.media-amazon.com/images/I/51+uBfe-i9L._SL160_.jpg",
        "detailPageURL": "https://www.amazon.com/dp/B0CCTXHPLL",
        "rating": "4.8",
        "totalReviews": "52",
        "subtitle": "Hicream",
        "isPrimeEligible": "1"
    },
    {
        "ASIN": "B00RDJTKZW",
        "title": "FREEMAN Clearing Sweet Tea & Lemon Peel-Off Clay Facial Mask, Antioxidant Rich Skincare Treatment, Protects Skin and Lightens Dark Spots, Face Mask For Combination Skin, 6 fl.oz./175 mL Tube",
        "price": "$3.71 ($0.62 / Ounce)",
        "listPrice": "$4.29 ($0.72 / Ounce)",
        "imageUrl": "https://m.media-amazon.com/images/I/31NUAF-gTNL._SL160_.jpg",
        "detailPageURL": "https://www.amazon.com/dp/B00RDJTKZW",
        "rating": "4.3",
        "totalReviews": "1425",
        "subtitle": "FREEMAN",
        "isPrimeEligible": "1"
    },
    {
        "ASIN": "B098QWW43L",
        "title": "ZealSea Turmeric Clay Mask for Face with Vitamin C for Dark Spots - Mud Mask for Face Clay Mask for Blackheads and Pores Face Mask Skin Care Facial Skincare, 4.23 Oz",
        "price": "$24.99 ($24.99 / Count)",
        "listPrice": "$39.99 ($39.99 / Count)",
        "imageUrl": "https://m.media-amazon.com/images/I/413UjUKkCPL._SL160_.jpg",
        "detailPageURL": "https://www.amazon.com/dp/B098QWW43L",
        "rating": "4.3",
        "totalReviews": "426",
        "subtitle": "ZealSea",
        "isPrimeEligible": "1"
    },
    {
        "ASIN": "B08BZ5C7L6",
        "title": "Rose Clay Mask, Pink Clay Mask, with Manicouagan Clay, Kaolin, Niacinamide, Collagen, Hyaluronic Acid for Detoxifying, Moisturizing & Anti Aging, Purify Pores, Smooth Lines, Professional Mud Mask, 3.52 oz",
        "price": "$15.99 ($3.78 / Ounce)",
        "listPrice": "$19.99 ($4.72 / Ounce)",
        "imageUrl": "https://m.media-amazon.com/images/I/51pAozWfyOL._SL160_.jpg",
        "detailPageURL": "https://www.amazon.com/dp/B08BZ5C7L6",
        "rating": "4.4",
        "totalReviews": "968",
        "subtitle": "ANAI RUI",
        "isPrimeEligible": "1"
    },
    {
        "ASIN": "B097GYNZPP",
        "title": "ANAIRUI Turmeric Vitamin C Clay Mask for Dark Spots, Vitamin C Clay Facial Mask for Blackheads, Pores, Wrinkles, Fine Lines, Hydrating, Clarifying, Cleansing, 4.23 OZ",
        "price": "$15.99 ($3.78 / Fl Oz)",
        "listPrice": "",
        "imageUrl": "https://m.media-amazon.com/images/I/41iEQBEPZXL._SL160_.jpg",
        "detailPageURL": "https://www.amazon.com/dp/B097GYNZPP",
        "rating": "4.3",
        "totalReviews": "825",
        "subtitle": "ANAI RUI",
        "isPrimeEligible": "1"
    },
    {
        "ASIN": "B017NPXX9E",
        "title": "Origins Original Skin Retexturizing Mask With Rose Clay, 2.5 Fl Oz (Pack of 1)",
        "price": "$29.88 ($11.95 / Fl Oz)",
        "listPrice": "",
        "imageUrl": "https://m.media-amazon.com/images/I/21MHa+f1mUL._SL160_.jpg",
        "detailPageURL": "https://www.amazon.com/dp/B017NPXX9E",
        "rating": "4.7",
        "totalReviews": "191",
        "subtitle": "Origins",
        "isPrimeEligible": "1"
    },
    {
        "ASIN": "B01I28KFXS",
        "title": "Dermo Expertise Pure Clay Detox Mask, Black 50 ml by Dermo Expertise",
        "price": "$12.00 ($7.10 / Fl Oz)",
        "listPrice": "",
        "imageUrl": "https://m.media-amazon.com/images/I/41wPMKanD+L._SL160_.jpg",
        "detailPageURL": "https://www.amazon.com/dp/B01I28KFXS",
        "rating": "4.5",
        "totalReviews": "8016",
        "subtitle": "L\u2019Or\u00e9al Paris",
        "isPrimeEligible": "1"
    },
    {
        "ASIN": "B0B9MYHHTM",
        "title": "Pjordo Rose Clay Facial Mask, Face Skin Care Clay Mask, Pink Clay Mask with Mask Brush for Deep Cleansing, Anti-Acne, Refining Pores Soothing and Brightening, Spa Facial Mask 150g/5.29 Oz",
        "price": "$8.99 ($1.70 / Ounce)",
        "listPrice": "",
        "imageUrl": "https://m.media-amazon.com/images/I/41Ih-5ojzXL._SL160_.jpg",
        "detailPageURL": "https://www.amazon.com/dp/B0B9MYHHTM",
        "rating": "4.1",
        "totalReviews": "66",
        "subtitle": "Pjordo",
        "isPrimeEligible": "1"
    },
    {
        "ASIN": "B07VXKFVL2",
        "title": "Paula's Choice - CLEAR Purifying Clay Face Mask with Oil Absorbing Bentonite, Kaolin & Salicylic Acid, Minimizes Large Pores & Redness, for Oily & Acne-Prone Skin, 3 Ounces",
        "price": "$29.00 ($9.67 / Fl Oz)",
        "listPrice": "",
        "imageUrl": "https://m.media-amazon.com/images/I/31SGUoxOaPL._SL160_.jpg",
        "detailPageURL": "https://www.amazon.com/dp/B07VXKFVL2",
        "rating": "4.7",
        "totalReviews": "195",
        "subtitle": "Paula's Choice",
        "isPrimeEligible": "1"
    },
    {
        "ASIN": "B0CCTXHPLL",
        "title": "HICREAM Turmeric Vitamin C Clay Mask, Deep Cleansing Facial Mask, Clay Face Mask Skin Care with Kaolin Clay and Aloe for Pores, Acne, Dark Spots, Hydrating 5.29 Oz",
        "price": "$12.99 ($2.46 / Ounce)",
        "listPrice": "",
        "imageUrl": "https://m.media-amazon.com/images/I/51+uBfe-i9L._SL160_.jpg",
        "detailPageURL": "https://www.amazon.com/dp/B0CCTXHPLL",
        "rating": "4.8",
        "totalReviews": "52",
        "subtitle": "Hicream",
        "isPrimeEligible": "1"
    },
    {
        "ASIN": "B00RDJTKZW",
        "title": "FREEMAN Clearing Sweet Tea & Lemon Peel-Off Clay Facial Mask, Antioxidant Rich Skincare Treatment, Protects Skin and Lightens Dark Spots, Face Mask For Combination Skin, 6 fl.oz./175 mL Tube",
        "price": "$3.71 ($0.62 / Ounce)",
        "listPrice": "$4.29 ($0.72 / Ounce)",
        "imageUrl": "https://m.media-amazon.com/images/I/31NUAF-gTNL._SL160_.jpg",
        "detailPageURL": "https://www.amazon.com/dp/B00RDJTKZW",
        "rating": "4.3",
        "totalReviews": "1425",
        "subtitle": "FREEMAN",
        "isPrimeEligible": "1"
    },
    {
        "ASIN": "B098QWW43L",
        "title": "ZealSea Turmeric Clay Mask for Face with Vitamin C for Dark Spots - Mud Mask for Face Clay Mask for Blackheads and Pores Face Mask Skin Care Facial Skincare, 4.23 Oz",
        "price": "$24.99 ($24.99 / Count)",
        "listPrice": "$39.99 ($39.99 / Count)",
        "imageUrl": "https://m.media-amazon.com/images/I/413UjUKkCPL._SL160_.jpg",
        "detailPageURL": "https://www.amazon.com/dp/B098QWW43L",
        "rating": "4.3",
        "totalReviews": "426",
        "subtitle": "ZealSea",
        "isPrimeEligible": "1"
    },
    {
        "ASIN": "B08BZ5C7L6",
        "title": "Rose Clay Mask, Pink Clay Mask, with Manicouagan Clay, Kaolin, Niacinamide, Collagen, Hyaluronic Acid for Detoxifying, Moisturizing & Anti Aging, Purify Pores, Smooth Lines, Professional Mud Mask, 3.52 oz",
        "price": "$15.99 ($3.78 / Ounce)",
        "listPrice": "$19.99 ($4.72 / Ounce)",
        "imageUrl": "https://m.media-amazon.com/images/I/51pAozWfyOL._SL160_.jpg",
        "detailPageURL": "https://www.amazon.com/dp/B08BZ5C7L6",
        "rating": "4.4",
        "totalReviews": "968",
        "subtitle": "ANAI RUI",
        "isPrimeEligible": "1"
    },
    {
        "ASIN": "B097GYNZPP",
        "title": "ANAIRUI Turmeric Vitamin C Clay Mask for Dark Spots, Vitamin C Clay Facial Mask for Blackheads, Pores, Wrinkles, Fine Lines, Hydrating, Clarifying, Cleansing, 4.23 OZ",
        "price": "$15.99 ($3.78 / Fl Oz)",
        "listPrice": "",
        "imageUrl": "https://m.media-amazon.com/images/I/41iEQBEPZXL._SL160_.jpg",
        "detailPageURL": "https://www.amazon.com/dp/B097GYNZPP",
        "rating": "4.3",
        "totalReviews": "825",
        "subtitle": "ANAI RUI",
        "isPrimeEligible": "1"
    },
    {
        "ASIN": "B017NPXX9E",
        "title": "Origins Original Skin Retexturizing Mask With Rose Clay, 2.5 Fl Oz (Pack of 1)",
        "price": "$29.88 ($11.95 / Fl Oz)",
        "listPrice": "",
        "imageUrl": "https://m.media-amazon.com/images/I/21MHa+f1mUL._SL160_.jpg",
        "detailPageURL": "https://www.amazon.com/dp/B017NPXX9E",
        "rating": "4.7",
        "totalReviews": "191",
        "subtitle": "Origins",
        "isPrimeEligible": "1"
    },
    {
        "ASIN": "B01I28KFXS",
        "title": "Dermo Expertise Pure Clay Detox Mask, Black 50 ml by Dermo Expertise",
        "price": "$12.00 ($7.10 / Fl Oz)",
        "listPrice": "",
        "imageUrl": "https://m.media-amazon.com/images/I/41wPMKanD+L._SL160_.jpg",
        "detailPageURL": "https://www.amazon.com/dp/B01I28KFXS",
        "rating": "4.5",
        "totalReviews": "8016",
        "subtitle": "L\u2019Or\u00e9al Paris",
        "isPrimeEligible": "1"
    },
    {
        "ASIN": "B0B9MYHHTM",
        "title": "Pjordo Rose Clay Facial Mask, Face Skin Care Clay Mask, Pink Clay Mask with Mask Brush for Deep Cleansing, Anti-Acne, Refining Pores Soothing and Brightening, Spa Facial Mask 150g/5.29 Oz",
        "price": "$8.99 ($1.70 / Ounce)",
        "listPrice": "",
        "imageUrl": "https://m.media-amazon.com/images/I/41Ih-5ojzXL._SL160_.jpg",
        "detailPageURL": "https://www.amazon.com/dp/B0B9MYHHTM",
        "rating": "4.1",
        "totalReviews": "66",
        "subtitle": "Pjordo",
        "isPrimeEligible": "1"
    },
    {
        "ASIN": "B07VXKFVL2",
        "title": "Paula's Choice - CLEAR Purifying Clay Face Mask with Oil Absorbing Bentonite, Kaolin & Salicylic Acid, Minimizes Large Pores & Redness, for Oily & Acne-Prone Skin, 3 Ounces",
        "price": "$29.00 ($9.67 / Fl Oz)",
        "listPrice": "",
        "imageUrl": "https://m.media-amazon.com/images/I/31SGUoxOaPL._SL160_.jpg",
        "detailPageURL": "https://www.amazon.com/dp/B07VXKFVL2",
        "rating": "4.7",
        "totalReviews": "195",
        "subtitle": "Paula's Choice",
        "isPrimeEligible": "1"
    },
    {
        "ASIN": "B0BNZL4ZQR",
        "title": "LUVCLAY Vitamin C and Turmeric Clay Mask for Face \u2013 Deep Cleansing & Brightening Face Mask for Dark Spots, Pores, and Anti-Aging \u2013 Non-Greasy, Easy-to-Apply Hydrating Skin Care, 5.29 Oz",
        "price": "$9.95 ($1.88 / Ounce)",
        "listPrice": "",
        "imageUrl": "https://m.media-amazon.com/images/I/41Zr0ZQWjXL._SL160_.jpg",
        "detailPageURL": "https://www.amazon.com/dp/B0BNZL4ZQR",
        "rating": "4.3",
        "totalReviews": "52",
        "subtitle": "LUVCLAY",
        "isPrimeEligible": "1"
    },
    {
        "ASIN": "B00RDJTKZW",
        "title": "FREEMAN Clearing Sweet Tea & Lemon Peel-Off Clay Facial Mask, Antioxidant Rich Skincare Treatment, Protects Skin and Lightens Dark Spots, Face Mask For Combination Skin, 6 fl.oz./175 mL Tube",
        "price": "$3.71 ($0.62 / Ounce)",
        "listPrice": "$4.29 ($0.72 / Ounce)",
        "imageUrl": "https://m.media-amazon.com/images/I/31NUAF-gTNL._SL160_.jpg",
        "detailPageURL": "https://www.amazon.com/dp/B00RDJTKZW",
        "rating": "4.3",
        "totalReviews": "1425",
        "subtitle": "FREEMAN",
        "isPrimeEligible": "1"
    },
    {
        "ASIN": "B098QWW43L",
        "title": "ZealSea Turmeric Clay Mask for Face with Vitamin C for Dark Spots - Mud Mask for Face Clay Mask for Blackheads and Pores Face Mask Skin Care Facial Skincare, 4.23 Oz",
        "price": "$24.99 ($24.99 / Count)",
        "listPrice": "$39.99 ($39.99 / Count)",
        "imageUrl": "https://m.media-amazon.com/images/I/413UjUKkCPL._SL160_.jpg",
        "detailPageURL": "https://www.amazon.com/dp/B098QWW43L",
        "rating": "4.3",
        "totalReviews": "426",
        "subtitle": "ZealSea",
        "isPrimeEligible": "1"
    },
    {
        "ASIN": "B08BZ5C7L6",
        "title": "Rose Clay Mask, Pink Clay Mask, with Manicouagan Clay, Kaolin, Niacinamide, Collagen, Hyaluronic Acid for Detoxifying, Moisturizing & Anti Aging, Purify Pores, Smooth Lines, Professional Mud Mask, 3.52 oz",
        "price": "$15.99 ($3.78 / Ounce)",
        "listPrice": "$19.99 ($4.72 / Ounce)",
        "imageUrl": "https://m.media-amazon.com/images/I/51pAozWfyOL._SL160_.jpg",
        "detailPageURL": "https://www.amazon.com/dp/B08BZ5C7L6",
        "rating": "4.4",
        "totalReviews": "968",
        "subtitle": "ANAI RUI",
        "isPrimeEligible": "1"
    },
    {
        "ASIN": "B097GYNZPP",
        "title": "ANAIRUI Turmeric Vitamin C Clay Mask for Dark Spots, Vitamin C Clay Facial Mask for Blackheads, Pores, Wrinkles, Fine Lines, Hydrating, Clarifying, Cleansing, 4.23 OZ",
        "price": "$15.99 ($3.78 / Fl Oz)",
        "listPrice": "",
        "imageUrl": "https://m.media-amazon.com/images/I/41iEQBEPZXL._SL160_.jpg",
        "detailPageURL": "https://www.amazon.com/dp/B097GYNZPP",
        "rating": "4.3",
        "totalReviews": "825",
        "subtitle": "ANAI RUI",
        "isPrimeEligible": "1"
    },
    {
        "ASIN": "B017NPXX9E",
        "title": "Origins Original Skin Retexturizing Mask With Rose Clay, 2.5 Fl Oz (Pack of 1)",
        "price": "$29.88 ($11.95 / Fl Oz)",
        "listPrice": "",
        "imageUrl": "https://m.media-amazon.com/images/I/21MHa+f1mUL._SL160_.jpg",
        "detailPageURL": "https://www.amazon.com/dp/B017NPXX9E",
        "rating": "4.7",
        "totalReviews": "191",
        "subtitle": "Origins",
        "isPrimeEligible": "1"
    },
    {
        "ASIN": "B01I28KFXS",
        "title": "Dermo Expertise Pure Clay Detox Mask, Black 50 ml by Dermo Expertise",
        "price": "$12.00 ($7.10 / Fl Oz)",
        "listPrice": "",
        "imageUrl": "https://m.media-amazon.com/images/I/41wPMKanD+L._SL160_.jpg",
        "detailPageURL": "https://www.amazon.com/dp/B01I28KFXS",
        "rating": "4.5",
        "totalReviews": "8016",
        "subtitle": "L\u2019Or\u00e9al Paris",
        "isPrimeEligible": "1"
    },
    {
        "ASIN": "B0B9MYHHTM",
        "title": "Pjordo Rose Clay Facial Mask, Face Skin Care Clay Mask, Pink Clay Mask with Mask Brush for Deep Cleansing, Anti-Acne, Refining Pores Soothing and Brightening, Spa Facial Mask 150g/5.29 Oz",
        "price": "$8.99 ($1.70 / Ounce)",
        "listPrice": "",
        "imageUrl": "https://m.media-amazon.com/images/I/41Ih-5ojzXL._SL160_.jpg",
        "detailPageURL": "https://www.amazon.com/dp/B0B9MYHHTM",
        "rating": "4.1",
        "totalReviews": "66",
        "subtitle": "Pjordo",
        "isPrimeEligible": "1"
    },
    {
        "ASIN": "B07VXKFVL2",
        "title": "Paula's Choice - CLEAR Purifying Clay Face Mask with Oil Absorbing Bentonite, Kaolin & Salicylic Acid, Minimizes Large Pores & Redness, for Oily & Acne-Prone Skin, 3 Ounces",
        "price": "$29.00 ($9.67 / Fl Oz)",
        "listPrice": "",
        "imageUrl": "https://m.media-amazon.com/images/I/31SGUoxOaPL._SL160_.jpg",
        "detailPageURL": "https://www.amazon.com/dp/B07VXKFVL2",
        "rating": "4.7",
        "totalReviews": "195",
        "subtitle": "Paula's Choice",
        "isPrimeEligible": "1"
    },
    {
        "ASIN": "B0BNZL4ZQR",
        "title": "LUVCLAY Vitamin C and Turmeric Clay Mask for Face \u2013 Deep Cleansing & Brightening Face Mask for Dark Spots, Pores, and Anti-Aging \u2013 Non-Greasy, Easy-to-Apply Hydrating Skin Care, 5.29 Oz",
        "price": "$9.95 ($1.88 / Ounce)",
        "listPrice": "",
        "imageUrl": "https://m.media-amazon.com/images/I/41Zr0ZQWjXL._SL160_.jpg",
        "detailPageURL": "https://www.amazon.com/dp/B0BNZL4ZQR",
        "rating": "4.3",
        "totalReviews": "52",
        "subtitle": "LUVCLAY",
        "isPrimeEligible": "1"
    },
    {
        "ASIN": "B0BZC852XS",
        "title": "AROMATICA Tea Tree Pore Purifying Clay Mask 2% Niacineamide + 45% Clay - Deep Cleansing Mask for Pore-Purifying - Vegan & Cruelty-Free - Natural Ingredients with food grade tea tree oil",
        "price": "$30.00 ($7.14 / Ounce)",
        "listPrice": "",
        "imageUrl": "https://m.media-amazon.com/images/I/41x1NYQekrL._SL160_.jpg",
        "detailPageURL": "https://www.amazon.com/dp/B0BZC852XS",
        "rating": "4.5",
        "totalReviews": "976",
        "subtitle": "AROMATICA",
        "isPrimeEligible": "1"
    },
    {
        "ASIN": "B098QWW43L",
        "title": "ZealSea Turmeric Clay Mask for Face with Vitamin C for Dark Spots - Mud Mask for Face Clay Mask for Blackheads and Pores Face Mask Skin Care Facial Skincare, 4.23 Oz",
        "price": "$24.99 ($24.99 / Count)",
        "listPrice": "$39.99 ($39.99 / Count)",
        "imageUrl": "https://m.media-amazon.com/images/I/413UjUKkCPL._SL160_.jpg",
        "detailPageURL": "https://www.amazon.com/dp/B098QWW43L",
        "rating": "4.3",
        "totalReviews": "426",
        "subtitle": "ZealSea",
        "isPrimeEligible": "1"
    },
    {
        "ASIN": "B08BZ5C7L6",
        "title": "Rose Clay Mask, Pink Clay Mask, with Manicouagan Clay, Kaolin, Niacinamide, Collagen, Hyaluronic Acid for Detoxifying, Moisturizing & Anti Aging, Purify Pores, Smooth Lines, Professional Mud Mask, 3.52 oz",
        "price": "$15.99 ($3.78 / Ounce)",
        "listPrice": "$19.99 ($4.72 / Ounce)",
        "imageUrl": "https://m.media-amazon.com/images/I/51pAozWfyOL._SL160_.jpg",
        "detailPageURL": "https://www.amazon.com/dp/B08BZ5C7L6",
        "rating": "4.4",
        "totalReviews": "968",
        "subtitle": "ANAI RUI",
        "isPrimeEligible": "1"
    },
    {
        "ASIN": "B097GYNZPP",
        "title": "ANAIRUI Turmeric Vitamin C Clay Mask for Dark Spots, Vitamin C Clay Facial Mask for Blackheads, Pores, Wrinkles, Fine Lines, Hydrating, Clarifying, Cleansing, 4.23 OZ",
        "price": "$15.99 ($3.78 / Fl Oz)",
        "listPrice": "",
        "imageUrl": "https://m.media-amazon.com/images/I/41iEQBEPZXL._SL160_.jpg",
        "detailPageURL": "https://www.amazon.com/dp/B097GYNZPP",
        "rating": "4.3",
        "totalReviews": "825",
        "subtitle": "ANAI RUI",
        "isPrimeEligible": "1"
    },
    {
        "ASIN": "B017NPXX9E",
        "title": "Origins Original Skin Retexturizing Mask With Rose Clay, 2.5 Fl Oz (Pack of 1)",
        "price": "$29.88 ($11.95 / Fl Oz)",
        "listPrice": "",
        "imageUrl": "https://m.media-amazon.com/images/I/21MHa+f1mUL._SL160_.jpg",
        "detailPageURL": "https://www.amazon.com/dp/B017NPXX9E",
        "rating": "4.7",
        "totalReviews": "191",
        "subtitle": "Origins",
        "isPrimeEligible": "1"
    },
    {
        "ASIN": "B01I28KFXS",
        "title": "Dermo Expertise Pure Clay Detox Mask, Black 50 ml by Dermo Expertise",
        "price": "$12.00 ($7.10 / Fl Oz)",
        "listPrice": "",
        "imageUrl": "https://m.media-amazon.com/images/I/41wPMKanD+L._SL160_.jpg",
        "detailPageURL": "https://www.amazon.com/dp/B01I28KFXS",
        "rating": "4.5",
        "totalReviews": "8016",
        "subtitle": "L\u2019Or\u00e9al Paris",
        "isPrimeEligible": "1"
    },
    {
        "ASIN": "B0B9MYHHTM",
        "title": "Pjordo Rose Clay Facial Mask, Face Skin Care Clay Mask, Pink Clay Mask with Mask Brush for Deep Cleansing, Anti-Acne, Refining Pores Soothing and Brightening, Spa Facial Mask 150g/5.29 Oz",
        "price": "$8.99 ($1.70 / Ounce)",
        "listPrice": "",
        "imageUrl": "https://m.media-amazon.com/images/I/41Ih-5ojzXL._SL160_.jpg",
        "detailPageURL": "https://www.amazon.com/dp/B0B9MYHHTM",
        "rating": "4.1",
        "totalReviews": "66",
        "subtitle": "Pjordo",
        "isPrimeEligible": "1"
    },
    {
        "ASIN": "B07VXKFVL2",
        "title": "Paula's Choice - CLEAR Purifying Clay Face Mask with Oil Absorbing Bentonite, Kaolin & Salicylic Acid, Minimizes Large Pores & Redness, for Oily & Acne-Prone Skin, 3 Ounces",
        "price": "$29.00 ($9.67 / Fl Oz)",
        "listPrice": "",
        "imageUrl": "https://m.media-amazon.com/images/I/31SGUoxOaPL._SL160_.jpg",
        "detailPageURL": "https://www.amazon.com/dp/B07VXKFVL2",
        "rating": "4.7",
        "totalReviews": "195",
        "subtitle": "Paula's Choice",
        "isPrimeEligible": "1"
    },
    {
        "ASIN": "B0BNZL4ZQR",
        "title": "LUVCLAY Vitamin C and Turmeric Clay Mask for Face \u2013 Deep Cleansing & Brightening Face Mask for Dark Spots, Pores, and Anti-Aging \u2013 Non-Greasy, Easy-to-Apply Hydrating Skin Care, 5.29 Oz",
        "price": "$9.95 ($1.88 / Ounce)",
        "listPrice": "",
        "imageUrl": "https://m.media-amazon.com/images/I/41Zr0ZQWjXL._SL160_.jpg",
        "detailPageURL": "https://www.amazon.com/dp/B0BNZL4ZQR",
        "rating": "4.3",
        "totalReviews": "52",
        "subtitle": "LUVCLAY",
        "isPrimeEligible": "1"
    },
    {
        "ASIN": "B0BZC852XS",
        "title": "AROMATICA Tea Tree Pore Purifying Clay Mask 2% Niacineamide + 45% Clay - Deep Cleansing Mask for Pore-Purifying - Vegan & Cruelty-Free - Natural Ingredients with food grade tea tree oil",
        "price": "$30.00 ($7.14 / Ounce)",
        "listPrice": "",
        "imageUrl": "https://m.media-amazon.com/images/I/41x1NYQekrL._SL160_.jpg",
        "detailPageURL": "https://www.amazon.com/dp/B0BZC852XS",
        "rating": "4.5",
        "totalReviews": "976",
        "subtitle": "AROMATICA",
        "isPrimeEligible": "1"
    },
    {
        "ASIN": "B0B7TB81J6",
        "title": "Rael Blackhead Remover, Miracle Clear Clay Mask - Exfoliating Face Wash, Pore Minimizer, Gentle, Hydrating, with Tea Tree, Vegan, Cruelty Free (100 ml, 3.4 fl oz)",
        "price": "$14.99 ($4.41 / Ounce)",
        "listPrice": "",
        "imageUrl": "https://m.media-amazon.com/images/I/31Nb48yROwL._SL160_.jpg",
        "detailPageURL": "https://www.amazon.com/dp/B0B7TB81J6",
        "rating": "4.3",
        "totalReviews": "73",
        "subtitle": "Rael",
        "isPrimeEligible": "1"
    },
    {
        "ASIN": "B08BZ5C7L6",
        "title": "Rose Clay Mask, Pink Clay Mask, with Manicouagan Clay, Kaolin, Niacinamide, Collagen, Hyaluronic Acid for Detoxifying, Moisturizing & Anti Aging, Purify Pores, Smooth Lines, Professional Mud Mask, 3.52 oz",
        "price": "$15.99 ($3.78 / Ounce)",
        "listPrice": "$19.99 ($4.72 / Ounce)",
        "imageUrl": "https://m.media-amazon.com/images/I/51pAozWfyOL._SL160_.jpg",
        "detailPageURL": "https://www.amazon.com/dp/B08BZ5C7L6",
        "rating": "4.4",
        "totalReviews": "968",
        "subtitle": "ANAI RUI",
        "isPrimeEligible": "1"
    },
    {
        "ASIN": "B097GYNZPP",
        "title": "ANAIRUI Turmeric Vitamin C Clay Mask for Dark Spots, Vitamin C Clay Facial Mask for Blackheads, Pores, Wrinkles, Fine Lines, Hydrating, Clarifying, Cleansing, 4.23 OZ",
        "price": "$15.99 ($3.78 / Fl Oz)",
        "listPrice": "",
        "imageUrl": "https://m.media-amazon.com/images/I/41iEQBEPZXL._SL160_.jpg",
        "detailPageURL": "https://www.amazon.com/dp/B097GYNZPP",
        "rating": "4.3",
        "totalReviews": "825",
        "subtitle": "ANAI RUI",
        "isPrimeEligible": "1"
    },
    {
        "ASIN": "B017NPXX9E",
        "title": "Origins Original Skin Retexturizing Mask With Rose Clay, 2.5 Fl Oz (Pack of 1)",
        "price": "$29.88 ($11.95 / Fl Oz)",
        "listPrice": "",
        "imageUrl": "https://m.media-amazon.com/images/I/21MHa+f1mUL._SL160_.jpg",
        "detailPageURL": "https://www.amazon.com/dp/B017NPXX9E",
        "rating": "4.7",
        "totalReviews": "191",
        "subtitle": "Origins",
        "isPrimeEligible": "1"
    },
    {
        "ASIN": "B01I28KFXS",
        "title": "Dermo Expertise Pure Clay Detox Mask, Black 50 ml by Dermo Expertise",
        "price": "$12.00 ($7.10 / Fl Oz)",
        "listPrice": "",
        "imageUrl": "https://m.media-amazon.com/images/I/41wPMKanD+L._SL160_.jpg",
        "detailPageURL": "https://www.amazon.com/dp/B01I28KFXS",
        "rating": "4.5",
        "totalReviews": "8016",
        "subtitle": "L\u2019Or\u00e9al Paris",
        "isPrimeEligible": "1"
    },
    {
        "ASIN": "B0B9MYHHTM",
        "title": "Pjordo Rose Clay Facial Mask, Face Skin Care Clay Mask, Pink Clay Mask with Mask Brush for Deep Cleansing, Anti-Acne, Refining Pores Soothing and Brightening, Spa Facial Mask 150g/5.29 Oz",
        "price": "$8.99 ($1.70 / Ounce)",
        "listPrice": "",
        "imageUrl": "https://m.media-amazon.com/images/I/41Ih-5ojzXL._SL160_.jpg",
        "detailPageURL": "https://www.amazon.com/dp/B0B9MYHHTM",
        "rating": "4.1",
        "totalReviews": "66",
        "subtitle": "Pjordo",
        "isPrimeEligible": "1"
    },
    {
        "ASIN": "B07VXKFVL2",
        "title": "Paula's Choice - CLEAR Purifying Clay Face Mask with Oil Absorbing Bentonite, Kaolin & Salicylic Acid, Minimizes Large Pores & Redness, for Oily & Acne-Prone Skin, 3 Ounces",
        "price": "$29.00 ($9.67 / Fl Oz)",
        "listPrice": "",
        "imageUrl": "https://m.media-amazon.com/images/I/31SGUoxOaPL._SL160_.jpg",
        "detailPageURL": "https://www.amazon.com/dp/B07VXKFVL2",
        "rating": "4.7",
        "totalReviews": "195",
        "subtitle": "Paula's Choice",
        "isPrimeEligible": "1"
    },
    {
        "ASIN": "B0BNZL4ZQR",
        "title": "LUVCLAY Vitamin C and Turmeric Clay Mask for Face \u2013 Deep Cleansing & Brightening Face Mask for Dark Spots, Pores, and Anti-Aging \u2013 Non-Greasy, Easy-to-Apply Hydrating Skin Care, 5.29 Oz",
        "price": "$9.95 ($1.88 / Ounce)",
        "listPrice": "",
        "imageUrl": "https://m.media-amazon.com/images/I/41Zr0ZQWjXL._SL160_.jpg",
        "detailPageURL": "https://www.amazon.com/dp/B0BNZL4ZQR",
        "rating": "4.3",
        "totalReviews": "52",
        "subtitle": "LUVCLAY",
        "isPrimeEligible": "1"
    },
    {
        "ASIN": "B0BZC852XS",
        "title": "AROMATICA Tea Tree Pore Purifying Clay Mask 2% Niacineamide + 45% Clay - Deep Cleansing Mask for Pore-Purifying - Vegan & Cruelty-Free - Natural Ingredients with food grade tea tree oil",
        "price": "$30.00 ($7.14 / Ounce)",
        "listPrice": "",
        "imageUrl": "https://m.media-amazon.com/images/I/41x1NYQekrL._SL160_.jpg",
        "detailPageURL": "https://www.amazon.com/dp/B0BZC852XS",
        "rating": "4.5",
        "totalReviews": "976",
        "subtitle": "AROMATICA",
        "isPrimeEligible": "1"
    },
    {
        "ASIN": "B0B7TB81J6",
        "title": "Rael Blackhead Remover, Miracle Clear Clay Mask - Exfoliating Face Wash, Pore Minimizer, Gentle, Hydrating, with Tea Tree, Vegan, Cruelty Free (100 ml, 3.4 fl oz)",
        "price": "$14.99 ($4.41 / Ounce)",
        "listPrice": "",
        "imageUrl": "https://m.media-amazon.com/images/I/31Nb48yROwL._SL160_.jpg",
        "detailPageURL": "https://www.amazon.com/dp/B0B7TB81J6",
        "rating": "4.3",
        "totalReviews": "73",
        "subtitle": "Rael",
        "isPrimeEligible": "1"
    },
    {
        "ASIN": "B079G73BQ7",
        "title": "Honest Beauty 3-in-1 Detox Mud Mask with Activated Charcoal & Jeju Volcanic Ash + Manuka Honey & Shea Butter | Cruelty Free | 2.8 Fl Oz",
        "price": "$13.99 ($5.00 / Fl Oz)",
        "listPrice": "$19.99 ($7.14 / Fl Oz)",
        "imageUrl": "https://m.media-amazon.com/images/I/21ElC-unl+L._SL160_.jpg",
        "detailPageURL": "https://www.amazon.com/dp/B079G73BQ7",
        "rating": "4.5",
        "totalReviews": "940",
        "subtitle": "Honest Beauty",
        "isPrimeEligible": "1"
    },
    {
        "ASIN": "B097GYNZPP",
        "title": "ANAIRUI Turmeric Vitamin C Clay Mask for Dark Spots, Vitamin C Clay Facial Mask for Blackheads, Pores, Wrinkles, Fine Lines, Hydrating, Clarifying, Cleansing, 4.23 OZ",
        "price": "$15.99 ($3.78 / Fl Oz)",
        "listPrice": "",
        "imageUrl": "https://m.media-amazon.com/images/I/41iEQBEPZXL._SL160_.jpg",
        "detailPageURL": "https://www.amazon.com/dp/B097GYNZPP",
        "rating": "4.3",
        "totalReviews": "825",
        "subtitle": "ANAI RUI",
        "isPrimeEligible": "1"
    },
    {
        "ASIN": "B017NPXX9E",
        "title": "Origins Original Skin Retexturizing Mask With Rose Clay, 2.5 Fl Oz (Pack of 1)",
        "price": "$29.88 ($11.95 / Fl Oz)",
        "listPrice": "",
        "imageUrl": "https://m.media-amazon.com/images/I/21MHa+f1mUL._SL160_.jpg",
        "detailPageURL": "https://www.amazon.com/dp/B017NPXX9E",
        "rating": "4.7",
        "totalReviews": "191",
        "subtitle": "Origins",
        "isPrimeEligible": "1"
    },
    {
        "ASIN": "B01I28KFXS",
        "title": "Dermo Expertise Pure Clay Detox Mask, Black 50 ml by Dermo Expertise",
        "price": "$12.00 ($7.10 / Fl Oz)",
        "listPrice": "",
        "imageUrl": "https://m.media-amazon.com/images/I/41wPMKanD+L._SL160_.jpg",
        "detailPageURL": "https://www.amazon.com/dp/B01I28KFXS",
        "rating": "4.5",
        "totalReviews": "8016",
        "subtitle": "L\u2019Or\u00e9al Paris",
        "isPrimeEligible": "1"
    },
    {
        "ASIN": "B0B9MYHHTM",
        "title": "Pjordo Rose Clay Facial Mask, Face Skin Care Clay Mask, Pink Clay Mask with Mask Brush for Deep Cleansing, Anti-Acne, Refining Pores Soothing and Brightening, Spa Facial Mask 150g/5.29 Oz",
        "price": "$8.99 ($1.70 / Ounce)",
        "listPrice": "",
        "imageUrl": "https://m.media-amazon.com/images/I/41Ih-5ojzXL._SL160_.jpg",
        "detailPageURL": "https://www.amazon.com/dp/B0B9MYHHTM",
        "rating": "4.1",
        "totalReviews": "66",
        "subtitle": "Pjordo",
        "isPrimeEligible": "1"
    },
    {
        "ASIN": "B07VXKFVL2",
        "title": "Paula's Choice - CLEAR Purifying Clay Face Mask with Oil Absorbing Bentonite, Kaolin & Salicylic Acid, Minimizes Large Pores & Redness, for Oily & Acne-Prone Skin, 3 Ounces",
        "price": "$29.00 ($9.67 / Fl Oz)",
        "listPrice": "",
        "imageUrl": "https://m.media-amazon.com/images/I/31SGUoxOaPL._SL160_.jpg",
        "detailPageURL": "https://www.amazon.com/dp/B07VXKFVL2",
        "rating": "4.7",
        "totalReviews": "195",
        "subtitle": "Paula's Choice",
        "isPrimeEligible": "1"
    },
    {
        "ASIN": "B0BNZL4ZQR",
        "title": "LUVCLAY Vitamin C and Turmeric Clay Mask for Face \u2013 Deep Cleansing & Brightening Face Mask for Dark Spots, Pores, and Anti-Aging \u2013 Non-Greasy, Easy-to-Apply Hydrating Skin Care, 5.29 Oz",
        "price": "$9.95 ($1.88 / Ounce)",
        "listPrice": "",
        "imageUrl": "https://m.media-amazon.com/images/I/41Zr0ZQWjXL._SL160_.jpg",
        "detailPageURL": "https://www.amazon.com/dp/B0BNZL4ZQR",
        "rating": "4.3",
        "totalReviews": "52",
        "subtitle": "LUVCLAY",
        "isPrimeEligible": "1"
    },
    {
        "ASIN": "B0BZC852XS",
        "title": "AROMATICA Tea Tree Pore Purifying Clay Mask 2% Niacineamide + 45% Clay - Deep Cleansing Mask for Pore-Purifying - Vegan & Cruelty-Free - Natural Ingredients with food grade tea tree oil",
        "price": "$30.00 ($7.14 / Ounce)",
        "listPrice": "",
        "imageUrl": "https://m.media-amazon.com/images/I/41x1NYQekrL._SL160_.jpg",
        "detailPageURL": "https://www.amazon.com/dp/B0BZC852XS",
        "rating": "4.5",
        "totalReviews": "976",
        "subtitle": "AROMATICA",
        "isPrimeEligible": "1"
    },
    {
        "ASIN": "B0B7TB81J6",
        "title": "Rael Blackhead Remover, Miracle Clear Clay Mask - Exfoliating Face Wash, Pore Minimizer, Gentle, Hydrating, with Tea Tree, Vegan, Cruelty Free (100 ml, 3.4 fl oz)",
        "price": "$14.99 ($4.41 / Ounce)",
        "listPrice": "",
        "imageUrl": "https://m.media-amazon.com/images/I/31Nb48yROwL._SL160_.jpg",
        "detailPageURL": "https://www.amazon.com/dp/B0B7TB81J6",
        "rating": "4.3",
        "totalReviews": "73",
        "subtitle": "Rael",
        "isPrimeEligible": "1"
    },
    {
        "ASIN": "B079G73BQ7",
        "title": "Honest Beauty 3-in-1 Detox Mud Mask with Activated Charcoal & Jeju Volcanic Ash + Manuka Honey & Shea Butter | Cruelty Free | 2.8 Fl Oz",
        "price": "$13.99 ($5.00 / Fl Oz)",
        "listPrice": "$19.99 ($7.14 / Fl Oz)",
        "imageUrl": "https://m.media-amazon.com/images/I/21ElC-unl+L._SL160_.jpg",
        "detailPageURL": "https://www.amazon.com/dp/B079G73BQ7",
        "rating": "4.5",
        "totalReviews": "940",
        "subtitle": "Honest Beauty",
        "isPrimeEligible": "1"
    },
    {
        "ASIN": "B0B5WCT3PS",
        "title": "CASSAIO Turmeric Face Mask Vitamin C Clay Mask Clay Facial Mask with Kaolin Clay for Dark Spots Acne Control and Refining Pores Face Mask Skin Care For All Skin Types 5.29 Oz",
        "price": "$5.99 ($1.13 / Ounce)",
        "listPrice": "",
        "imageUrl": "https://m.media-amazon.com/images/I/41ljvFVEArL._SL160_.jpg",
        "detailPageURL": "https://www.amazon.com/dp/B0B5WCT3PS",
        "rating": "3.7",
        "totalReviews": "15",
        "subtitle": "CASSAIO",
        "isPrimeEligible": "1"
    },
    {
        "ASIN": "B017NPXX9E",
        "title": "Origins Original Skin Retexturizing Mask With Rose Clay, 2.5 Fl Oz (Pack of 1)",
        "price": "$29.88 ($11.95 / Fl Oz)",
        "listPrice": "",
        "imageUrl": "https://m.media-amazon.com/images/I/21MHa+f1mUL._SL160_.jpg",
        "detailPageURL": "https://www.amazon.com/dp/B017NPXX9E",
        "rating": "4.7",
        "totalReviews": "191",
        "subtitle": "Origins",
        "isPrimeEligible": "1"
    },
    {
        "ASIN": "B01I28KFXS",
        "title": "Dermo Expertise Pure Clay Detox Mask, Black 50 ml by Dermo Expertise",
        "price": "$12.00 ($7.10 / Fl Oz)",
        "listPrice": "",
        "imageUrl": "https://m.media-amazon.com/images/I/41wPMKanD+L._SL160_.jpg",
        "detailPageURL": "https://www.amazon.com/dp/B01I28KFXS",
        "rating": "4.5",
        "totalReviews": "8016",
        "subtitle": "L\u2019Or\u00e9al Paris",
        "isPrimeEligible": "1"
    },
    {
        "ASIN": "B0B9MYHHTM",
        "title": "Pjordo Rose Clay Facial Mask, Face Skin Care Clay Mask, Pink Clay Mask with Mask Brush for Deep Cleansing, Anti-Acne, Refining Pores Soothing and Brightening, Spa Facial Mask 150g/5.29 Oz",
        "price": "$8.99 ($1.70 / Ounce)",
        "listPrice": "",
        "imageUrl": "https://m.media-amazon.com/images/I/41Ih-5ojzXL._SL160_.jpg",
        "detailPageURL": "https://www.amazon.com/dp/B0B9MYHHTM",
        "rating": "4.1",
        "totalReviews": "66",
        "subtitle": "Pjordo",
        "isPrimeEligible": "1"
    },
    {
        "ASIN": "B07VXKFVL2",
        "title": "Paula's Choice - CLEAR Purifying Clay Face Mask with Oil Absorbing Bentonite, Kaolin & Salicylic Acid, Minimizes Large Pores & Redness, for Oily & Acne-Prone Skin, 3 Ounces",
        "price": "$29.00 ($9.67 / Fl Oz)",
        "listPrice": "",
        "imageUrl": "https://m.media-amazon.com/images/I/31SGUoxOaPL._SL160_.jpg",
        "detailPageURL": "https://www.amazon.com/dp/B07VXKFVL2",
        "rating": "4.7",
        "totalReviews": "195",
        "subtitle": "Paula's Choice",
        "isPrimeEligible": "1"
    },
    {
        "ASIN": "B0BNZL4ZQR",
        "title": "LUVCLAY Vitamin C and Turmeric Clay Mask for Face \u2013 Deep Cleansing & Brightening Face Mask for Dark Spots, Pores, and Anti-Aging \u2013 Non-Greasy, Easy-to-Apply Hydrating Skin Care, 5.29 Oz",
        "price": "$9.95 ($1.88 / Ounce)",
        "listPrice": "",
        "imageUrl": "https://m.media-amazon.com/images/I/41Zr0ZQWjXL._SL160_.jpg",
        "detailPageURL": "https://www.amazon.com/dp/B0BNZL4ZQR",
        "rating": "4.3",
        "totalReviews": "52",
        "subtitle": "LUVCLAY",
        "isPrimeEligible": "1"
    },
    {
        "ASIN": "B0BZC852XS",
        "title": "AROMATICA Tea Tree Pore Purifying Clay Mask 2% Niacineamide + 45% Clay - Deep Cleansing Mask for Pore-Purifying - Vegan & Cruelty-Free - Natural Ingredients with food grade tea tree oil",
        "price": "$30.00 ($7.14 / Ounce)",
        "listPrice": "",
        "imageUrl": "https://m.media-amazon.com/images/I/41x1NYQekrL._SL160_.jpg",
        "detailPageURL": "https://www.amazon.com/dp/B0BZC852XS",
        "rating": "4.5",
        "totalReviews": "976",
        "subtitle": "AROMATICA",
        "isPrimeEligible": "1"
    },
    {
        "ASIN": "B0B7TB81J6",
        "title": "Rael Blackhead Remover, Miracle Clear Clay Mask - Exfoliating Face Wash, Pore Minimizer, Gentle, Hydrating, with Tea Tree, Vegan, Cruelty Free (100 ml, 3.4 fl oz)",
        "price": "$14.99 ($4.41 / Ounce)",
        "listPrice": "",
        "imageUrl": "https://m.media-amazon.com/images/I/31Nb48yROwL._SL160_.jpg",
        "detailPageURL": "https://www.amazon.com/dp/B0B7TB81J6",
        "rating": "4.3",
        "totalReviews": "73",
        "subtitle": "Rael",
        "isPrimeEligible": "1"
    },
    {
        "ASIN": "B079G73BQ7",
        "title": "Honest Beauty 3-in-1 Detox Mud Mask with Activated Charcoal & Jeju Volcanic Ash + Manuka Honey & Shea Butter | Cruelty Free | 2.8 Fl Oz",
        "price": "$13.99 ($5.00 / Fl Oz)",
        "listPrice": "$19.99 ($7.14 / Fl Oz)",
        "imageUrl": "https://m.media-amazon.com/images/I/21ElC-unl+L._SL160_.jpg",
        "detailPageURL": "https://www.amazon.com/dp/B079G73BQ7",
        "rating": "4.5",
        "totalReviews": "940",
        "subtitle": "Honest Beauty",
        "isPrimeEligible": "1"
    },
    {
        "ASIN": "B0B5WCT3PS",
        "title": "CASSAIO Turmeric Face Mask Vitamin C Clay Mask Clay Facial Mask with Kaolin Clay for Dark Spots Acne Control and Refining Pores Face Mask Skin Care For All Skin Types 5.29 Oz",
        "price": "$5.99 ($1.13 / Ounce)",
        "listPrice": "",
        "imageUrl": "https://m.media-amazon.com/images/I/41ljvFVEArL._SL160_.jpg",
        "detailPageURL": "https://www.amazon.com/dp/B0B5WCT3PS",
        "rating": "3.7",
        "totalReviews": "15",
        "subtitle": "CASSAIO",
        "isPrimeEligible": "1"
    },
    {
        "ASIN": "B079KY9PXF",
        "title": "Dr.Ceuracle Jeju Island Matcha Clay Pack\u3163Korean Facial Mask Purifying Pore\u3163Removes Blackheads, Detoxifying, Cleansing\u3163Green Tea Mud Mask Tightening for Youthful & Hydrating Skin\u3163leegeehaam (115g/4.05oz)",
        "price": "$17.99 ($4.64 / Ounce)",
        "listPrice": "",
        "imageUrl": "https://m.media-amazon.com/images/I/41p-rqFjr2L._SL160_.jpg",
        "detailPageURL": "https://www.amazon.com/dp/B079KY9PXF",
        "rating": "4.5",
        "totalReviews": "139",
        "subtitle": "leegeehaam",
        "isPrimeEligible": "1"
    },
    {
        "ASIN": "B01I28KFXS",
        "title": "Dermo Expertise Pure Clay Detox Mask, Black 50 ml by Dermo Expertise",
        "price": "$12.00 ($7.10 / Fl Oz)",
        "listPrice": "",
        "imageUrl": "https://m.media-amazon.com/images/I/41wPMKanD+L._SL160_.jpg",
        "detailPageURL": "https://www.amazon.com/dp/B01I28KFXS",
        "rating": "4.5",
        "totalReviews": "8016",
        "subtitle": "L\u2019Or\u00e9al Paris",
        "isPrimeEligible": "1"
    },
    {
        "ASIN": "B0B9MYHHTM",
        "title": "Pjordo Rose Clay Facial Mask, Face Skin Care Clay Mask, Pink Clay Mask with Mask Brush for Deep Cleansing, Anti-Acne, Refining Pores Soothing and Brightening, Spa Facial Mask 150g/5.29 Oz",
        "price": "$8.99 ($1.70 / Ounce)",
        "listPrice": "",
        "imageUrl": "https://m.media-amazon.com/images/I/41Ih-5ojzXL._SL160_.jpg",
        "detailPageURL": "https://www.amazon.com/dp/B0B9MYHHTM",
        "rating": "4.1",
        "totalReviews": "66",
        "subtitle": "Pjordo",
        "isPrimeEligible": "1"
    },
    {
        "ASIN": "B07VXKFVL2",
        "title": "Paula's Choice - CLEAR Purifying Clay Face Mask with Oil Absorbing Bentonite, Kaolin & Salicylic Acid, Minimizes Large Pores & Redness, for Oily & Acne-Prone Skin, 3 Ounces",
        "price": "$29.00 ($9.67 / Fl Oz)",
        "listPrice": "",
        "imageUrl": "https://m.media-amazon.com/images/I/31SGUoxOaPL._SL160_.jpg",
        "detailPageURL": "https://www.amazon.com/dp/B07VXKFVL2",
        "rating": "4.7",
        "totalReviews": "195",
        "subtitle": "Paula's Choice",
        "isPrimeEligible": "1"
    },
    {
        "ASIN": "B0BNZL4ZQR",
        "title": "LUVCLAY Vitamin C and Turmeric Clay Mask for Face \u2013 Deep Cleansing & Brightening Face Mask for Dark Spots, Pores, and Anti-Aging \u2013 Non-Greasy, Easy-to-Apply Hydrating Skin Care, 5.29 Oz",
        "price": "$9.95 ($1.88 / Ounce)",
        "listPrice": "",
        "imageUrl": "https://m.media-amazon.com/images/I/41Zr0ZQWjXL._SL160_.jpg",
        "detailPageURL": "https://www.amazon.com/dp/B0BNZL4ZQR",
        "rating": "4.3",
        "totalReviews": "52",
        "subtitle": "LUVCLAY",
        "isPrimeEligible": "1"
    },
    {
        "ASIN": "B0BZC852XS",
        "title": "AROMATICA Tea Tree Pore Purifying Clay Mask 2% Niacineamide + 45% Clay - Deep Cleansing Mask for Pore-Purifying - Vegan & Cruelty-Free - Natural Ingredients with food grade tea tree oil",
        "price": "$30.00 ($7.14 / Ounce)",
        "listPrice": "",
        "imageUrl": "https://m.media-amazon.com/images/I/41x1NYQekrL._SL160_.jpg",
        "detailPageURL": "https://www.amazon.com/dp/B0BZC852XS",
        "rating": "4.5",
        "totalReviews": "976",
        "subtitle": "AROMATICA",
        "isPrimeEligible": "1"
    },
    {
        "ASIN": "B0B7TB81J6",
        "title": "Rael Blackhead Remover, Miracle Clear Clay Mask - Exfoliating Face Wash, Pore Minimizer, Gentle, Hydrating, with Tea Tree, Vegan, Cruelty Free (100 ml, 3.4 fl oz)",
        "price": "$14.99 ($4.41 / Ounce)",
        "listPrice": "",
        "imageUrl": "https://m.media-amazon.com/images/I/31Nb48yROwL._SL160_.jpg",
        "detailPageURL": "https://www.amazon.com/dp/B0B7TB81J6",
        "rating": "4.3",
        "totalReviews": "73",
        "subtitle": "Rael",
        "isPrimeEligible": "1"
    },
    {
        "ASIN": "B079G73BQ7",
        "title": "Honest Beauty 3-in-1 Detox Mud Mask with Activated Charcoal & Jeju Volcanic Ash + Manuka Honey & Shea Butter | Cruelty Free | 2.8 Fl Oz",
        "price": "$13.99 ($5.00 / Fl Oz)",
        "listPrice": "$19.99 ($7.14 / Fl Oz)",
        "imageUrl": "https://m.media-amazon.com/images/I/21ElC-unl+L._SL160_.jpg",
        "detailPageURL": "https://www.amazon.com/dp/B079G73BQ7",
        "rating": "4.5",
        "totalReviews": "940",
        "subtitle": "Honest Beauty",
        "isPrimeEligible": "1"
    },
    {
        "ASIN": "B0B5WCT3PS",
        "title": "CASSAIO Turmeric Face Mask Vitamin C Clay Mask Clay Facial Mask with Kaolin Clay for Dark Spots Acne Control and Refining Pores Face Mask Skin Care For All Skin Types 5.29 Oz",
        "price": "$5.99 ($1.13 / Ounce)",
        "listPrice": "",
        "imageUrl": "https://m.media-amazon.com/images/I/41ljvFVEArL._SL160_.jpg",
        "detailPageURL": "https://www.amazon.com/dp/B0B5WCT3PS",
        "rating": "3.7",
        "totalReviews": "15",
        "subtitle": "CASSAIO",
        "isPrimeEligible": "1"
    },
    {
        "ASIN": "B079KY9PXF",
        "title": "Dr.Ceuracle Jeju Island Matcha Clay Pack\u3163Korean Facial Mask Purifying Pore\u3163Removes Blackheads, Detoxifying, Cleansing\u3163Green Tea Mud Mask Tightening for Youthful & Hydrating Skin\u3163leegeehaam (115g/4.05oz)",
        "price": "$17.99 ($4.64 / Ounce)",
        "listPrice": "",
        "imageUrl": "https://m.media-amazon.com/images/I/41p-rqFjr2L._SL160_.jpg",
        "detailPageURL": "https://www.amazon.com/dp/B079KY9PXF",
        "rating": "4.5",
        "totalReviews": "139",
        "subtitle": "leegeehaam",
        "isPrimeEligible": "1"
    },
    {
        "ASIN": "B092MWFKWJ",
        "title": "FREEMAN Exotic Facial Mask Blends Kit, Peel-Off & Jelly Masks, Cleansing, Pore-Clearing & Hydrating Facial Masks, For All Skin Types, Includes Silicone Mask Brush, Vegan & Cruelty-Free, 4 Piece Set",
        "price": "$8.05",
        "listPrice": "$9.99",
        "imageUrl": "https://m.media-amazon.com/images/I/41VNmB6srLL._SL160_.jpg",
        "detailPageURL": "https://www.amazon.com/dp/B092MWFKWJ",
        "rating": "4.3",
        "totalReviews": "2061",
        "subtitle": "FREEMAN",
        "isPrimeEligible": "1"
    },
    {
        "ASIN": "B0B9MYHHTM",
        "title": "Pjordo Rose Clay Facial Mask, Face Skin Care Clay Mask, Pink Clay Mask with Mask Brush for Deep Cleansing, Anti-Acne, Refining Pores Soothing and Brightening, Spa Facial Mask 150g/5.29 Oz",
        "price": "$8.99 ($1.70 / Ounce)",
        "listPrice": "",
        "imageUrl": "https://m.media-amazon.com/images/I/41Ih-5ojzXL._SL160_.jpg",
        "detailPageURL": "https://www.amazon.com/dp/B0B9MYHHTM",
        "rating": "4.1",
        "totalReviews": "66",
        "subtitle": "Pjordo",
        "isPrimeEligible": "1"
    },
    {
        "ASIN": "B07VXKFVL2",
        "title": "Paula's Choice - CLEAR Purifying Clay Face Mask with Oil Absorbing Bentonite, Kaolin & Salicylic Acid, Minimizes Large Pores & Redness, for Oily & Acne-Prone Skin, 3 Ounces",
        "price": "$29.00 ($9.67 / Fl Oz)",
        "listPrice": "",
        "imageUrl": "https://m.media-amazon.com/images/I/31SGUoxOaPL._SL160_.jpg",
        "detailPageURL": "https://www.amazon.com/dp/B07VXKFVL2",
        "rating": "4.7",
        "totalReviews": "195",
        "subtitle": "Paula's Choice",
        "isPrimeEligible": "1"
    },
    {
        "ASIN": "B0BNZL4ZQR",
        "title": "LUVCLAY Vitamin C and Turmeric Clay Mask for Face \u2013 Deep Cleansing & Brightening Face Mask for Dark Spots, Pores, and Anti-Aging \u2013 Non-Greasy, Easy-to-Apply Hydrating Skin Care, 5.29 Oz",
        "price": "$9.95 ($1.88 / Ounce)",
        "listPrice": "",
        "imageUrl": "https://m.media-amazon.com/images/I/41Zr0ZQWjXL._SL160_.jpg",
        "detailPageURL": "https://www.amazon.com/dp/B0BNZL4ZQR",
        "rating": "4.3",
        "totalReviews": "52",
        "subtitle": "LUVCLAY",
        "isPrimeEligible": "1"
    },
    {
        "ASIN": "B0BZC852XS",
        "title": "AROMATICA Tea Tree Pore Purifying Clay Mask 2% Niacineamide + 45% Clay - Deep Cleansing Mask for Pore-Purifying - Vegan & Cruelty-Free - Natural Ingredients with food grade tea tree oil",
        "price": "$30.00 ($7.14 / Ounce)",
        "listPrice": "",
        "imageUrl": "https://m.media-amazon.com/images/I/41x1NYQekrL._SL160_.jpg",
        "detailPageURL": "https://www.amazon.com/dp/B0BZC852XS",
        "rating": "4.5",
        "totalReviews": "976",
        "subtitle": "AROMATICA",
        "isPrimeEligible": "1"
    },
    {
        "ASIN": "B0B7TB81J6",
        "title": "Rael Blackhead Remover, Miracle Clear Clay Mask - Exfoliating Face Wash, Pore Minimizer, Gentle, Hydrating, with Tea Tree, Vegan, Cruelty Free (100 ml, 3.4 fl oz)",
        "price": "$14.99 ($4.41 / Ounce)",
        "listPrice": "",
        "imageUrl": "https://m.media-amazon.com/images/I/31Nb48yROwL._SL160_.jpg",
        "detailPageURL": "https://www.amazon.com/dp/B0B7TB81J6",
        "rating": "4.3",
        "totalReviews": "73",
        "subtitle": "Rael",
        "isPrimeEligible": "1"
    },
    {
        "ASIN": "B079G73BQ7",
        "title": "Honest Beauty 3-in-1 Detox Mud Mask with Activated Charcoal & Jeju Volcanic Ash + Manuka Honey & Shea Butter | Cruelty Free | 2.8 Fl Oz",
        "price": "$13.99 ($5.00 / Fl Oz)",
        "listPrice": "$19.99 ($7.14 / Fl Oz)",
        "imageUrl": "https://m.media-amazon.com/images/I/21ElC-unl+L._SL160_.jpg",
        "detailPageURL": "https://www.amazon.com/dp/B079G73BQ7",
        "rating": "4.5",
        "totalReviews": "940",
        "subtitle": "Honest Beauty",
        "isPrimeEligible": "1"
    },
    {
        "ASIN": "B0B5WCT3PS",
        "title": "CASSAIO Turmeric Face Mask Vitamin C Clay Mask Clay Facial Mask with Kaolin Clay for Dark Spots Acne Control and Refining Pores Face Mask Skin Care For All Skin Types 5.29 Oz",
        "price": "$5.99 ($1.13 / Ounce)",
        "listPrice": "",
        "imageUrl": "https://m.media-amazon.com/images/I/41ljvFVEArL._SL160_.jpg",
        "detailPageURL": "https://www.amazon.com/dp/B0B5WCT3PS",
        "rating": "3.7",
        "totalReviews": "15",
        "subtitle": "CASSAIO",
        "isPrimeEligible": "1"
    },
    {
        "ASIN": "B079KY9PXF",
        "title": "Dr.Ceuracle Jeju Island Matcha Clay Pack\u3163Korean Facial Mask Purifying Pore\u3163Removes Blackheads, Detoxifying, Cleansing\u3163Green Tea Mud Mask Tightening for Youthful & Hydrating Skin\u3163leegeehaam (115g/4.05oz)",
        "price": "$17.99 ($4.64 / Ounce)",
        "listPrice": "",
        "imageUrl": "https://m.media-amazon.com/images/I/41p-rqFjr2L._SL160_.jpg",
        "detailPageURL": "https://www.amazon.com/dp/B079KY9PXF",
        "rating": "4.5",
        "totalReviews": "139",
        "subtitle": "leegeehaam",
        "isPrimeEligible": "1"
    },
    {
        "ASIN": "B092MWFKWJ",
        "title": "FREEMAN Exotic Facial Mask Blends Kit, Peel-Off & Jelly Masks, Cleansing, Pore-Clearing & Hydrating Facial Masks, For All Skin Types, Includes Silicone Mask Brush, Vegan & Cruelty-Free, 4 Piece Set",
        "price": "$8.05",
        "listPrice": "$9.99",
        "imageUrl": "https://m.media-amazon.com/images/I/41VNmB6srLL._SL160_.jpg",
        "detailPageURL": "https://www.amazon.com/dp/B092MWFKWJ",
        "rating": "4.3",
        "totalReviews": "2061",
        "subtitle": "FREEMAN",
        "isPrimeEligible": "1"
    },
    {
        "ASIN": "B0C78KMTNG",
        "title": "Murad Rapid Relief Acne Sulfur Mask - Acne Control Clay Face Mask with Salicylic Acid - 2.5 fl oz",
        "price": "$44.00 ($17.60 / Fl Oz)",
        "listPrice": "",
        "imageUrl": "https://m.media-amazon.com/images/I/41bl2le5tSL._SL160_.jpg",
        "detailPageURL": "https://www.amazon.com/dp/B0C78KMTNG",
        "rating": "4.5",
        "totalReviews": "18",
        "subtitle": "",
        "isPrimeEligible": "1"
    },
    {
        "ASIN": "B07VXKFVL2",
        "title": "Paula's Choice - CLEAR Purifying Clay Face Mask with Oil Absorbing Bentonite, Kaolin & Salicylic Acid, Minimizes Large Pores & Redness, for Oily & Acne-Prone Skin, 3 Ounces",
        "price": "$29.00 ($9.67 / Fl Oz)",
        "listPrice": "",
        "imageUrl": "https://m.media-amazon.com/images/I/31SGUoxOaPL._SL160_.jpg",
        "detailPageURL": "https://www.amazon.com/dp/B07VXKFVL2",
        "rating": "4.7",
        "totalReviews": "195",
        "subtitle": "Paula's Choice",
        "isPrimeEligible": "1"
    },
    {
        "ASIN": "B0BNZL4ZQR",
        "title": "LUVCLAY Vitamin C and Turmeric Clay Mask for Face \u2013 Deep Cleansing & Brightening Face Mask for Dark Spots, Pores, and Anti-Aging \u2013 Non-Greasy, Easy-to-Apply Hydrating Skin Care, 5.29 Oz",
        "price": "$9.95 ($1.88 / Ounce)",
        "listPrice": "",
        "imageUrl": "https://m.media-amazon.com/images/I/41Zr0ZQWjXL._SL160_.jpg",
        "detailPageURL": "https://www.amazon.com/dp/B0BNZL4ZQR",
        "rating": "4.3",
        "totalReviews": "52",
        "subtitle": "LUVCLAY",
        "isPrimeEligible": "1"
    },
    {
        "ASIN": "B0BZC852XS",
        "title": "AROMATICA Tea Tree Pore Purifying Clay Mask 2% Niacineamide + 45% Clay - Deep Cleansing Mask for Pore-Purifying - Vegan & Cruelty-Free - Natural Ingredients with food grade tea tree oil",
        "price": "$30.00 ($7.14 / Ounce)",
        "listPrice": "",
        "imageUrl": "https://m.media-amazon.com/images/I/41x1NYQekrL._SL160_.jpg",
        "detailPageURL": "https://www.amazon.com/dp/B0BZC852XS",
        "rating": "4.5",
        "totalReviews": "976",
        "subtitle": "AROMATICA",
        "isPrimeEligible": "1"
    },
    {
        "ASIN": "B0B7TB81J6",
        "title": "Rael Blackhead Remover, Miracle Clear Clay Mask - Exfoliating Face Wash, Pore Minimizer, Gentle, Hydrating, with Tea Tree, Vegan, Cruelty Free (100 ml, 3.4 fl oz)",
        "price": "$14.99 ($4.41 / Ounce)",
        "listPrice": "",
        "imageUrl": "https://m.media-amazon.com/images/I/31Nb48yROwL._SL160_.jpg",
        "detailPageURL": "https://www.amazon.com/dp/B0B7TB81J6",
        "rating": "4.3",
        "totalReviews": "73",
        "subtitle": "Rael",
        "isPrimeEligible": "1"
    },
    {
        "ASIN": "B079G73BQ7",
        "title": "Honest Beauty 3-in-1 Detox Mud Mask with Activated Charcoal & Jeju Volcanic Ash + Manuka Honey & Shea Butter | Cruelty Free | 2.8 Fl Oz",
        "price": "$13.99 ($5.00 / Fl Oz)",
        "listPrice": "$19.99 ($7.14 / Fl Oz)",
        "imageUrl": "https://m.media-amazon.com/images/I/21ElC-unl+L._SL160_.jpg",
        "detailPageURL": "https://www.amazon.com/dp/B079G73BQ7",
        "rating": "4.5",
        "totalReviews": "940",
        "subtitle": "Honest Beauty",
        "isPrimeEligible": "1"
    },
    {
        "ASIN": "B0B5WCT3PS",
        "title": "CASSAIO Turmeric Face Mask Vitamin C Clay Mask Clay Facial Mask with Kaolin Clay for Dark Spots Acne Control and Refining Pores Face Mask Skin Care For All Skin Types 5.29 Oz",
        "price": "$5.99 ($1.13 / Ounce)",
        "listPrice": "",
        "imageUrl": "https://m.media-amazon.com/images/I/41ljvFVEArL._SL160_.jpg",
        "detailPageURL": "https://www.amazon.com/dp/B0B5WCT3PS",
        "rating": "3.7",
        "totalReviews": "15",
        "subtitle": "CASSAIO",
        "isPrimeEligible": "1"
    },
    {
        "ASIN": "B079KY9PXF",
        "title": "Dr.Ceuracle Jeju Island Matcha Clay Pack\u3163Korean Facial Mask Purifying Pore\u3163Removes Blackheads, Detoxifying, Cleansing\u3163Green Tea Mud Mask Tightening for Youthful & Hydrating Skin\u3163leegeehaam (115g/4.05oz)",
        "price": "$17.99 ($4.64 / Ounce)",
        "listPrice": "",
        "imageUrl": "https://m.media-amazon.com/images/I/41p-rqFjr2L._SL160_.jpg",
        "detailPageURL": "https://www.amazon.com/dp/B079KY9PXF",
        "rating": "4.5",
        "totalReviews": "139",
        "subtitle": "leegeehaam",
        "isPrimeEligible": "1"
    },
    {
        "ASIN": "B092MWFKWJ",
        "title": "FREEMAN Exotic Facial Mask Blends Kit, Peel-Off & Jelly Masks, Cleansing, Pore-Clearing & Hydrating Facial Masks, For All Skin Types, Includes Silicone Mask Brush, Vegan & Cruelty-Free, 4 Piece Set",
        "price": "$8.05",
        "listPrice": "$9.99",
        "imageUrl": "https://m.media-amazon.com/images/I/41VNmB6srLL._SL160_.jpg",
        "detailPageURL": "https://www.amazon.com/dp/B092MWFKWJ",
        "rating": "4.3",
        "totalReviews": "2061",
        "subtitle": "FREEMAN",
        "isPrimeEligible": "1"
    },
    {
        "ASIN": "B0C78KMTNG",
        "title": "Murad Rapid Relief Acne Sulfur Mask - Acne Control Clay Face Mask with Salicylic Acid - 2.5 fl oz",
        "price": "$44.00 ($17.60 / Fl Oz)",
        "listPrice": "",
        "imageUrl": "https://m.media-amazon.com/images/I/41bl2le5tSL._SL160_.jpg",
        "detailPageURL": "https://www.amazon.com/dp/B0C78KMTNG",
        "rating": "4.5",
        "totalReviews": "18",
        "subtitle": "",
        "isPrimeEligible": "1"
    },
    {
        "ASIN": "B07NSSS9R7",
        "title": "Burt's Bees Detoxifying Clay Mask for Unisex, 0.57 Ounce",
        "price": "$6.48 ($11.37 / Ounce)",
        "listPrice": "",
        "imageUrl": "https://m.media-amazon.com/images/I/31IAHQ6RYZL._SL160_.jpg",
        "detailPageURL": "https://www.amazon.com/dp/B07NSSS9R7",
        "rating": "4.3",
        "totalReviews": "35",
        "subtitle": "Burt's Bees",
        "isPrimeEligible": "1"
    },
    {
        "ASIN": "B0BNZL4ZQR",
        "title": "LUVCLAY Vitamin C and Turmeric Clay Mask for Face \u2013 Deep Cleansing & Brightening Face Mask for Dark Spots, Pores, and Anti-Aging \u2013 Non-Greasy, Easy-to-Apply Hydrating Skin Care, 5.29 Oz",
        "price": "$9.95 ($1.88 / Ounce)",
        "listPrice": "",
        "imageUrl": "https://m.media-amazon.com/images/I/41Zr0ZQWjXL._SL160_.jpg",
        "detailPageURL": "https://www.amazon.com/dp/B0BNZL4ZQR",
        "rating": "4.3",
        "totalReviews": "52",
        "subtitle": "LUVCLAY",
        "isPrimeEligible": "1"
    },
    {
        "ASIN": "B0BZC852XS",
        "title": "AROMATICA Tea Tree Pore Purifying Clay Mask 2% Niacineamide + 45% Clay - Deep Cleansing Mask for Pore-Purifying - Vegan & Cruelty-Free - Natural Ingredients with food grade tea tree oil",
        "price": "$30.00 ($7.14 / Ounce)",
        "listPrice": "",
        "imageUrl": "https://m.media-amazon.com/images/I/41x1NYQekrL._SL160_.jpg",
        "detailPageURL": "https://www.amazon.com/dp/B0BZC852XS",
        "rating": "4.5",
        "totalReviews": "976",
        "subtitle": "AROMATICA",
        "isPrimeEligible": "1"
    },
    {
        "ASIN": "B0B7TB81J6",
        "title": "Rael Blackhead Remover, Miracle Clear Clay Mask - Exfoliating Face Wash, Pore Minimizer, Gentle, Hydrating, with Tea Tree, Vegan, Cruelty Free (100 ml, 3.4 fl oz)",
        "price": "$14.99 ($4.41 / Ounce)",
        "listPrice": "",
        "imageUrl": "https://m.media-amazon.com/images/I/31Nb48yROwL._SL160_.jpg",
        "detailPageURL": "https://www.amazon.com/dp/B0B7TB81J6",
        "rating": "4.3",
        "totalReviews": "73",
        "subtitle": "Rael",
        "isPrimeEligible": "1"
    },
    {
        "ASIN": "B079G73BQ7",
        "title": "Honest Beauty 3-in-1 Detox Mud Mask with Activated Charcoal & Jeju Volcanic Ash + Manuka Honey & Shea Butter | Cruelty Free | 2.8 Fl Oz",
        "price": "$13.99 ($5.00 / Fl Oz)",
        "listPrice": "$19.99 ($7.14 / Fl Oz)",
        "imageUrl": "https://m.media-amazon.com/images/I/21ElC-unl+L._SL160_.jpg",
        "detailPageURL": "https://www.amazon.com/dp/B079G73BQ7",
        "rating": "4.5",
        "totalReviews": "940",
        "subtitle": "Honest Beauty",
        "isPrimeEligible": "1"
    },
    {
        "ASIN": "B0B5WCT3PS",
        "title": "CASSAIO Turmeric Face Mask Vitamin C Clay Mask Clay Facial Mask with Kaolin Clay for Dark Spots Acne Control and Refining Pores Face Mask Skin Care For All Skin Types 5.29 Oz",
        "price": "$5.99 ($1.13 / Ounce)",
        "listPrice": "",
        "imageUrl": "https://m.media-amazon.com/images/I/41ljvFVEArL._SL160_.jpg",
        "detailPageURL": "https://www.amazon.com/dp/B0B5WCT3PS",
        "rating": "3.7",
        "totalReviews": "15",
        "subtitle": "CASSAIO",
        "isPrimeEligible": "1"
    },
    {
        "ASIN": "B079KY9PXF",
        "title": "Dr.Ceuracle Jeju Island Matcha Clay Pack\u3163Korean Facial Mask Purifying Pore\u3163Removes Blackheads, Detoxifying, Cleansing\u3163Green Tea Mud Mask Tightening for Youthful & Hydrating Skin\u3163leegeehaam (115g/4.05oz)",
        "price": "$17.99 ($4.64 / Ounce)",
        "listPrice": "",
        "imageUrl": "https://m.media-amazon.com/images/I/41p-rqFjr2L._SL160_.jpg",
        "detailPageURL": "https://www.amazon.com/dp/B079KY9PXF",
        "rating": "4.5",
        "totalReviews": "139",
        "subtitle": "leegeehaam",
        "isPrimeEligible": "1"
    },
    {
        "ASIN": "B092MWFKWJ",
        "title": "FREEMAN Exotic Facial Mask Blends Kit, Peel-Off & Jelly Masks, Cleansing, Pore-Clearing & Hydrating Facial Masks, For All Skin Types, Includes Silicone Mask Brush, Vegan & Cruelty-Free, 4 Piece Set",
        "price": "$8.05",
        "listPrice": "$9.99",
        "imageUrl": "https://m.media-amazon.com/images/I/41VNmB6srLL._SL160_.jpg",
        "detailPageURL": "https://www.amazon.com/dp/B092MWFKWJ",
        "rating": "4.3",
        "totalReviews": "2061",
        "subtitle": "FREEMAN",
        "isPrimeEligible": "1"
    },
    {
        "ASIN": "B0C78KMTNG",
        "title": "Murad Rapid Relief Acne Sulfur Mask - Acne Control Clay Face Mask with Salicylic Acid - 2.5 fl oz",
        "price": "$44.00 ($17.60 / Fl Oz)",
        "listPrice": "",
        "imageUrl": "https://m.media-amazon.com/images/I/41bl2le5tSL._SL160_.jpg",
        "detailPageURL": "https://www.amazon.com/dp/B0C78KMTNG",
        "rating": "4.5",
        "totalReviews": "18",
        "subtitle": "",
        "isPrimeEligible": "1"
    },
    {
        "ASIN": "B07NSSS9R7",
        "title": "Burt's Bees Detoxifying Clay Mask for Unisex, 0.57 Ounce",
        "price": "$6.48 ($11.37 / Ounce)",
        "listPrice": "",
        "imageUrl": "https://m.media-amazon.com/images/I/31IAHQ6RYZL._SL160_.jpg",
        "detailPageURL": "https://www.amazon.com/dp/B07NSSS9R7",
        "rating": "4.3",
        "totalReviews": "35",
        "subtitle": "Burt's Bees",
        "isPrimeEligible": "1"
    },
    {
        "ASIN": "B07TKFSF17",
        "title": "Dermalogica Sebum Clearing Masque (2.5 Fl Oz) - Anti-Aging Clay Face Mask with Salicylic Acid - Absorbs Excess Oils To Soothe and Refine Skin Texture",
        "price": "$54.00 ($21.60 / Fl Oz)",
        "listPrice": "",
        "imageUrl": "https://m.media-amazon.com/images/I/31yGb44KKRL._SL160_.jpg",
        "detailPageURL": "https://www.amazon.com/dp/B07TKFSF17",
        "rating": "4.5",
        "totalReviews": "318",
        "subtitle": "",
        "isPrimeEligible": "1"
    },
    {
        "ASIN": "B0BZC852XS",
        "title": "AROMATICA Tea Tree Pore Purifying Clay Mask 2% Niacineamide + 45% Clay - Deep Cleansing Mask for Pore-Purifying - Vegan & Cruelty-Free - Natural Ingredients with food grade tea tree oil",
        "price": "$30.00 ($7.14 / Ounce)",
        "listPrice": "",
        "imageUrl": "https://m.media-amazon.com/images/I/41x1NYQekrL._SL160_.jpg",
        "detailPageURL": "https://www.amazon.com/dp/B0BZC852XS",
        "rating": "4.5",
        "totalReviews": "976",
        "subtitle": "AROMATICA",
        "isPrimeEligible": "1"
    },
    {
        "ASIN": "B0B7TB81J6",
        "title": "Rael Blackhead Remover, Miracle Clear Clay Mask - Exfoliating Face Wash, Pore Minimizer, Gentle, Hydrating, with Tea Tree, Vegan, Cruelty Free (100 ml, 3.4 fl oz)",
        "price": "$14.99 ($4.41 / Ounce)",
        "listPrice": "",
        "imageUrl": "https://m.media-amazon.com/images/I/31Nb48yROwL._SL160_.jpg",
        "detailPageURL": "https://www.amazon.com/dp/B0B7TB81J6",
        "rating": "4.3",
        "totalReviews": "73",
        "subtitle": "Rael",
        "isPrimeEligible": "1"
    },
    {
        "ASIN": "B079G73BQ7",
        "title": "Honest Beauty 3-in-1 Detox Mud Mask with Activated Charcoal & Jeju Volcanic Ash + Manuka Honey & Shea Butter | Cruelty Free | 2.8 Fl Oz",
        "price": "$13.99 ($5.00 / Fl Oz)",
        "listPrice": "$19.99 ($7.14 / Fl Oz)",
        "imageUrl": "https://m.media-amazon.com/images/I/21ElC-unl+L._SL160_.jpg",
        "detailPageURL": "https://www.amazon.com/dp/B079G73BQ7",
        "rating": "4.5",
        "totalReviews": "940",
        "subtitle": "Honest Beauty",
        "isPrimeEligible": "1"
    },
    {
        "ASIN": "B0B5WCT3PS",
        "title": "CASSAIO Turmeric Face Mask Vitamin C Clay Mask Clay Facial Mask with Kaolin Clay for Dark Spots Acne Control and Refining Pores Face Mask Skin Care For All Skin Types 5.29 Oz",
        "price": "$5.99 ($1.13 / Ounce)",
        "listPrice": "",
        "imageUrl": "https://m.media-amazon.com/images/I/41ljvFVEArL._SL160_.jpg",
        "detailPageURL": "https://www.amazon.com/dp/B0B5WCT3PS",
        "rating": "3.7",
        "totalReviews": "15",
        "subtitle": "CASSAIO",
        "isPrimeEligible": "1"
    },
    {
        "ASIN": "B079KY9PXF",
        "title": "Dr.Ceuracle Jeju Island Matcha Clay Pack\u3163Korean Facial Mask Purifying Pore\u3163Removes Blackheads, Detoxifying, Cleansing\u3163Green Tea Mud Mask Tightening for Youthful & Hydrating Skin\u3163leegeehaam (115g/4.05oz)",
        "price": "$17.99 ($4.64 / Ounce)",
        "listPrice": "",
        "imageUrl": "https://m.media-amazon.com/images/I/41p-rqFjr2L._SL160_.jpg",
        "detailPageURL": "https://www.amazon.com/dp/B079KY9PXF",
        "rating": "4.5",
        "totalReviews": "139",
        "subtitle": "leegeehaam",
        "isPrimeEligible": "1"
    },
    {
        "ASIN": "B092MWFKWJ",
        "title": "FREEMAN Exotic Facial Mask Blends Kit, Peel-Off & Jelly Masks, Cleansing, Pore-Clearing & Hydrating Facial Masks, For All Skin Types, Includes Silicone Mask Brush, Vegan & Cruelty-Free, 4 Piece Set",
        "price": "$8.05",
        "listPrice": "$9.99",
        "imageUrl": "https://m.media-amazon.com/images/I/41VNmB6srLL._SL160_.jpg",
        "detailPageURL": "https://www.amazon.com/dp/B092MWFKWJ",
        "rating": "4.3",
        "totalReviews": "2061",
        "subtitle": "FREEMAN",
        "isPrimeEligible": "1"
    },
    {
        "ASIN": "B0C78KMTNG",
        "title": "Murad Rapid Relief Acne Sulfur Mask - Acne Control Clay Face Mask with Salicylic Acid - 2.5 fl oz",
        "price": "$44.00 ($17.60 / Fl Oz)",
        "listPrice": "",
        "imageUrl": "https://m.media-amazon.com/images/I/41bl2le5tSL._SL160_.jpg",
        "detailPageURL": "https://www.amazon.com/dp/B0C78KMTNG",
        "rating": "4.5",
        "totalReviews": "18",
        "subtitle": "",
        "isPrimeEligible": "1"
    },
    {
        "ASIN": "B07NSSS9R7",
        "title": "Burt's Bees Detoxifying Clay Mask for Unisex, 0.57 Ounce",
        "price": "$6.48 ($11.37 / Ounce)",
        "listPrice": "",
        "imageUrl": "https://m.media-amazon.com/images/I/31IAHQ6RYZL._SL160_.jpg",
        "detailPageURL": "https://www.amazon.com/dp/B07NSSS9R7",
        "rating": "4.3",
        "totalReviews": "35",
        "subtitle": "Burt's Bees",
        "isPrimeEligible": "1"
    },
    {
        "ASIN": "B07TKFSF17",
        "title": "Dermalogica Sebum Clearing Masque (2.5 Fl Oz) - Anti-Aging Clay Face Mask with Salicylic Acid - Absorbs Excess Oils To Soothe and Refine Skin Texture",
        "price": "$54.00 ($21.60 / Fl Oz)",
        "listPrice": "",
        "imageUrl": "https://m.media-amazon.com/images/I/31yGb44KKRL._SL160_.jpg",
        "detailPageURL": "https://www.amazon.com/dp/B07TKFSF17",
        "rating": "4.5",
        "totalReviews": "318",
        "subtitle": "",
        "isPrimeEligible": "1"
    },
    {
        "ASIN": "B09MD9TZRN",
        "title": "Clamine Clay by mi nature | For Younger looking skin , Detoxifying Skin | 227g( 8 oz) ( 0.5 lb) | Facial Cleansing mask | Use to make Masks, Creams, Scrubs, Bath Bombs, Body Wash and Soaps (Calamine Clay)",
        "price": "$9.99 ($1.25 / Ounce)",
        "listPrice": "",
        "imageUrl": "https://m.media-amazon.com/images/I/41V51z9QhsL._SL160_.jpg",
        "detailPageURL": "https://www.amazon.com/dp/B09MD9TZRN",
        "rating": "4.9",
        "totalReviews": "43",
        "subtitle": "minature",
        "isPrimeEligible": "1"
    },
    {
        "ASIN": "B0B7TB81J6",
        "title": "Rael Blackhead Remover, Miracle Clear Clay Mask - Exfoliating Face Wash, Pore Minimizer, Gentle, Hydrating, with Tea Tree, Vegan, Cruelty Free (100 ml, 3.4 fl oz)",
        "price": "$14.99 ($4.41 / Ounce)",
        "listPrice": "",
        "imageUrl": "https://m.media-amazon.com/images/I/31Nb48yROwL._SL160_.jpg",
        "detailPageURL": "https://www.amazon.com/dp/B0B7TB81J6",
        "rating": "4.3",
        "totalReviews": "73",
        "subtitle": "Rael",
        "isPrimeEligible": "1"
    },
    {
        "ASIN": "B079G73BQ7",
        "title": "Honest Beauty 3-in-1 Detox Mud Mask with Activated Charcoal & Jeju Volcanic Ash + Manuka Honey & Shea Butter | Cruelty Free | 2.8 Fl Oz",
        "price": "$13.99 ($5.00 / Fl Oz)",
        "listPrice": "$19.99 ($7.14 / Fl Oz)",
        "imageUrl": "https://m.media-amazon.com/images/I/21ElC-unl+L._SL160_.jpg",
        "detailPageURL": "https://www.amazon.com/dp/B079G73BQ7",
        "rating": "4.5",
        "totalReviews": "940",
        "subtitle": "Honest Beauty",
        "isPrimeEligible": "1"
    },
    {
        "ASIN": "B0B5WCT3PS",
        "title": "CASSAIO Turmeric Face Mask Vitamin C Clay Mask Clay Facial Mask with Kaolin Clay for Dark Spots Acne Control and Refining Pores Face Mask Skin Care For All Skin Types 5.29 Oz",
        "price": "$5.99 ($1.13 / Ounce)",
        "listPrice": "",
        "imageUrl": "https://m.media-amazon.com/images/I/41ljvFVEArL._SL160_.jpg",
        "detailPageURL": "https://www.amazon.com/dp/B0B5WCT3PS",
        "rating": "3.7",
        "totalReviews": "15",
        "subtitle": "CASSAIO",
        "isPrimeEligible": "1"
    },
    {
        "ASIN": "B079KY9PXF",
        "title": "Dr.Ceuracle Jeju Island Matcha Clay Pack\u3163Korean Facial Mask Purifying Pore\u3163Removes Blackheads, Detoxifying, Cleansing\u3163Green Tea Mud Mask Tightening for Youthful & Hydrating Skin\u3163leegeehaam (115g/4.05oz)",
        "price": "$17.99 ($4.64 / Ounce)",
        "listPrice": "",
        "imageUrl": "https://m.media-amazon.com/images/I/41p-rqFjr2L._SL160_.jpg",
        "detailPageURL": "https://www.amazon.com/dp/B079KY9PXF",
        "rating": "4.5",
        "totalReviews": "139",
        "subtitle": "leegeehaam",
        "isPrimeEligible": "1"
    },
    {
        "ASIN": "B092MWFKWJ",
        "title": "FREEMAN Exotic Facial Mask Blends Kit, Peel-Off & Jelly Masks, Cleansing, Pore-Clearing & Hydrating Facial Masks, For All Skin Types, Includes Silicone Mask Brush, Vegan & Cruelty-Free, 4 Piece Set",
        "price": "$8.05",
        "listPrice": "$9.99",
        "imageUrl": "https://m.media-amazon.com/images/I/41VNmB6srLL._SL160_.jpg",
        "detailPageURL": "https://www.amazon.com/dp/B092MWFKWJ",
        "rating": "4.3",
        "totalReviews": "2061",
        "subtitle": "FREEMAN",
        "isPrimeEligible": "1"
    },
    {
        "ASIN": "B0C78KMTNG",
        "title": "Murad Rapid Relief Acne Sulfur Mask - Acne Control Clay Face Mask with Salicylic Acid - 2.5 fl oz",
        "price": "$44.00 ($17.60 / Fl Oz)",
        "listPrice": "",
        "imageUrl": "https://m.media-amazon.com/images/I/41bl2le5tSL._SL160_.jpg",
        "detailPageURL": "https://www.amazon.com/dp/B0C78KMTNG",
        "rating": "4.5",
        "totalReviews": "18",
        "subtitle": "",
        "isPrimeEligible": "1"
    },
    {
        "ASIN": "B07NSSS9R7",
        "title": "Burt's Bees Detoxifying Clay Mask for Unisex, 0.57 Ounce",
        "price": "$6.48 ($11.37 / Ounce)",
        "listPrice": "",
        "imageUrl": "https://m.media-amazon.com/images/I/31IAHQ6RYZL._SL160_.jpg",
        "detailPageURL": "https://www.amazon.com/dp/B07NSSS9R7",
        "rating": "4.3",
        "totalReviews": "35",
        "subtitle": "Burt's Bees",
        "isPrimeEligible": "1"
    },
    {
        "ASIN": "B07TKFSF17",
        "title": "Dermalogica Sebum Clearing Masque (2.5 Fl Oz) - Anti-Aging Clay Face Mask with Salicylic Acid - Absorbs Excess Oils To Soothe and Refine Skin Texture",
        "price": "$54.00 ($21.60 / Fl Oz)",
        "listPrice": "",
        "imageUrl": "https://m.media-amazon.com/images/I/31yGb44KKRL._SL160_.jpg",
        "detailPageURL": "https://www.amazon.com/dp/B07TKFSF17",
        "rating": "4.5",
        "totalReviews": "318",
        "subtitle": "",
        "isPrimeEligible": "1"
    },
    {
        "ASIN": "B09MD9TZRN",
        "title": "Clamine Clay by mi nature | For Younger looking skin , Detoxifying Skin | 227g( 8 oz) ( 0.5 lb) | Facial Cleansing mask | Use to make Masks, Creams, Scrubs, Bath Bombs, Body Wash and Soaps (Calamine Clay)",
        "price": "$9.99 ($1.25 / Ounce)",
        "listPrice": "",
        "imageUrl": "https://m.media-amazon.com/images/I/41V51z9QhsL._SL160_.jpg",
        "detailPageURL": "https://www.amazon.com/dp/B09MD9TZRN",
        "rating": "4.9",
        "totalReviews": "43",
        "subtitle": "minature",
        "isPrimeEligible": "1"
    },
    {
        "ASIN": "B083F4KNSV",
        "title": "MAJESTIC PURE Himalayan Clay Mud Mask for Face and Body Exfoliating and Facial Acne Fighting Mask - Reduces Appearance of Pores, 10 oz",
        "price": "$14.59 ($1.46 / Ounce)",
        "listPrice": "$18.99 ($1.90 / Ounce)",
        "imageUrl": "https://m.media-amazon.com/images/I/51h8TvfzVeL._SL160_.jpg",
        "detailPageURL": "https://www.amazon.com/dp/B083F4KNSV",
        "rating": "4.5",
        "totalReviews": "4193",
        "subtitle": "MAJESTIC PURE",
        "isPrimeEligible": "1"
    },
    {
        "ASIN": "B079G73BQ7",
        "title": "Honest Beauty 3-in-1 Detox Mud Mask with Activated Charcoal & Jeju Volcanic Ash + Manuka Honey & Shea Butter | Cruelty Free | 2.8 Fl Oz",
        "price": "$13.99 ($5.00 / Fl Oz)",
        "listPrice": "$19.99 ($7.14 / Fl Oz)",
        "imageUrl": "https://m.media-amazon.com/images/I/21ElC-unl+L._SL160_.jpg",
        "detailPageURL": "https://www.amazon.com/dp/B079G73BQ7",
        "rating": "4.5",
        "totalReviews": "940",
        "subtitle": "Honest Beauty",
        "isPrimeEligible": "1"
    },
    {
        "ASIN": "B0B5WCT3PS",
        "title": "CASSAIO Turmeric Face Mask Vitamin C Clay Mask Clay Facial Mask with Kaolin Clay for Dark Spots Acne Control and Refining Pores Face Mask Skin Care For All Skin Types 5.29 Oz",
        "price": "$5.99 ($1.13 / Ounce)",
        "listPrice": "",
        "imageUrl": "https://m.media-amazon.com/images/I/41ljvFVEArL._SL160_.jpg",
        "detailPageURL": "https://www.amazon.com/dp/B0B5WCT3PS",
        "rating": "3.7",
        "totalReviews": "15",
        "subtitle": "CASSAIO",
        "isPrimeEligible": "1"
    },
    {
        "ASIN": "B079KY9PXF",
        "title": "Dr.Ceuracle Jeju Island Matcha Clay Pack\u3163Korean Facial Mask Purifying Pore\u3163Removes Blackheads, Detoxifying, Cleansing\u3163Green Tea Mud Mask Tightening for Youthful & Hydrating Skin\u3163leegeehaam (115g/4.05oz)",
        "price": "$17.99 ($4.64 / Ounce)",
        "listPrice": "",
        "imageUrl": "https://m.media-amazon.com/images/I/41p-rqFjr2L._SL160_.jpg",
        "detailPageURL": "https://www.amazon.com/dp/B079KY9PXF",
        "rating": "4.5",
        "totalReviews": "139",
        "subtitle": "leegeehaam",
        "isPrimeEligible": "1"
    },
    {
        "ASIN": "B092MWFKWJ",
        "title": "FREEMAN Exotic Facial Mask Blends Kit, Peel-Off & Jelly Masks, Cleansing, Pore-Clearing & Hydrating Facial Masks, For All Skin Types, Includes Silicone Mask Brush, Vegan & Cruelty-Free, 4 Piece Set",
        "price": "$8.05",
        "listPrice": "$9.99",
        "imageUrl": "https://m.media-amazon.com/images/I/41VNmB6srLL._SL160_.jpg",
        "detailPageURL": "https://www.amazon.com/dp/B092MWFKWJ",
        "rating": "4.3",
        "totalReviews": "2061",
        "subtitle": "FREEMAN",
        "isPrimeEligible": "1"
    },
    {
        "ASIN": "B0C78KMTNG",
        "title": "Murad Rapid Relief Acne Sulfur Mask - Acne Control Clay Face Mask with Salicylic Acid - 2.5 fl oz",
        "price": "$44.00 ($17.60 / Fl Oz)",
        "listPrice": "",
        "imageUrl": "https://m.media-amazon.com/images/I/41bl2le5tSL._SL160_.jpg",
        "detailPageURL": "https://www.amazon.com/dp/B0C78KMTNG",
        "rating": "4.5",
        "totalReviews": "18",
        "subtitle": "",
        "isPrimeEligible": "1"
    },
    {
        "ASIN": "B07NSSS9R7",
        "title": "Burt's Bees Detoxifying Clay Mask for Unisex, 0.57 Ounce",
        "price": "$6.48 ($11.37 / Ounce)",
        "listPrice": "",
        "imageUrl": "https://m.media-amazon.com/images/I/31IAHQ6RYZL._SL160_.jpg",
        "detailPageURL": "https://www.amazon.com/dp/B07NSSS9R7",
        "rating": "4.3",
        "totalReviews": "35",
        "subtitle": "Burt's Bees",
        "isPrimeEligible": "1"
    },
    {
        "ASIN": "B07TKFSF17",
        "title": "Dermalogica Sebum Clearing Masque (2.5 Fl Oz) - Anti-Aging Clay Face Mask with Salicylic Acid - Absorbs Excess Oils To Soothe and Refine Skin Texture",
        "price": "$54.00 ($21.60 / Fl Oz)",
        "listPrice": "",
        "imageUrl": "https://m.media-amazon.com/images/I/31yGb44KKRL._SL160_.jpg",
        "detailPageURL": "https://www.amazon.com/dp/B07TKFSF17",
        "rating": "4.5",
        "totalReviews": "318",
        "subtitle": "",
        "isPrimeEligible": "1"
    },
    {
        "ASIN": "B09MD9TZRN",
        "title": "Clamine Clay by mi nature | For Younger looking skin , Detoxifying Skin | 227g( 8 oz) ( 0.5 lb) | Facial Cleansing mask | Use to make Masks, Creams, Scrubs, Bath Bombs, Body Wash and Soaps (Calamine Clay)",
        "price": "$9.99 ($1.25 / Ounce)",
        "listPrice": "",
        "imageUrl": "https://m.media-amazon.com/images/I/41V51z9QhsL._SL160_.jpg",
        "detailPageURL": "https://www.amazon.com/dp/B09MD9TZRN",
        "rating": "4.9",
        "totalReviews": "43",
        "subtitle": "minature",
        "isPrimeEligible": "1"
    },
    {
        "ASIN": "B083F4KNSV",
        "title": "MAJESTIC PURE Himalayan Clay Mud Mask for Face and Body Exfoliating and Facial Acne Fighting Mask - Reduces Appearance of Pores, 10 oz",
        "price": "$14.59 ($1.46 / Ounce)",
        "listPrice": "$18.99 ($1.90 / Ounce)",
        "imageUrl": "https://m.media-amazon.com/images/I/51h8TvfzVeL._SL160_.jpg",
        "detailPageURL": "https://www.amazon.com/dp/B083F4KNSV",
        "rating": "4.5",
        "totalReviews": "4193",
        "subtitle": "MAJESTIC PURE",
        "isPrimeEligible": "1"
    },
    {
        "ASIN": "B09791CYKX",
        "title": "ANAIRUI Eggplant Kale Purifying Clay Facial Mask, Sensitive Soothing, Nourishing, Cleansing Mud Mask for Pores, Blackhead, Oily Skin, Vegan-Based Detox Spa Mask, 4.23 oz / 120g",
        "price": "$9.99 ($2.38 / Ounce)",
        "listPrice": "",
        "imageUrl": "https://m.media-amazon.com/images/I/51O+8qnLb2L._SL160_.jpg",
        "detailPageURL": "https://www.amazon.com/dp/B09791CYKX",
        "rating": "4.3",
        "totalReviews": "90",
        "subtitle": "ANAI RUI",
        "isPrimeEligible": "1"
    },
    {
        "ASIN": "B0B5WCT3PS",
        "title": "CASSAIO Turmeric Face Mask Vitamin C Clay Mask Clay Facial Mask with Kaolin Clay for Dark Spots Acne Control and Refining Pores Face Mask Skin Care For All Skin Types 5.29 Oz",
        "price": "$5.99 ($1.13 / Ounce)",
        "listPrice": "",
        "imageUrl": "https://m.media-amazon.com/images/I/41ljvFVEArL._SL160_.jpg",
        "detailPageURL": "https://www.amazon.com/dp/B0B5WCT3PS",
        "rating": "3.7",
        "totalReviews": "15",
        "subtitle": "CASSAIO",
        "isPrimeEligible": "1"
    },
    {
        "ASIN": "B079KY9PXF",
        "title": "Dr.Ceuracle Jeju Island Matcha Clay Pack\u3163Korean Facial Mask Purifying Pore\u3163Removes Blackheads, Detoxifying, Cleansing\u3163Green Tea Mud Mask Tightening for Youthful & Hydrating Skin\u3163leegeehaam (115g/4.05oz)",
        "price": "$17.99 ($4.64 / Ounce)",
        "listPrice": "",
        "imageUrl": "https://m.media-amazon.com/images/I/41p-rqFjr2L._SL160_.jpg",
        "detailPageURL": "https://www.amazon.com/dp/B079KY9PXF",
        "rating": "4.5",
        "totalReviews": "139",
        "subtitle": "leegeehaam",
        "isPrimeEligible": "1"
    },
    {
        "ASIN": "B092MWFKWJ",
        "title": "FREEMAN Exotic Facial Mask Blends Kit, Peel-Off & Jelly Masks, Cleansing, Pore-Clearing & Hydrating Facial Masks, For All Skin Types, Includes Silicone Mask Brush, Vegan & Cruelty-Free, 4 Piece Set",
        "price": "$8.05",
        "listPrice": "$9.99",
        "imageUrl": "https://m.media-amazon.com/images/I/41VNmB6srLL._SL160_.jpg",
        "detailPageURL": "https://www.amazon.com/dp/B092MWFKWJ",
        "rating": "4.3",
        "totalReviews": "2061",
        "subtitle": "FREEMAN",
        "isPrimeEligible": "1"
    },
    {
        "ASIN": "B0C78KMTNG",
        "title": "Murad Rapid Relief Acne Sulfur Mask - Acne Control Clay Face Mask with Salicylic Acid - 2.5 fl oz",
        "price": "$44.00 ($17.60 / Fl Oz)",
        "listPrice": "",
        "imageUrl": "https://m.media-amazon.com/images/I/41bl2le5tSL._SL160_.jpg",
        "detailPageURL": "https://www.amazon.com/dp/B0C78KMTNG",
        "rating": "4.5",
        "totalReviews": "18",
        "subtitle": "",
        "isPrimeEligible": "1"
    },
    {
        "ASIN": "B07NSSS9R7",
        "title": "Burt's Bees Detoxifying Clay Mask for Unisex, 0.57 Ounce",
        "price": "$6.48 ($11.37 / Ounce)",
        "listPrice": "",
        "imageUrl": "https://m.media-amazon.com/images/I/31IAHQ6RYZL._SL160_.jpg",
        "detailPageURL": "https://www.amazon.com/dp/B07NSSS9R7",
        "rating": "4.3",
        "totalReviews": "35",
        "subtitle": "Burt's Bees",
        "isPrimeEligible": "1"
    },
    {
        "ASIN": "B07TKFSF17",
        "title": "Dermalogica Sebum Clearing Masque (2.5 Fl Oz) - Anti-Aging Clay Face Mask with Salicylic Acid - Absorbs Excess Oils To Soothe and Refine Skin Texture",
        "price": "$54.00 ($21.60 / Fl Oz)",
        "listPrice": "",
        "imageUrl": "https://m.media-amazon.com/images/I/31yGb44KKRL._SL160_.jpg",
        "detailPageURL": "https://www.amazon.com/dp/B07TKFSF17",
        "rating": "4.5",
        "totalReviews": "318",
        "subtitle": "",
        "isPrimeEligible": "1"
    },
    {
        "ASIN": "B09MD9TZRN",
        "title": "Clamine Clay by mi nature | For Younger looking skin , Detoxifying Skin | 227g( 8 oz) ( 0.5 lb) | Facial Cleansing mask | Use to make Masks, Creams, Scrubs, Bath Bombs, Body Wash and Soaps (Calamine Clay)",
        "price": "$9.99 ($1.25 / Ounce)",
        "listPrice": "",
        "imageUrl": "https://m.media-amazon.com/images/I/41V51z9QhsL._SL160_.jpg",
        "detailPageURL": "https://www.amazon.com/dp/B09MD9TZRN",
        "rating": "4.9",
        "totalReviews": "43",
        "subtitle": "minature",
        "isPrimeEligible": "1"
    },
    {
        "ASIN": "B083F4KNSV",
        "title": "MAJESTIC PURE Himalayan Clay Mud Mask for Face and Body Exfoliating and Facial Acne Fighting Mask - Reduces Appearance of Pores, 10 oz",
        "price": "$14.59 ($1.46 / Ounce)",
        "listPrice": "$18.99 ($1.90 / Ounce)",
        "imageUrl": "https://m.media-amazon.com/images/I/51h8TvfzVeL._SL160_.jpg",
        "detailPageURL": "https://www.amazon.com/dp/B083F4KNSV",
        "rating": "4.5",
        "totalReviews": "4193",
        "subtitle": "MAJESTIC PURE",
        "isPrimeEligible": "1"
    },
    {
        "ASIN": "B09791CYKX",
        "title": "ANAIRUI Eggplant Kale Purifying Clay Facial Mask, Sensitive Soothing, Nourishing, Cleansing Mud Mask for Pores, Blackhead, Oily Skin, Vegan-Based Detox Spa Mask, 4.23 oz / 120g",
        "price": "$9.99 ($2.38 / Ounce)",
        "listPrice": "",
        "imageUrl": "https://m.media-amazon.com/images/I/51O+8qnLb2L._SL160_.jpg",
        "detailPageURL": "https://www.amazon.com/dp/B09791CYKX",
        "rating": "4.3",
        "totalReviews": "90",
        "subtitle": "ANAI RUI",
        "isPrimeEligible": "1"
    },
    {
        "ASIN": "B09NRGNC71",
        "title": "Seed Spring Vitamin C Clay Mask, Green Tea Matcha Facial Mud Mask with Deep Cleaning Relaxing 4.78oz",
        "price": "$5.89",
        "listPrice": "",
        "imageUrl": "https://m.media-amazon.com/images/I/51WEibvmcBL._SL160_.jpg",
        "detailPageURL": "https://www.amazon.com/dp/B09NRGNC71",
        "rating": "4.3",
        "totalReviews": "55",
        "subtitle": "Seed Spring",
        "isPrimeEligible": "1"
    },
    {
        "ASIN": "B079KY9PXF",
        "title": "Dr.Ceuracle Jeju Island Matcha Clay Pack\u3163Korean Facial Mask Purifying Pore\u3163Removes Blackheads, Detoxifying, Cleansing\u3163Green Tea Mud Mask Tightening for Youthful & Hydrating Skin\u3163leegeehaam (115g/4.05oz)",
        "price": "$17.99 ($4.64 / Ounce)",
        "listPrice": "",
        "imageUrl": "https://m.media-amazon.com/images/I/41p-rqFjr2L._SL160_.jpg",
        "detailPageURL": "https://www.amazon.com/dp/B079KY9PXF",
        "rating": "4.5",
        "totalReviews": "139",
        "subtitle": "leegeehaam",
        "isPrimeEligible": "1"
    },
    {
        "ASIN": "B092MWFKWJ",
        "title": "FREEMAN Exotic Facial Mask Blends Kit, Peel-Off & Jelly Masks, Cleansing, Pore-Clearing & Hydrating Facial Masks, For All Skin Types, Includes Silicone Mask Brush, Vegan & Cruelty-Free, 4 Piece Set",
        "price": "$8.05",
        "listPrice": "$9.99",
        "imageUrl": "https://m.media-amazon.com/images/I/41VNmB6srLL._SL160_.jpg",
        "detailPageURL": "https://www.amazon.com/dp/B092MWFKWJ",
        "rating": "4.3",
        "totalReviews": "2061",
        "subtitle": "FREEMAN",
        "isPrimeEligible": "1"
    },
    {
        "ASIN": "B0C78KMTNG",
        "title": "Murad Rapid Relief Acne Sulfur Mask - Acne Control Clay Face Mask with Salicylic Acid - 2.5 fl oz",
        "price": "$44.00 ($17.60 / Fl Oz)",
        "listPrice": "",
        "imageUrl": "https://m.media-amazon.com/images/I/41bl2le5tSL._SL160_.jpg",
        "detailPageURL": "https://www.amazon.com/dp/B0C78KMTNG",
        "rating": "4.5",
        "totalReviews": "18",
        "subtitle": "",
        "isPrimeEligible": "1"
    },
    {
        "ASIN": "B07NSSS9R7",
        "title": "Burt's Bees Detoxifying Clay Mask for Unisex, 0.57 Ounce",
        "price": "$6.48 ($11.37 / Ounce)",
        "listPrice": "",
        "imageUrl": "https://m.media-amazon.com/images/I/31IAHQ6RYZL._SL160_.jpg",
        "detailPageURL": "https://www.amazon.com/dp/B07NSSS9R7",
        "rating": "4.3",
        "totalReviews": "35",
        "subtitle": "Burt's Bees",
        "isPrimeEligible": "1"
    },
    {
        "ASIN": "B07TKFSF17",
        "title": "Dermalogica Sebum Clearing Masque (2.5 Fl Oz) - Anti-Aging Clay Face Mask with Salicylic Acid - Absorbs Excess Oils To Soothe and Refine Skin Texture",
        "price": "$54.00 ($21.60 / Fl Oz)",
        "listPrice": "",
        "imageUrl": "https://m.media-amazon.com/images/I/31yGb44KKRL._SL160_.jpg",
        "detailPageURL": "https://www.amazon.com/dp/B07TKFSF17",
        "rating": "4.5",
        "totalReviews": "318",
        "subtitle": "",
        "isPrimeEligible": "1"
    },
    {
        "ASIN": "B09MD9TZRN",
        "title": "Clamine Clay by mi nature | For Younger looking skin , Detoxifying Skin | 227g( 8 oz) ( 0.5 lb) | Facial Cleansing mask | Use to make Masks, Creams, Scrubs, Bath Bombs, Body Wash and Soaps (Calamine Clay)",
        "price": "$9.99 ($1.25 / Ounce)",
        "listPrice": "",
        "imageUrl": "https://m.media-amazon.com/images/I/41V51z9QhsL._SL160_.jpg",
        "detailPageURL": "https://www.amazon.com/dp/B09MD9TZRN",
        "rating": "4.9",
        "totalReviews": "43",
        "subtitle": "minature",
        "isPrimeEligible": "1"
    },
    {
        "ASIN": "B083F4KNSV",
        "title": "MAJESTIC PURE Himalayan Clay Mud Mask for Face and Body Exfoliating and Facial Acne Fighting Mask - Reduces Appearance of Pores, 10 oz",
        "price": "$14.59 ($1.46 / Ounce)",
        "listPrice": "$18.99 ($1.90 / Ounce)",
        "imageUrl": "https://m.media-amazon.com/images/I/51h8TvfzVeL._SL160_.jpg",
        "detailPageURL": "https://www.amazon.com/dp/B083F4KNSV",
        "rating": "4.5",
        "totalReviews": "4193",
        "subtitle": "MAJESTIC PURE",
        "isPrimeEligible": "1"
    },
    {
        "ASIN": "B09791CYKX",
        "title": "ANAIRUI Eggplant Kale Purifying Clay Facial Mask, Sensitive Soothing, Nourishing, Cleansing Mud Mask for Pores, Blackhead, Oily Skin, Vegan-Based Detox Spa Mask, 4.23 oz / 120g",
        "price": "$9.99 ($2.38 / Ounce)",
        "listPrice": "",
        "imageUrl": "https://m.media-amazon.com/images/I/51O+8qnLb2L._SL160_.jpg",
        "detailPageURL": "https://www.amazon.com/dp/B09791CYKX",
        "rating": "4.3",
        "totalReviews": "90",
        "subtitle": "ANAI RUI",
        "isPrimeEligible": "1"
    },
    {
        "ASIN": "B09NRGNC71",
        "title": "Seed Spring Vitamin C Clay Mask, Green Tea Matcha Facial Mud Mask with Deep Cleaning Relaxing 4.78oz",
        "price": "$5.89",
        "listPrice": "",
        "imageUrl": "https://m.media-amazon.com/images/I/51WEibvmcBL._SL160_.jpg",
        "detailPageURL": "https://www.amazon.com/dp/B09NRGNC71",
        "rating": "4.3",
        "totalReviews": "55",
        "subtitle": "Seed Spring",
        "isPrimeEligible": "1"
    },
    {
        "ASIN": "B07YX69NCG",
        "title": "Aztec Premium, Indian Healing Clay 2 lb, Deep Pore Cleansing Face & Body Mask Powder, Sterilized Without Radiation, Chemicals or Preservatives, 100% Natural & Organic Calcium Bentonite Clay, 32 Ounce",
        "price": "$10.58 ($0.33 / Ounce)",
        "listPrice": "$15.99 ($0.50 / Ounce)",
        "imageUrl": "https://m.media-amazon.com/images/I/31gmTs1N+FL._SL160_.jpg",
        "detailPageURL": "https://www.amazon.com/dp/B07YX69NCG",
        "rating": "4.5",
        "totalReviews": "2456",
        "subtitle": "Aztec Premium",
        "isPrimeEligible": "1"
    },
    {
        "ASIN": "B092MWFKWJ",
        "title": "FREEMAN Exotic Facial Mask Blends Kit, Peel-Off & Jelly Masks, Cleansing, Pore-Clearing & Hydrating Facial Masks, For All Skin Types, Includes Silicone Mask Brush, Vegan & Cruelty-Free, 4 Piece Set",
        "price": "$8.05",
        "listPrice": "$9.99",
        "imageUrl": "https://m.media-amazon.com/images/I/41VNmB6srLL._SL160_.jpg",
        "detailPageURL": "https://www.amazon.com/dp/B092MWFKWJ",
        "rating": "4.3",
        "totalReviews": "2061",
        "subtitle": "FREEMAN",
        "isPrimeEligible": "1"
    },
    {
        "ASIN": "B0C78KMTNG",
        "title": "Murad Rapid Relief Acne Sulfur Mask - Acne Control Clay Face Mask with Salicylic Acid - 2.5 fl oz",
        "price": "$44.00 ($17.60 / Fl Oz)",
        "listPrice": "",
        "imageUrl": "https://m.media-amazon.com/images/I/41bl2le5tSL._SL160_.jpg",
        "detailPageURL": "https://www.amazon.com/dp/B0C78KMTNG",
        "rating": "4.5",
        "totalReviews": "18",
        "subtitle": "",
        "isPrimeEligible": "1"
    },
    {
        "ASIN": "B07NSSS9R7",
        "title": "Burt's Bees Detoxifying Clay Mask for Unisex, 0.57 Ounce",
        "price": "$6.48 ($11.37 / Ounce)",
        "listPrice": "",
        "imageUrl": "https://m.media-amazon.com/images/I/31IAHQ6RYZL._SL160_.jpg",
        "detailPageURL": "https://www.amazon.com/dp/B07NSSS9R7",
        "rating": "4.3",
        "totalReviews": "35",
        "subtitle": "Burt's Bees",
        "isPrimeEligible": "1"
    },
    {
        "ASIN": "B07TKFSF17",
        "title": "Dermalogica Sebum Clearing Masque (2.5 Fl Oz) - Anti-Aging Clay Face Mask with Salicylic Acid - Absorbs Excess Oils To Soothe and Refine Skin Texture",
        "price": "$54.00 ($21.60 / Fl Oz)",
        "listPrice": "",
        "imageUrl": "https://m.media-amazon.com/images/I/31yGb44KKRL._SL160_.jpg",
        "detailPageURL": "https://www.amazon.com/dp/B07TKFSF17",
        "rating": "4.5",
        "totalReviews": "318",
        "subtitle": "",
        "isPrimeEligible": "1"
    },
    {
        "ASIN": "B09MD9TZRN",
        "title": "Clamine Clay by mi nature | For Younger looking skin , Detoxifying Skin | 227g( 8 oz) ( 0.5 lb) | Facial Cleansing mask | Use to make Masks, Creams, Scrubs, Bath Bombs, Body Wash and Soaps (Calamine Clay)",
        "price": "$9.99 ($1.25 / Ounce)",
        "listPrice": "",
        "imageUrl": "https://m.media-amazon.com/images/I/41V51z9QhsL._SL160_.jpg",
        "detailPageURL": "https://www.amazon.com/dp/B09MD9TZRN",
        "rating": "4.9",
        "totalReviews": "43",
        "subtitle": "minature",
        "isPrimeEligible": "1"
    },
    {
        "ASIN": "B083F4KNSV",
        "title": "MAJESTIC PURE Himalayan Clay Mud Mask for Face and Body Exfoliating and Facial Acne Fighting Mask - Reduces Appearance of Pores, 10 oz",
        "price": "$14.59 ($1.46 / Ounce)",
        "listPrice": "$18.99 ($1.90 / Ounce)",
        "imageUrl": "https://m.media-amazon.com/images/I/51h8TvfzVeL._SL160_.jpg",
        "detailPageURL": "https://www.amazon.com/dp/B083F4KNSV",
        "rating": "4.5",
        "totalReviews": "4193",
        "subtitle": "MAJESTIC PURE",
        "isPrimeEligible": "1"
    },
    {
        "ASIN": "B09791CYKX",
        "title": "ANAIRUI Eggplant Kale Purifying Clay Facial Mask, Sensitive Soothing, Nourishing, Cleansing Mud Mask for Pores, Blackhead, Oily Skin, Vegan-Based Detox Spa Mask, 4.23 oz / 120g",
        "price": "$9.99 ($2.38 / Ounce)",
        "listPrice": "",
        "imageUrl": "https://m.media-amazon.com/images/I/51O+8qnLb2L._SL160_.jpg",
        "detailPageURL": "https://www.amazon.com/dp/B09791CYKX",
        "rating": "4.3",
        "totalReviews": "90",
        "subtitle": "ANAI RUI",
        "isPrimeEligible": "1"
    },
    {
        "ASIN": "B09NRGNC71",
        "title": "Seed Spring Vitamin C Clay Mask, Green Tea Matcha Facial Mud Mask with Deep Cleaning Relaxing 4.78oz",
        "price": "$5.89",
        "listPrice": "",
        "imageUrl": "https://m.media-amazon.com/images/I/51WEibvmcBL._SL160_.jpg",
        "detailPageURL": "https://www.amazon.com/dp/B09NRGNC71",
        "rating": "4.3",
        "totalReviews": "55",
        "subtitle": "Seed Spring",
        "isPrimeEligible": "1"
    },
    {
        "ASIN": "B07YX69NCG",
        "title": "Aztec Premium, Indian Healing Clay 2 lb, Deep Pore Cleansing Face & Body Mask Powder, Sterilized Without Radiation, Chemicals or Preservatives, 100% Natural & Organic Calcium Bentonite Clay, 32 Ounce",
        "price": "$10.58 ($0.33 / Ounce)",
        "listPrice": "$15.99 ($0.50 / Ounce)",
        "imageUrl": "https://m.media-amazon.com/images/I/31gmTs1N+FL._SL160_.jpg",
        "detailPageURL": "https://www.amazon.com/dp/B07YX69NCG",
        "rating": "4.5",
        "totalReviews": "2456",
        "subtitle": "Aztec Premium",
        "isPrimeEligible": "1"
    },
    {
        "ASIN": "B0BRSNKVW5",
        "title": "5 Pcs Face Mask Skin Care Set for Deep Pore Cleansing Turmeric Vitamin C Clay Mask, Dead Sea Mud Mask, Rose Clay Mask for Face Masks Skincare Personal Skin Care Products Gifts Headbands for Women",
        "price": "$14.99 ($2.02 / Ounce)",
        "listPrice": "",
        "imageUrl": "https://m.media-amazon.com/images/I/51pyg4O+FBL._SL160_.jpg",
        "detailPageURL": "https://www.amazon.com/dp/B0BRSNKVW5",
        "rating": "4.2",
        "totalReviews": "70",
        "subtitle": "LUCOTIYA",
        "isPrimeEligible": "1"
    },
    {
        "ASIN": "B0C78KMTNG",
        "title": "Murad Rapid Relief Acne Sulfur Mask - Acne Control Clay Face Mask with Salicylic Acid - 2.5 fl oz",
        "price": "$44.00 ($17.60 / Fl Oz)",
        "listPrice": "",
        "imageUrl": "https://m.media-amazon.com/images/I/41bl2le5tSL._SL160_.jpg",
        "detailPageURL": "https://www.amazon.com/dp/B0C78KMTNG",
        "rating": "4.5",
        "totalReviews": "18",
        "subtitle": "",
        "isPrimeEligible": "1"
    },
    {
        "ASIN": "B07NSSS9R7",
        "title": "Burt's Bees Detoxifying Clay Mask for Unisex, 0.57 Ounce",
        "price": "$6.48 ($11.37 / Ounce)",
        "listPrice": "",
        "imageUrl": "https://m.media-amazon.com/images/I/31IAHQ6RYZL._SL160_.jpg",
        "detailPageURL": "https://www.amazon.com/dp/B07NSSS9R7",
        "rating": "4.3",
        "totalReviews": "35",
        "subtitle": "Burt's Bees",
        "isPrimeEligible": "1"
    },
    {
        "ASIN": "B07TKFSF17",
        "title": "Dermalogica Sebum Clearing Masque (2.5 Fl Oz) - Anti-Aging Clay Face Mask with Salicylic Acid - Absorbs Excess Oils To Soothe and Refine Skin Texture",
        "price": "$54.00 ($21.60 / Fl Oz)",
        "listPrice": "",
        "imageUrl": "https://m.media-amazon.com/images/I/31yGb44KKRL._SL160_.jpg",
        "detailPageURL": "https://www.amazon.com/dp/B07TKFSF17",
        "rating": "4.5",
        "totalReviews": "318",
        "subtitle": "",
        "isPrimeEligible": "1"
    },
    {
        "ASIN": "B09MD9TZRN",
        "title": "Clamine Clay by mi nature | For Younger looking skin , Detoxifying Skin | 227g( 8 oz) ( 0.5 lb) | Facial Cleansing mask | Use to make Masks, Creams, Scrubs, Bath Bombs, Body Wash and Soaps (Calamine Clay)",
        "price": "$9.99 ($1.25 / Ounce)",
        "listPrice": "",
        "imageUrl": "https://m.media-amazon.com/images/I/41V51z9QhsL._SL160_.jpg",
        "detailPageURL": "https://www.amazon.com/dp/B09MD9TZRN",
        "rating": "4.9",
        "totalReviews": "43",
        "subtitle": "minature",
        "isPrimeEligible": "1"
    },
    {
        "ASIN": "B083F4KNSV",
        "title": "MAJESTIC PURE Himalayan Clay Mud Mask for Face and Body Exfoliating and Facial Acne Fighting Mask - Reduces Appearance of Pores, 10 oz",
        "price": "$14.59 ($1.46 / Ounce)",
        "listPrice": "$18.99 ($1.90 / Ounce)",
        "imageUrl": "https://m.media-amazon.com/images/I/51h8TvfzVeL._SL160_.jpg",
        "detailPageURL": "https://www.amazon.com/dp/B083F4KNSV",
        "rating": "4.5",
        "totalReviews": "4193",
        "subtitle": "MAJESTIC PURE",
        "isPrimeEligible": "1"
    },
    {
        "ASIN": "B09791CYKX",
        "title": "ANAIRUI Eggplant Kale Purifying Clay Facial Mask, Sensitive Soothing, Nourishing, Cleansing Mud Mask for Pores, Blackhead, Oily Skin, Vegan-Based Detox Spa Mask, 4.23 oz / 120g",
        "price": "$9.99 ($2.38 / Ounce)",
        "listPrice": "",
        "imageUrl": "https://m.media-amazon.com/images/I/51O+8qnLb2L._SL160_.jpg",
        "detailPageURL": "https://www.amazon.com/dp/B09791CYKX",
        "rating": "4.3",
        "totalReviews": "90",
        "subtitle": "ANAI RUI",
        "isPrimeEligible": "1"
    },
    {
        "ASIN": "B09NRGNC71",
        "title": "Seed Spring Vitamin C Clay Mask, Green Tea Matcha Facial Mud Mask with Deep Cleaning Relaxing 4.78oz",
        "price": "$5.89",
        "listPrice": "",
        "imageUrl": "https://m.media-amazon.com/images/I/51WEibvmcBL._SL160_.jpg",
        "detailPageURL": "https://www.amazon.com/dp/B09NRGNC71",
        "rating": "4.3",
        "totalReviews": "55",
        "subtitle": "Seed Spring",
        "isPrimeEligible": "1"
    },
    {
        "ASIN": "B07YX69NCG",
        "title": "Aztec Premium, Indian Healing Clay 2 lb, Deep Pore Cleansing Face & Body Mask Powder, Sterilized Without Radiation, Chemicals or Preservatives, 100% Natural & Organic Calcium Bentonite Clay, 32 Ounce",
        "price": "$10.58 ($0.33 / Ounce)",
        "listPrice": "$15.99 ($0.50 / Ounce)",
        "imageUrl": "https://m.media-amazon.com/images/I/31gmTs1N+FL._SL160_.jpg",
        "detailPageURL": "https://www.amazon.com/dp/B07YX69NCG",
        "rating": "4.5",
        "totalReviews": "2456",
        "subtitle": "Aztec Premium",
        "isPrimeEligible": "1"
    },
    {
        "ASIN": "B0BRSNKVW5",
        "title": "5 Pcs Face Mask Skin Care Set for Deep Pore Cleansing Turmeric Vitamin C Clay Mask, Dead Sea Mud Mask, Rose Clay Mask for Face Masks Skincare Personal Skin Care Products Gifts Headbands for Women",
        "price": "$14.99 ($2.02 / Ounce)",
        "listPrice": "",
        "imageUrl": "https://m.media-amazon.com/images/I/51pyg4O+FBL._SL160_.jpg",
        "detailPageURL": "https://www.amazon.com/dp/B0BRSNKVW5",
        "rating": "4.2",
        "totalReviews": "70",
        "subtitle": "LUCOTIYA",
        "isPrimeEligible": "1"
    },
    {
        "ASIN": "B01KSIO76G",
        "title": "Kiehl's Rare Earth Deep Pore Cleansing Amazonian White Clay Mask, 0.95 Ounce",
        "price": "$26.89 ($28.31 / Ounce)",
        "listPrice": "",
        "imageUrl": "https://m.media-amazon.com/images/I/41JcaSiGi+L._SL160_.jpg",
        "detailPageURL": "https://www.amazon.com/dp/B01KSIO76G",
        "rating": "4.4",
        "totalReviews": "188",
        "subtitle": "Kiehl's",
        "isPrimeEligible": "1"
    },
    {
        "ASIN": "B07NSSS9R7",
        "title": "Burt's Bees Detoxifying Clay Mask for Unisex, 0.57 Ounce",
        "price": "$6.48 ($11.37 / Ounce)",
        "listPrice": "",
        "imageUrl": "https://m.media-amazon.com/images/I/31IAHQ6RYZL._SL160_.jpg",
        "detailPageURL": "https://www.amazon.com/dp/B07NSSS9R7",
        "rating": "4.3",
        "totalReviews": "35",
        "subtitle": "Burt's Bees",
        "isPrimeEligible": "1"
    },
    {
        "ASIN": "B07TKFSF17",
        "title": "Dermalogica Sebum Clearing Masque (2.5 Fl Oz) - Anti-Aging Clay Face Mask with Salicylic Acid - Absorbs Excess Oils To Soothe and Refine Skin Texture",
        "price": "$54.00 ($21.60 / Fl Oz)",
        "listPrice": "",
        "imageUrl": "https://m.media-amazon.com/images/I/31yGb44KKRL._SL160_.jpg",
        "detailPageURL": "https://www.amazon.com/dp/B07TKFSF17",
        "rating": "4.5",
        "totalReviews": "318",
        "subtitle": "",
        "isPrimeEligible": "1"
    },
    {
        "ASIN": "B09MD9TZRN",
        "title": "Clamine Clay by mi nature | For Younger looking skin , Detoxifying Skin | 227g( 8 oz) ( 0.5 lb) | Facial Cleansing mask | Use to make Masks, Creams, Scrubs, Bath Bombs, Body Wash and Soaps (Calamine Clay)",
        "price": "$9.99 ($1.25 / Ounce)",
        "listPrice": "",
        "imageUrl": "https://m.media-amazon.com/images/I/41V51z9QhsL._SL160_.jpg",
        "detailPageURL": "https://www.amazon.com/dp/B09MD9TZRN",
        "rating": "4.9",
        "totalReviews": "43",
        "subtitle": "minature",
        "isPrimeEligible": "1"
    },
    {
        "ASIN": "B083F4KNSV",
        "title": "MAJESTIC PURE Himalayan Clay Mud Mask for Face and Body Exfoliating and Facial Acne Fighting Mask - Reduces Appearance of Pores, 10 oz",
        "price": "$14.59 ($1.46 / Ounce)",
        "listPrice": "$18.99 ($1.90 / Ounce)",
        "imageUrl": "https://m.media-amazon.com/images/I/51h8TvfzVeL._SL160_.jpg",
        "detailPageURL": "https://www.amazon.com/dp/B083F4KNSV",
        "rating": "4.5",
        "totalReviews": "4193",
        "subtitle": "MAJESTIC PURE",
        "isPrimeEligible": "1"
    },
    {
        "ASIN": "B09791CYKX",
        "title": "ANAIRUI Eggplant Kale Purifying Clay Facial Mask, Sensitive Soothing, Nourishing, Cleansing Mud Mask for Pores, Blackhead, Oily Skin, Vegan-Based Detox Spa Mask, 4.23 oz / 120g",
        "price": "$9.99 ($2.38 / Ounce)",
        "listPrice": "",
        "imageUrl": "https://m.media-amazon.com/images/I/51O+8qnLb2L._SL160_.jpg",
        "detailPageURL": "https://www.amazon.com/dp/B09791CYKX",
        "rating": "4.3",
        "totalReviews": "90",
        "subtitle": "ANAI RUI",
        "isPrimeEligible": "1"
    },
    {
        "ASIN": "B09NRGNC71",
        "title": "Seed Spring Vitamin C Clay Mask, Green Tea Matcha Facial Mud Mask with Deep Cleaning Relaxing 4.78oz",
        "price": "$5.89",
        "listPrice": "",
        "imageUrl": "https://m.media-amazon.com/images/I/51WEibvmcBL._SL160_.jpg",
        "detailPageURL": "https://www.amazon.com/dp/B09NRGNC71",
        "rating": "4.3",
        "totalReviews": "55",
        "subtitle": "Seed Spring",
        "isPrimeEligible": "1"
    },
    {
        "ASIN": "B07YX69NCG",
        "title": "Aztec Premium, Indian Healing Clay 2 lb, Deep Pore Cleansing Face & Body Mask Powder, Sterilized Without Radiation, Chemicals or Preservatives, 100% Natural & Organic Calcium Bentonite Clay, 32 Ounce",
        "price": "$10.58 ($0.33 / Ounce)",
        "listPrice": "$15.99 ($0.50 / Ounce)",
        "imageUrl": "https://m.media-amazon.com/images/I/31gmTs1N+FL._SL160_.jpg",
        "detailPageURL": "https://www.amazon.com/dp/B07YX69NCG",
        "rating": "4.5",
        "totalReviews": "2456",
        "subtitle": "Aztec Premium",
        "isPrimeEligible": "1"
    },
    {
        "ASIN": "B0BRSNKVW5",
        "title": "5 Pcs Face Mask Skin Care Set for Deep Pore Cleansing Turmeric Vitamin C Clay Mask, Dead Sea Mud Mask, Rose Clay Mask for Face Masks Skincare Personal Skin Care Products Gifts Headbands for Women",
        "price": "$14.99 ($2.02 / Ounce)",
        "listPrice": "",
        "imageUrl": "https://m.media-amazon.com/images/I/51pyg4O+FBL._SL160_.jpg",
        "detailPageURL": "https://www.amazon.com/dp/B0BRSNKVW5",
        "rating": "4.2",
        "totalReviews": "70",
        "subtitle": "LUCOTIYA",
        "isPrimeEligible": "1"
    },
    {
        "ASIN": "B01KSIO76G",
        "title": "Kiehl's Rare Earth Deep Pore Cleansing Amazonian White Clay Mask, 0.95 Ounce",
        "price": "$26.89 ($28.31 / Ounce)",
        "listPrice": "",
        "imageUrl": "https://m.media-amazon.com/images/I/41JcaSiGi+L._SL160_.jpg",
        "detailPageURL": "https://www.amazon.com/dp/B01KSIO76G",
        "rating": "4.4",
        "totalReviews": "188",
        "subtitle": "Kiehl's",
        "isPrimeEligible": "1"
    },
    {
        "ASIN": "B07P6SV6W1",
        "title": "Aztec Secret - Version 1 Clay - 1 lb., 2.6 x 0.4 x 1.1 inch",
        "price": "$11.55 ($0.72 / Ounce)",
        "listPrice": "",
        "imageUrl": "https://m.media-amazon.com/images/I/41sNdHKjbBL._SL160_.jpg",
        "detailPageURL": "https://www.amazon.com/dp/B07P6SV6W1",
        "rating": "4.6",
        "totalReviews": "27878",
        "subtitle": "Aztec Secret",
        "isPrimeEligible": "1"
    },
    {
        "ASIN": "B07TKFSF17",
        "title": "Dermalogica Sebum Clearing Masque (2.5 Fl Oz) - Anti-Aging Clay Face Mask with Salicylic Acid - Absorbs Excess Oils To Soothe and Refine Skin Texture",
        "price": "$54.00 ($21.60 / Fl Oz)",
        "listPrice": "",
        "imageUrl": "https://m.media-amazon.com/images/I/31yGb44KKRL._SL160_.jpg",
        "detailPageURL": "https://www.amazon.com/dp/B07TKFSF17",
        "rating": "4.5",
        "totalReviews": "318",
        "subtitle": "",
        "isPrimeEligible": "1"
    },
    {
        "ASIN": "B09MD9TZRN",
        "title": "Clamine Clay by mi nature | For Younger looking skin , Detoxifying Skin | 227g( 8 oz) ( 0.5 lb) | Facial Cleansing mask | Use to make Masks, Creams, Scrubs, Bath Bombs, Body Wash and Soaps (Calamine Clay)",
        "price": "$9.99 ($1.25 / Ounce)",
        "listPrice": "",
        "imageUrl": "https://m.media-amazon.com/images/I/41V51z9QhsL._SL160_.jpg",
        "detailPageURL": "https://www.amazon.com/dp/B09MD9TZRN",
        "rating": "4.9",
        "totalReviews": "43",
        "subtitle": "minature",
        "isPrimeEligible": "1"
    },
    {
        "ASIN": "B083F4KNSV",
        "title": "MAJESTIC PURE Himalayan Clay Mud Mask for Face and Body Exfoliating and Facial Acne Fighting Mask - Reduces Appearance of Pores, 10 oz",
        "price": "$14.59 ($1.46 / Ounce)",
        "listPrice": "$18.99 ($1.90 / Ounce)",
        "imageUrl": "https://m.media-amazon.com/images/I/51h8TvfzVeL._SL160_.jpg",
        "detailPageURL": "https://www.amazon.com/dp/B083F4KNSV",
        "rating": "4.5",
        "totalReviews": "4193",
        "subtitle": "MAJESTIC PURE",
        "isPrimeEligible": "1"
    },
    {
        "ASIN": "B09791CYKX",
        "title": "ANAIRUI Eggplant Kale Purifying Clay Facial Mask, Sensitive Soothing, Nourishing, Cleansing Mud Mask for Pores, Blackhead, Oily Skin, Vegan-Based Detox Spa Mask, 4.23 oz / 120g",
        "price": "$9.99 ($2.38 / Ounce)",
        "listPrice": "",
        "imageUrl": "https://m.media-amazon.com/images/I/51O+8qnLb2L._SL160_.jpg",
        "detailPageURL": "https://www.amazon.com/dp/B09791CYKX",
        "rating": "4.3",
        "totalReviews": "90",
        "subtitle": "ANAI RUI",
        "isPrimeEligible": "1"
    },
    {
        "ASIN": "B09NRGNC71",
        "title": "Seed Spring Vitamin C Clay Mask, Green Tea Matcha Facial Mud Mask with Deep Cleaning Relaxing 4.78oz",
        "price": "$5.89",
        "listPrice": "",
        "imageUrl": "https://m.media-amazon.com/images/I/51WEibvmcBL._SL160_.jpg",
        "detailPageURL": "https://www.amazon.com/dp/B09NRGNC71",
        "rating": "4.3",
        "totalReviews": "55",
        "subtitle": "Seed Spring",
        "isPrimeEligible": "1"
    },
    {
        "ASIN": "B07YX69NCG",
        "title": "Aztec Premium, Indian Healing Clay 2 lb, Deep Pore Cleansing Face & Body Mask Powder, Sterilized Without Radiation, Chemicals or Preservatives, 100% Natural & Organic Calcium Bentonite Clay, 32 Ounce",
        "price": "$10.58 ($0.33 / Ounce)",
        "listPrice": "$15.99 ($0.50 / Ounce)",
        "imageUrl": "https://m.media-amazon.com/images/I/31gmTs1N+FL._SL160_.jpg",
        "detailPageURL": "https://www.amazon.com/dp/B07YX69NCG",
        "rating": "4.5",
        "totalReviews": "2456",
        "subtitle": "Aztec Premium",
        "isPrimeEligible": "1"
    },
    {
        "ASIN": "B0BRSNKVW5",
        "title": "5 Pcs Face Mask Skin Care Set for Deep Pore Cleansing Turmeric Vitamin C Clay Mask, Dead Sea Mud Mask, Rose Clay Mask for Face Masks Skincare Personal Skin Care Products Gifts Headbands for Women",
        "price": "$14.99 ($2.02 / Ounce)",
        "listPrice": "",
        "imageUrl": "https://m.media-amazon.com/images/I/51pyg4O+FBL._SL160_.jpg",
        "detailPageURL": "https://www.amazon.com/dp/B0BRSNKVW5",
        "rating": "4.2",
        "totalReviews": "70",
        "subtitle": "LUCOTIYA",
        "isPrimeEligible": "1"
    },
    {
        "ASIN": "B01KSIO76G",
        "title": "Kiehl's Rare Earth Deep Pore Cleansing Amazonian White Clay Mask, 0.95 Ounce",
        "price": "$26.89 ($28.31 / Ounce)",
        "listPrice": "",
        "imageUrl": "https://m.media-amazon.com/images/I/41JcaSiGi+L._SL160_.jpg",
        "detailPageURL": "https://www.amazon.com/dp/B01KSIO76G",
        "rating": "4.4",
        "totalReviews": "188",
        "subtitle": "Kiehl's",
        "isPrimeEligible": "1"
    },
    {
        "ASIN": "B07P6SV6W1",
        "title": "Aztec Secret - Version 1 Clay - 1 lb., 2.6 x 0.4 x 1.1 inch",
        "price": "$11.55 ($0.72 / Ounce)",
        "listPrice": "",
        "imageUrl": "https://m.media-amazon.com/images/I/41sNdHKjbBL._SL160_.jpg",
        "detailPageURL": "https://www.amazon.com/dp/B07P6SV6W1",
        "rating": "4.6",
        "totalReviews": "27878",
        "subtitle": "Aztec Secret",
        "isPrimeEligible": "1"
    },
    {
        "ASIN": "B0C3B5MT5G",
        "title": "jeosisy Clay Mask-Face Dead Sea Mud Mask,Green Tea Mud Mask,Purifying Pore,Remove Blackheads,Control Oil,Anti Aging,Brightening and Moisturizing,Facial Clay Mask Gift Sets for Women and Men-2.8Oz*2",
        "price": "$7.99 ($1.42 / Ounce)",
        "listPrice": "$8.99 ($1.59 / Ounce)",
        "imageUrl": "https://m.media-amazon.com/images/I/51SbLIqwyuL._SL160_.jpg",
        "detailPageURL": "https://www.amazon.com/dp/B0C3B5MT5G",
        "rating": "4.6",
        "totalReviews": "28",
        "subtitle": "jeosisy",
        "isPrimeEligible": "1"
    },
    {
        "ASIN": "B09MD9TZRN",
        "title": "Clamine Clay by mi nature | For Younger looking skin , Detoxifying Skin | 227g( 8 oz) ( 0.5 lb) | Facial Cleansing mask | Use to make Masks, Creams, Scrubs, Bath Bombs, Body Wash and Soaps (Calamine Clay)",
        "price": "$9.99 ($1.25 / Ounce)",
        "listPrice": "",
        "imageUrl": "https://m.media-amazon.com/images/I/41V51z9QhsL._SL160_.jpg",
        "detailPageURL": "https://www.amazon.com/dp/B09MD9TZRN",
        "rating": "4.9",
        "totalReviews": "43",
        "subtitle": "minature",
        "isPrimeEligible": "1"
    },
    {
        "ASIN": "B083F4KNSV",
        "title": "MAJESTIC PURE Himalayan Clay Mud Mask for Face and Body Exfoliating and Facial Acne Fighting Mask - Reduces Appearance of Pores, 10 oz",
        "price": "$14.59 ($1.46 / Ounce)",
        "listPrice": "$18.99 ($1.90 / Ounce)",
        "imageUrl": "https://m.media-amazon.com/images/I/51h8TvfzVeL._SL160_.jpg",
        "detailPageURL": "https://www.amazon.com/dp/B083F4KNSV",
        "rating": "4.5",
        "totalReviews": "4193",
        "subtitle": "MAJESTIC PURE",
        "isPrimeEligible": "1"
    },
    {
        "ASIN": "B09791CYKX",
        "title": "ANAIRUI Eggplant Kale Purifying Clay Facial Mask, Sensitive Soothing, Nourishing, Cleansing Mud Mask for Pores, Blackhead, Oily Skin, Vegan-Based Detox Spa Mask, 4.23 oz / 120g",
        "price": "$9.99 ($2.38 / Ounce)",
        "listPrice": "",
        "imageUrl": "https://m.media-amazon.com/images/I/51O+8qnLb2L._SL160_.jpg",
        "detailPageURL": "https://www.amazon.com/dp/B09791CYKX",
        "rating": "4.3",
        "totalReviews": "90",
        "subtitle": "ANAI RUI",
        "isPrimeEligible": "1"
    },
    {
        "ASIN": "B09NRGNC71",
        "title": "Seed Spring Vitamin C Clay Mask, Green Tea Matcha Facial Mud Mask with Deep Cleaning Relaxing 4.78oz",
        "price": "$5.89",
        "listPrice": "",
        "imageUrl": "https://m.media-amazon.com/images/I/51WEibvmcBL._SL160_.jpg",
        "detailPageURL": "https://www.amazon.com/dp/B09NRGNC71",
        "rating": "4.3",
        "totalReviews": "55",
        "subtitle": "Seed Spring",
        "isPrimeEligible": "1"
    },
    {
        "ASIN": "B07YX69NCG",
        "title": "Aztec Premium, Indian Healing Clay 2 lb, Deep Pore Cleansing Face & Body Mask Powder, Sterilized Without Radiation, Chemicals or Preservatives, 100% Natural & Organic Calcium Bentonite Clay, 32 Ounce",
        "price": "$10.58 ($0.33 / Ounce)",
        "listPrice": "$15.99 ($0.50 / Ounce)",
        "imageUrl": "https://m.media-amazon.com/images/I/31gmTs1N+FL._SL160_.jpg",
        "detailPageURL": "https://www.amazon.com/dp/B07YX69NCG",
        "rating": "4.5",
        "totalReviews": "2456",
        "subtitle": "Aztec Premium",
        "isPrimeEligible": "1"
    },
    {
        "ASIN": "B0BRSNKVW5",
        "title": "5 Pcs Face Mask Skin Care Set for Deep Pore Cleansing Turmeric Vitamin C Clay Mask, Dead Sea Mud Mask, Rose Clay Mask for Face Masks Skincare Personal Skin Care Products Gifts Headbands for Women",
        "price": "$14.99 ($2.02 / Ounce)",
        "listPrice": "",
        "imageUrl": "https://m.media-amazon.com/images/I/51pyg4O+FBL._SL160_.jpg",
        "detailPageURL": "https://www.amazon.com/dp/B0BRSNKVW5",
        "rating": "4.2",
        "totalReviews": "70",
        "subtitle": "LUCOTIYA",
        "isPrimeEligible": "1"
    },
    {
        "ASIN": "B01KSIO76G",
        "title": "Kiehl's Rare Earth Deep Pore Cleansing Amazonian White Clay Mask, 0.95 Ounce",
        "price": "$26.89 ($28.31 / Ounce)",
        "listPrice": "",
        "imageUrl": "https://m.media-amazon.com/images/I/41JcaSiGi+L._SL160_.jpg",
        "detailPageURL": "https://www.amazon.com/dp/B01KSIO76G",
        "rating": "4.4",
        "totalReviews": "188",
        "subtitle": "Kiehl's",
        "isPrimeEligible": "1"
    },
    {
        "ASIN": "B07P6SV6W1",
        "title": "Aztec Secret - Version 1 Clay - 1 lb., 2.6 x 0.4 x 1.1 inch",
        "price": "$11.55 ($0.72 / Ounce)",
        "listPrice": "",
        "imageUrl": "https://m.media-amazon.com/images/I/41sNdHKjbBL._SL160_.jpg",
        "detailPageURL": "https://www.amazon.com/dp/B07P6SV6W1",
        "rating": "4.6",
        "totalReviews": "27878",
        "subtitle": "Aztec Secret",
        "isPrimeEligible": "1"
    },
    {
        "ASIN": "B0C3B5MT5G",
        "title": "jeosisy Clay Mask-Face Dead Sea Mud Mask,Green Tea Mud Mask,Purifying Pore,Remove Blackheads,Control Oil,Anti Aging,Brightening and Moisturizing,Facial Clay Mask Gift Sets for Women and Men-2.8Oz*2",
        "price": "$7.99 ($1.42 / Ounce)",
        "listPrice": "$8.99 ($1.59 / Ounce)",
        "imageUrl": "https://m.media-amazon.com/images/I/51SbLIqwyuL._SL160_.jpg",
        "detailPageURL": "https://www.amazon.com/dp/B0C3B5MT5G",
        "rating": "4.6",
        "totalReviews": "28",
        "subtitle": "jeosisy",
        "isPrimeEligible": "1"
    },
    {
        "ASIN": "B015VVFZ4I",
        "title": "Charlotte Tilbury Goddess Skin Clay Mask 2.53 Oz.",
        "price": "$53.01 ($20.95 / Ounce)",
        "listPrice": "$59.99 ($23.71 / Ounce)",
        "imageUrl": "https://m.media-amazon.com/images/I/31YFRuSySxL._SL160_.jpg",
        "detailPageURL": "https://www.amazon.com/dp/B015VVFZ4I",
        "rating": "4.3",
        "totalReviews": "39",
        "subtitle": "CHARLOTTE TILBURY",
        "isPrimeEligible": "1"
    },
    {
        "ASIN": "B083F4KNSV",
        "title": "MAJESTIC PURE Himalayan Clay Mud Mask for Face and Body Exfoliating and Facial Acne Fighting Mask - Reduces Appearance of Pores, 10 oz",
        "price": "$14.59 ($1.46 / Ounce)",
        "listPrice": "$18.99 ($1.90 / Ounce)",
        "imageUrl": "https://m.media-amazon.com/images/I/51h8TvfzVeL._SL160_.jpg",
        "detailPageURL": "https://www.amazon.com/dp/B083F4KNSV",
        "rating": "4.5",
        "totalReviews": "4193",
        "subtitle": "MAJESTIC PURE",
        "isPrimeEligible": "1"
    },
    {
        "ASIN": "B09791CYKX",
        "title": "ANAIRUI Eggplant Kale Purifying Clay Facial Mask, Sensitive Soothing, Nourishing, Cleansing Mud Mask for Pores, Blackhead, Oily Skin, Vegan-Based Detox Spa Mask, 4.23 oz / 120g",
        "price": "$9.99 ($2.38 / Ounce)",
        "listPrice": "",
        "imageUrl": "https://m.media-amazon.com/images/I/51O+8qnLb2L._SL160_.jpg",
        "detailPageURL": "https://www.amazon.com/dp/B09791CYKX",
        "rating": "4.3",
        "totalReviews": "90",
        "subtitle": "ANAI RUI",
        "isPrimeEligible": "1"
    },
    {
        "ASIN": "B09NRGNC71",
        "title": "Seed Spring Vitamin C Clay Mask, Green Tea Matcha Facial Mud Mask with Deep Cleaning Relaxing 4.78oz",
        "price": "$5.89",
        "listPrice": "",
        "imageUrl": "https://m.media-amazon.com/images/I/51WEibvmcBL._SL160_.jpg",
        "detailPageURL": "https://www.amazon.com/dp/B09NRGNC71",
        "rating": "4.3",
        "totalReviews": "55",
        "subtitle": "Seed Spring",
        "isPrimeEligible": "1"
    },
    {
        "ASIN": "B07YX69NCG",
        "title": "Aztec Premium, Indian Healing Clay 2 lb, Deep Pore Cleansing Face & Body Mask Powder, Sterilized Without Radiation, Chemicals or Preservatives, 100% Natural & Organic Calcium Bentonite Clay, 32 Ounce",
        "price": "$10.58 ($0.33 / Ounce)",
        "listPrice": "$15.99 ($0.50 / Ounce)",
        "imageUrl": "https://m.media-amazon.com/images/I/31gmTs1N+FL._SL160_.jpg",
        "detailPageURL": "https://www.amazon.com/dp/B07YX69NCG",
        "rating": "4.5",
        "totalReviews": "2456",
        "subtitle": "Aztec Premium",
        "isPrimeEligible": "1"
    },
    {
        "ASIN": "B0BRSNKVW5",
        "title": "5 Pcs Face Mask Skin Care Set for Deep Pore Cleansing Turmeric Vitamin C Clay Mask, Dead Sea Mud Mask, Rose Clay Mask for Face Masks Skincare Personal Skin Care Products Gifts Headbands for Women",
        "price": "$14.99 ($2.02 / Ounce)",
        "listPrice": "",
        "imageUrl": "https://m.media-amazon.com/images/I/51pyg4O+FBL._SL160_.jpg",
        "detailPageURL": "https://www.amazon.com/dp/B0BRSNKVW5",
        "rating": "4.2",
        "totalReviews": "70",
        "subtitle": "LUCOTIYA",
        "isPrimeEligible": "1"
    },
    {
        "ASIN": "B01KSIO76G",
        "title": "Kiehl's Rare Earth Deep Pore Cleansing Amazonian White Clay Mask, 0.95 Ounce",
        "price": "$26.89 ($28.31 / Ounce)",
        "listPrice": "",
        "imageUrl": "https://m.media-amazon.com/images/I/41JcaSiGi+L._SL160_.jpg",
        "detailPageURL": "https://www.amazon.com/dp/B01KSIO76G",
        "rating": "4.4",
        "totalReviews": "188",
        "subtitle": "Kiehl's",
        "isPrimeEligible": "1"
    },
    {
        "ASIN": "B07P6SV6W1",
        "title": "Aztec Secret - Version 1 Clay - 1 lb., 2.6 x 0.4 x 1.1 inch",
        "price": "$11.55 ($0.72 / Ounce)",
        "listPrice": "",
        "imageUrl": "https://m.media-amazon.com/images/I/41sNdHKjbBL._SL160_.jpg",
        "detailPageURL": "https://www.amazon.com/dp/B07P6SV6W1",
        "rating": "4.6",
        "totalReviews": "27878",
        "subtitle": "Aztec Secret",
        "isPrimeEligible": "1"
    },
    {
        "ASIN": "B0C3B5MT5G",
        "title": "jeosisy Clay Mask-Face Dead Sea Mud Mask,Green Tea Mud Mask,Purifying Pore,Remove Blackheads,Control Oil,Anti Aging,Brightening and Moisturizing,Facial Clay Mask Gift Sets for Women and Men-2.8Oz*2",
        "price": "$7.99 ($1.42 / Ounce)",
        "listPrice": "$8.99 ($1.59 / Ounce)",
        "imageUrl": "https://m.media-amazon.com/images/I/51SbLIqwyuL._SL160_.jpg",
        "detailPageURL": "https://www.amazon.com/dp/B0C3B5MT5G",
        "rating": "4.6",
        "totalReviews": "28",
        "subtitle": "jeosisy",
        "isPrimeEligible": "1"
    },
    {
        "ASIN": "B015VVFZ4I",
        "title": "Charlotte Tilbury Goddess Skin Clay Mask 2.53 Oz.",
        "price": "$53.01 ($20.95 / Ounce)",
        "listPrice": "$59.99 ($23.71 / Ounce)",
        "imageUrl": "https://m.media-amazon.com/images/I/31YFRuSySxL._SL160_.jpg",
        "detailPageURL": "https://www.amazon.com/dp/B015VVFZ4I",
        "rating": "4.3",
        "totalReviews": "39",
        "subtitle": "CHARLOTTE TILBURY",
        "isPrimeEligible": "1"
    },
    {
        "ASIN": "B0BZGYRT2X",
        "title": "Green Tea Mud Mask - Green Tea Deep Cleanse Mask for Pore Cleansing & Moisturizing & Hydrating & Refreshing, Antioxidant Green Tea Face Mask Improves Overall Complexion, Clay Mask for All Skin Types",
        "price": "$9.99 ($2.84 / Ounce)",
        "listPrice": "$11.99 ($3.41 / Ounce)",
        "imageUrl": "https://m.media-amazon.com/images/I/41sbcFwltXL._SL160_.jpg",
        "detailPageURL": "https://www.amazon.com/dp/B0BZGYRT2X",
        "rating": "4.3",
        "totalReviews": "29",
        "subtitle": "ROPALIA",
        "isPrimeEligible": "1"
    },
    {
        "ASIN": "B09791CYKX",
        "title": "ANAIRUI Eggplant Kale Purifying Clay Facial Mask, Sensitive Soothing, Nourishing, Cleansing Mud Mask for Pores, Blackhead, Oily Skin, Vegan-Based Detox Spa Mask, 4.23 oz / 120g",
        "price": "$9.99 ($2.38 / Ounce)",
        "listPrice": "",
        "imageUrl": "https://m.media-amazon.com/images/I/51O+8qnLb2L._SL160_.jpg",
        "detailPageURL": "https://www.amazon.com/dp/B09791CYKX",
        "rating": "4.3",
        "totalReviews": "90",
        "subtitle": "ANAI RUI",
        "isPrimeEligible": "1"
    },
    {
        "ASIN": "B09NRGNC71",
        "title": "Seed Spring Vitamin C Clay Mask, Green Tea Matcha Facial Mud Mask with Deep Cleaning Relaxing 4.78oz",
        "price": "$5.89",
        "listPrice": "",
        "imageUrl": "https://m.media-amazon.com/images/I/51WEibvmcBL._SL160_.jpg",
        "detailPageURL": "https://www.amazon.com/dp/B09NRGNC71",
        "rating": "4.3",
        "totalReviews": "55",
        "subtitle": "Seed Spring",
        "isPrimeEligible": "1"
    },
    {
        "ASIN": "B07YX69NCG",
        "title": "Aztec Premium, Indian Healing Clay 2 lb, Deep Pore Cleansing Face & Body Mask Powder, Sterilized Without Radiation, Chemicals or Preservatives, 100% Natural & Organic Calcium Bentonite Clay, 32 Ounce",
        "price": "$10.58 ($0.33 / Ounce)",
        "listPrice": "$15.99 ($0.50 / Ounce)",
        "imageUrl": "https://m.media-amazon.com/images/I/31gmTs1N+FL._SL160_.jpg",
        "detailPageURL": "https://www.amazon.com/dp/B07YX69NCG",
        "rating": "4.5",
        "totalReviews": "2456",
        "subtitle": "Aztec Premium",
        "isPrimeEligible": "1"
    },
    {
        "ASIN": "B0BRSNKVW5",
        "title": "5 Pcs Face Mask Skin Care Set for Deep Pore Cleansing Turmeric Vitamin C Clay Mask, Dead Sea Mud Mask, Rose Clay Mask for Face Masks Skincare Personal Skin Care Products Gifts Headbands for Women",
        "price": "$14.99 ($2.02 / Ounce)",
        "listPrice": "",
        "imageUrl": "https://m.media-amazon.com/images/I/51pyg4O+FBL._SL160_.jpg",
        "detailPageURL": "https://www.amazon.com/dp/B0BRSNKVW5",
        "rating": "4.2",
        "totalReviews": "70",
        "subtitle": "LUCOTIYA",
        "isPrimeEligible": "1"
    },
    {
        "ASIN": "B01KSIO76G",
        "title": "Kiehl's Rare Earth Deep Pore Cleansing Amazonian White Clay Mask, 0.95 Ounce",
        "price": "$26.89 ($28.31 / Ounce)",
        "listPrice": "",
        "imageUrl": "https://m.media-amazon.com/images/I/41JcaSiGi+L._SL160_.jpg",
        "detailPageURL": "https://www.amazon.com/dp/B01KSIO76G",
        "rating": "4.4",
        "totalReviews": "188",
        "subtitle": "Kiehl's",
        "isPrimeEligible": "1"
    },
    {
        "ASIN": "B07P6SV6W1",
        "title": "Aztec Secret - Version 1 Clay - 1 lb., 2.6 x 0.4 x 1.1 inch",
        "price": "$11.55 ($0.72 / Ounce)",
        "listPrice": "",
        "imageUrl": "https://m.media-amazon.com/images/I/41sNdHKjbBL._SL160_.jpg",
        "detailPageURL": "https://www.amazon.com/dp/B07P6SV6W1",
        "rating": "4.6",
        "totalReviews": "27878",
        "subtitle": "Aztec Secret",
        "isPrimeEligible": "1"
    },
    {
        "ASIN": "B0C3B5MT5G",
        "title": "jeosisy Clay Mask-Face Dead Sea Mud Mask,Green Tea Mud Mask,Purifying Pore,Remove Blackheads,Control Oil,Anti Aging,Brightening and Moisturizing,Facial Clay Mask Gift Sets for Women and Men-2.8Oz*2",
        "price": "$7.99 ($1.42 / Ounce)",
        "listPrice": "$8.99 ($1.59 / Ounce)",
        "imageUrl": "https://m.media-amazon.com/images/I/51SbLIqwyuL._SL160_.jpg",
        "detailPageURL": "https://www.amazon.com/dp/B0C3B5MT5G",
        "rating": "4.6",
        "totalReviews": "28",
        "subtitle": "jeosisy",
        "isPrimeEligible": "1"
    },
    {
        "ASIN": "B015VVFZ4I",
        "title": "Charlotte Tilbury Goddess Skin Clay Mask 2.53 Oz.",
        "price": "$53.01 ($20.95 / Ounce)",
        "listPrice": "$59.99 ($23.71 / Ounce)",
        "imageUrl": "https://m.media-amazon.com/images/I/31YFRuSySxL._SL160_.jpg",
        "detailPageURL": "https://www.amazon.com/dp/B015VVFZ4I",
        "rating": "4.3",
        "totalReviews": "39",
        "subtitle": "CHARLOTTE TILBURY",
        "isPrimeEligible": "1"
    },
    {
        "ASIN": "B0BZGYRT2X",
        "title": "Green Tea Mud Mask - Green Tea Deep Cleanse Mask for Pore Cleansing & Moisturizing & Hydrating & Refreshing, Antioxidant Green Tea Face Mask Improves Overall Complexion, Clay Mask for All Skin Types",
        "price": "$9.99 ($2.84 / Ounce)",
        "listPrice": "$11.99 ($3.41 / Ounce)",
        "imageUrl": "https://m.media-amazon.com/images/I/41sbcFwltXL._SL160_.jpg",
        "detailPageURL": "https://www.amazon.com/dp/B0BZGYRT2X",
        "rating": "4.3",
        "totalReviews": "29",
        "subtitle": "ROPALIA",
        "isPrimeEligible": "1"
    },
    {
        "ASIN": "B07PG5MG98",
        "title": "Pacifica Cosmic Clay Face Mask Unisex 1.18 oz",
        "price": "$6.00 ($5.08 / Ounce)",
        "listPrice": "",
        "imageUrl": "https://m.media-amazon.com/images/I/415ekGmmO9L._SL160_.jpg",
        "detailPageURL": "https://www.amazon.com/dp/B07PG5MG98",
        "rating": "4.6",
        "totalReviews": "277",
        "subtitle": "Pacifica",
        "isPrimeEligible": "1"
    },
    {
        "ASIN": "B09NRGNC71",
        "title": "Seed Spring Vitamin C Clay Mask, Green Tea Matcha Facial Mud Mask with Deep Cleaning Relaxing 4.78oz",
        "price": "$5.89",
        "listPrice": "",
        "imageUrl": "https://m.media-amazon.com/images/I/51WEibvmcBL._SL160_.jpg",
        "detailPageURL": "https://www.amazon.com/dp/B09NRGNC71",
        "rating": "4.3",
        "totalReviews": "55",
        "subtitle": "Seed Spring",
        "isPrimeEligible": "1"
    },
    {
        "ASIN": "B07YX69NCG",
        "title": "Aztec Premium, Indian Healing Clay 2 lb, Deep Pore Cleansing Face & Body Mask Powder, Sterilized Without Radiation, Chemicals or Preservatives, 100% Natural & Organic Calcium Bentonite Clay, 32 Ounce",
        "price": "$10.58 ($0.33 / Ounce)",
        "listPrice": "$15.99 ($0.50 / Ounce)",
        "imageUrl": "https://m.media-amazon.com/images/I/31gmTs1N+FL._SL160_.jpg",
        "detailPageURL": "https://www.amazon.com/dp/B07YX69NCG",
        "rating": "4.5",
        "totalReviews": "2456",
        "subtitle": "Aztec Premium",
        "isPrimeEligible": "1"
    },
    {
        "ASIN": "B0BRSNKVW5",
        "title": "5 Pcs Face Mask Skin Care Set for Deep Pore Cleansing Turmeric Vitamin C Clay Mask, Dead Sea Mud Mask, Rose Clay Mask for Face Masks Skincare Personal Skin Care Products Gifts Headbands for Women",
        "price": "$14.99 ($2.02 / Ounce)",
        "listPrice": "",
        "imageUrl": "https://m.media-amazon.com/images/I/51pyg4O+FBL._SL160_.jpg",
        "detailPageURL": "https://www.amazon.com/dp/B0BRSNKVW5",
        "rating": "4.2",
        "totalReviews": "70",
        "subtitle": "LUCOTIYA",
        "isPrimeEligible": "1"
    },
    {
        "ASIN": "B01KSIO76G",
        "title": "Kiehl's Rare Earth Deep Pore Cleansing Amazonian White Clay Mask, 0.95 Ounce",
        "price": "$26.89 ($28.31 / Ounce)",
        "listPrice": "",
        "imageUrl": "https://m.media-amazon.com/images/I/41JcaSiGi+L._SL160_.jpg",
        "detailPageURL": "https://www.amazon.com/dp/B01KSIO76G",
        "rating": "4.4",
        "totalReviews": "188",
        "subtitle": "Kiehl's",
        "isPrimeEligible": "1"
    },
    {
        "ASIN": "B07P6SV6W1",
        "title": "Aztec Secret - Version 1 Clay - 1 lb., 2.6 x 0.4 x 1.1 inch",
        "price": "$11.55 ($0.72 / Ounce)",
        "listPrice": "",
        "imageUrl": "https://m.media-amazon.com/images/I/41sNdHKjbBL._SL160_.jpg",
        "detailPageURL": "https://www.amazon.com/dp/B07P6SV6W1",
        "rating": "4.6",
        "totalReviews": "27878",
        "subtitle": "Aztec Secret",
        "isPrimeEligible": "1"
    },
    {
        "ASIN": "B0C3B5MT5G",
        "title": "jeosisy Clay Mask-Face Dead Sea Mud Mask,Green Tea Mud Mask,Purifying Pore,Remove Blackheads,Control Oil,Anti Aging,Brightening and Moisturizing,Facial Clay Mask Gift Sets for Women and Men-2.8Oz*2",
        "price": "$7.99 ($1.42 / Ounce)",
        "listPrice": "$8.99 ($1.59 / Ounce)",
        "imageUrl": "https://m.media-amazon.com/images/I/51SbLIqwyuL._SL160_.jpg",
        "detailPageURL": "https://www.amazon.com/dp/B0C3B5MT5G",
        "rating": "4.6",
        "totalReviews": "28",
        "subtitle": "jeosisy",
        "isPrimeEligible": "1"
    },
    {
        "ASIN": "B015VVFZ4I",
        "title": "Charlotte Tilbury Goddess Skin Clay Mask 2.53 Oz.",
        "price": "$53.01 ($20.95 / Ounce)",
        "listPrice": "$59.99 ($23.71 / Ounce)",
        "imageUrl": "https://m.media-amazon.com/images/I/31YFRuSySxL._SL160_.jpg",
        "detailPageURL": "https://www.amazon.com/dp/B015VVFZ4I",
        "rating": "4.3",
        "totalReviews": "39",
        "subtitle": "CHARLOTTE TILBURY",
        "isPrimeEligible": "1"
    },
    {
        "ASIN": "B0BZGYRT2X",
        "title": "Green Tea Mud Mask - Green Tea Deep Cleanse Mask for Pore Cleansing & Moisturizing & Hydrating & Refreshing, Antioxidant Green Tea Face Mask Improves Overall Complexion, Clay Mask for All Skin Types",
        "price": "$9.99 ($2.84 / Ounce)",
        "listPrice": "$11.99 ($3.41 / Ounce)",
        "imageUrl": "https://m.media-amazon.com/images/I/41sbcFwltXL._SL160_.jpg",
        "detailPageURL": "https://www.amazon.com/dp/B0BZGYRT2X",
        "rating": "4.3",
        "totalReviews": "29",
        "subtitle": "ROPALIA",
        "isPrimeEligible": "1"
    },
    {
        "ASIN": "B07PG5MG98",
        "title": "Pacifica Cosmic Clay Face Mask Unisex 1.18 oz",
        "price": "$6.00 ($5.08 / Ounce)",
        "listPrice": "",
        "imageUrl": "https://m.media-amazon.com/images/I/415ekGmmO9L._SL160_.jpg",
        "detailPageURL": "https://www.amazon.com/dp/B07PG5MG98",
        "rating": "4.6",
        "totalReviews": "277",
        "subtitle": "Pacifica",
        "isPrimeEligible": "1"
    },
    {
        "ASIN": "B09MN94BZW",
        "title": "Ola Loko Mud Mask, Clay Mask for Face and Skin, Detox Mask Skin Care, Exfoliating Face Mask, Deeply Cleans And Purify Pores For Clear And Glowing Skin, 8.5 Fl Oz",
        "price": "$6.99 ($0.82 / Ounce)",
        "listPrice": "$8.99 ($1.06 / Ounce)",
        "imageUrl": "https://m.media-amazon.com/images/I/41MOksA5mrL._SL160_.jpg",
        "detailPageURL": "https://www.amazon.com/dp/B09MN94BZW",
        "rating": "4.2",
        "totalReviews": "169",
        "subtitle": "Ola Loko",
        "isPrimeEligible": "1"
    },
    {
        "ASIN": "B07YX69NCG",
        "title": "Aztec Premium, Indian Healing Clay 2 lb, Deep Pore Cleansing Face & Body Mask Powder, Sterilized Without Radiation, Chemicals or Preservatives, 100% Natural & Organic Calcium Bentonite Clay, 32 Ounce",
        "price": "$10.58 ($0.33 / Ounce)",
        "listPrice": "$15.99 ($0.50 / Ounce)",
        "imageUrl": "https://m.media-amazon.com/images/I/31gmTs1N+FL._SL160_.jpg",
        "detailPageURL": "https://www.amazon.com/dp/B07YX69NCG",
        "rating": "4.5",
        "totalReviews": "2456",
        "subtitle": "Aztec Premium",
        "isPrimeEligible": "1"
    },
    {
        "ASIN": "B0BRSNKVW5",
        "title": "5 Pcs Face Mask Skin Care Set for Deep Pore Cleansing Turmeric Vitamin C Clay Mask, Dead Sea Mud Mask, Rose Clay Mask for Face Masks Skincare Personal Skin Care Products Gifts Headbands for Women",
        "price": "$14.99 ($2.02 / Ounce)",
        "listPrice": "",
        "imageUrl": "https://m.media-amazon.com/images/I/51pyg4O+FBL._SL160_.jpg",
        "detailPageURL": "https://www.amazon.com/dp/B0BRSNKVW5",
        "rating": "4.2",
        "totalReviews": "70",
        "subtitle": "LUCOTIYA",
        "isPrimeEligible": "1"
    },
    {
        "ASIN": "B01KSIO76G",
        "title": "Kiehl's Rare Earth Deep Pore Cleansing Amazonian White Clay Mask, 0.95 Ounce",
        "price": "$26.89 ($28.31 / Ounce)",
        "listPrice": "",
        "imageUrl": "https://m.media-amazon.com/images/I/41JcaSiGi+L._SL160_.jpg",
        "detailPageURL": "https://www.amazon.com/dp/B01KSIO76G",
        "rating": "4.4",
        "totalReviews": "188",
        "subtitle": "Kiehl's",
        "isPrimeEligible": "1"
    },
    {
        "ASIN": "B07P6SV6W1",
        "title": "Aztec Secret - Version 1 Clay - 1 lb., 2.6 x 0.4 x 1.1 inch",
        "price": "$11.55 ($0.72 / Ounce)",
        "listPrice": "",
        "imageUrl": "https://m.media-amazon.com/images/I/41sNdHKjbBL._SL160_.jpg",
        "detailPageURL": "https://www.amazon.com/dp/B07P6SV6W1",
        "rating": "4.6",
        "totalReviews": "27878",
        "subtitle": "Aztec Secret",
        "isPrimeEligible": "1"
    },
    {
        "ASIN": "B0C3B5MT5G",
        "title": "jeosisy Clay Mask-Face Dead Sea Mud Mask,Green Tea Mud Mask,Purifying Pore,Remove Blackheads,Control Oil,Anti Aging,Brightening and Moisturizing,Facial Clay Mask Gift Sets for Women and Men-2.8Oz*2",
        "price": "$7.99 ($1.42 / Ounce)",
        "listPrice": "$8.99 ($1.59 / Ounce)",
        "imageUrl": "https://m.media-amazon.com/images/I/51SbLIqwyuL._SL160_.jpg",
        "detailPageURL": "https://www.amazon.com/dp/B0C3B5MT5G",
        "rating": "4.6",
        "totalReviews": "28",
        "subtitle": "jeosisy",
        "isPrimeEligible": "1"
    },
    {
        "ASIN": "B015VVFZ4I",
        "title": "Charlotte Tilbury Goddess Skin Clay Mask 2.53 Oz.",
        "price": "$53.01 ($20.95 / Ounce)",
        "listPrice": "$59.99 ($23.71 / Ounce)",
        "imageUrl": "https://m.media-amazon.com/images/I/31YFRuSySxL._SL160_.jpg",
        "detailPageURL": "https://www.amazon.com/dp/B015VVFZ4I",
        "rating": "4.3",
        "totalReviews": "39",
        "subtitle": "CHARLOTTE TILBURY",
        "isPrimeEligible": "1"
    },
    {
        "ASIN": "B0BZGYRT2X",
        "title": "Green Tea Mud Mask - Green Tea Deep Cleanse Mask for Pore Cleansing & Moisturizing & Hydrating & Refreshing, Antioxidant Green Tea Face Mask Improves Overall Complexion, Clay Mask for All Skin Types",
        "price": "$9.99 ($2.84 / Ounce)",
        "listPrice": "$11.99 ($3.41 / Ounce)",
        "imageUrl": "https://m.media-amazon.com/images/I/41sbcFwltXL._SL160_.jpg",
        "detailPageURL": "https://www.amazon.com/dp/B0BZGYRT2X",
        "rating": "4.3",
        "totalReviews": "29",
        "subtitle": "ROPALIA",
        "isPrimeEligible": "1"
    },
    {
        "ASIN": "B07PG5MG98",
        "title": "Pacifica Cosmic Clay Face Mask Unisex 1.18 oz",
        "price": "$6.00 ($5.08 / Ounce)",
        "listPrice": "",
        "imageUrl": "https://m.media-amazon.com/images/I/415ekGmmO9L._SL160_.jpg",
        "detailPageURL": "https://www.amazon.com/dp/B07PG5MG98",
        "rating": "4.6",
        "totalReviews": "277",
        "subtitle": "Pacifica",
        "isPrimeEligible": "1"
    },
    {
        "ASIN": "B09MN94BZW",
        "title": "Ola Loko Mud Mask, Clay Mask for Face and Skin, Detox Mask Skin Care, Exfoliating Face Mask, Deeply Cleans And Purify Pores For Clear And Glowing Skin, 8.5 Fl Oz",
        "price": "$6.99 ($0.82 / Ounce)",
        "listPrice": "$8.99 ($1.06 / Ounce)",
        "imageUrl": "https://m.media-amazon.com/images/I/41MOksA5mrL._SL160_.jpg",
        "detailPageURL": "https://www.amazon.com/dp/B09MN94BZW",
        "rating": "4.2",
        "totalReviews": "169",
        "subtitle": "Ola Loko",
        "isPrimeEligible": "1"
    },
    {
        "ASIN": "B093SJ2GBV",
        "title": "Turmeric Clay Stick Mask, Organic, Vitamin C Purifying Mask for Blackhead Cleansing, Healing, Clay Mud Mask for Deep Clean Pore, Improve Skin Acne Scars Facial Mask With Blackhead Remover Extractor ToolS",
        "price": "$9.99 ($7.08 / Ounce)",
        "listPrice": "",
        "imageUrl": "https://m.media-amazon.com/images/I/519ntSSpuEL._SL160_.jpg",
        "detailPageURL": "https://www.amazon.com/dp/B093SJ2GBV",
        "rating": "4.0",
        "totalReviews": "2082",
        "subtitle": "POP MODERN.C",
        "isPrimeEligible": "1"
    },
    {
        "ASIN": "B0BRSNKVW5",
        "title": "5 Pcs Face Mask Skin Care Set for Deep Pore Cleansing Turmeric Vitamin C Clay Mask, Dead Sea Mud Mask, Rose Clay Mask for Face Masks Skincare Personal Skin Care Products Gifts Headbands for Women",
        "price": "$14.99 ($2.02 / Ounce)",
        "listPrice": "",
        "imageUrl": "https://m.media-amazon.com/images/I/51pyg4O+FBL._SL160_.jpg",
        "detailPageURL": "https://www.amazon.com/dp/B0BRSNKVW5",
        "rating": "4.2",
        "totalReviews": "70",
        "subtitle": "LUCOTIYA",
        "isPrimeEligible": "1"
    },
    {
        "ASIN": "B01KSIO76G",
        "title": "Kiehl's Rare Earth Deep Pore Cleansing Amazonian White Clay Mask, 0.95 Ounce",
        "price": "$26.89 ($28.31 / Ounce)",
        "listPrice": "",
        "imageUrl": "https://m.media-amazon.com/images/I/41JcaSiGi+L._SL160_.jpg",
        "detailPageURL": "https://www.amazon.com/dp/B01KSIO76G",
        "rating": "4.4",
        "totalReviews": "188",
        "subtitle": "Kiehl's",
        "isPrimeEligible": "1"
    },
    {
        "ASIN": "B07P6SV6W1",
        "title": "Aztec Secret - Version 1 Clay - 1 lb., 2.6 x 0.4 x 1.1 inch",
        "price": "$11.55 ($0.72 / Ounce)",
        "listPrice": "",
        "imageUrl": "https://m.media-amazon.com/images/I/41sNdHKjbBL._SL160_.jpg",
        "detailPageURL": "https://www.amazon.com/dp/B07P6SV6W1",
        "rating": "4.6",
        "totalReviews": "27878",
        "subtitle": "Aztec Secret",
        "isPrimeEligible": "1"
    },
    {
        "ASIN": "B0C3B5MT5G",
        "title": "jeosisy Clay Mask-Face Dead Sea Mud Mask,Green Tea Mud Mask,Purifying Pore,Remove Blackheads,Control Oil,Anti Aging,Brightening and Moisturizing,Facial Clay Mask Gift Sets for Women and Men-2.8Oz*2",
        "price": "$7.99 ($1.42 / Ounce)",
        "listPrice": "$8.99 ($1.59 / Ounce)",
        "imageUrl": "https://m.media-amazon.com/images/I/51SbLIqwyuL._SL160_.jpg",
        "detailPageURL": "https://www.amazon.com/dp/B0C3B5MT5G",
        "rating": "4.6",
        "totalReviews": "28",
        "subtitle": "jeosisy",
        "isPrimeEligible": "1"
    },
    {
        "ASIN": "B015VVFZ4I",
        "title": "Charlotte Tilbury Goddess Skin Clay Mask 2.53 Oz.",
        "price": "$53.01 ($20.95 / Ounce)",
        "listPrice": "$59.99 ($23.71 / Ounce)",
        "imageUrl": "https://m.media-amazon.com/images/I/31YFRuSySxL._SL160_.jpg",
        "detailPageURL": "https://www.amazon.com/dp/B015VVFZ4I",
        "rating": "4.3",
        "totalReviews": "39",
        "subtitle": "CHARLOTTE TILBURY",
        "isPrimeEligible": "1"
    },
    {
        "ASIN": "B0BZGYRT2X",
        "title": "Green Tea Mud Mask - Green Tea Deep Cleanse Mask for Pore Cleansing & Moisturizing & Hydrating & Refreshing, Antioxidant Green Tea Face Mask Improves Overall Complexion, Clay Mask for All Skin Types",
        "price": "$9.99 ($2.84 / Ounce)",
        "listPrice": "$11.99 ($3.41 / Ounce)",
        "imageUrl": "https://m.media-amazon.com/images/I/41sbcFwltXL._SL160_.jpg",
        "detailPageURL": "https://www.amazon.com/dp/B0BZGYRT2X",
        "rating": "4.3",
        "totalReviews": "29",
        "subtitle": "ROPALIA",
        "isPrimeEligible": "1"
    },
    {
        "ASIN": "B07PG5MG98",
        "title": "Pacifica Cosmic Clay Face Mask Unisex 1.18 oz",
        "price": "$6.00 ($5.08 / Ounce)",
        "listPrice": "",
        "imageUrl": "https://m.media-amazon.com/images/I/415ekGmmO9L._SL160_.jpg",
        "detailPageURL": "https://www.amazon.com/dp/B07PG5MG98",
        "rating": "4.6",
        "totalReviews": "277",
        "subtitle": "Pacifica",
        "isPrimeEligible": "1"
    },
    {
        "ASIN": "B09MN94BZW",
        "title": "Ola Loko Mud Mask, Clay Mask for Face and Skin, Detox Mask Skin Care, Exfoliating Face Mask, Deeply Cleans And Purify Pores For Clear And Glowing Skin, 8.5 Fl Oz",
        "price": "$6.99 ($0.82 / Ounce)",
        "listPrice": "$8.99 ($1.06 / Ounce)",
        "imageUrl": "https://m.media-amazon.com/images/I/41MOksA5mrL._SL160_.jpg",
        "detailPageURL": "https://www.amazon.com/dp/B09MN94BZW",
        "rating": "4.2",
        "totalReviews": "169",
        "subtitle": "Ola Loko",
        "isPrimeEligible": "1"
    },
    {
        "ASIN": "B093SJ2GBV",
        "title": "Turmeric Clay Stick Mask, Organic, Vitamin C Purifying Mask for Blackhead Cleansing, Healing, Clay Mud Mask for Deep Clean Pore, Improve Skin Acne Scars Facial Mask With Blackhead Remover Extractor ToolS",
        "price": "$9.99 ($7.08 / Ounce)",
        "listPrice": "",
        "imageUrl": "https://m.media-amazon.com/images/I/519ntSSpuEL._SL160_.jpg",
        "detailPageURL": "https://www.amazon.com/dp/B093SJ2GBV",
        "rating": "4.0",
        "totalReviews": "2082",
        "subtitle": "POP MODERN.C",
        "isPrimeEligible": "1"
    },
    {
        "ASIN": "B07ZPHJNVC",
        "title": "Mayan Magic Mud Powerful Deep Pore Cleansing Calcium Bentonite Clay - 1 lb - Natural Face Mask Peel for Men and Women - USA Made Full Facial Skin Care - Spa Level Skin Cleanser Beauty Products",
        "price": "$9.39 ($0.59 / Ounce)",
        "listPrice": "$9.99 ($0.62 / Ounce)",
        "imageUrl": "https://m.media-amazon.com/images/I/51QbfXijm7L._SL160_.jpg",
        "detailPageURL": "https://www.amazon.com/dp/B07ZPHJNVC",
        "rating": "4.4",
        "totalReviews": "1371",
        "subtitle": "Mayan Magic Mud",
        "isPrimeEligible": "1"
    },
    {
        "ASIN": "B01KSIO76G",
        "title": "Kiehl's Rare Earth Deep Pore Cleansing Amazonian White Clay Mask, 0.95 Ounce",
        "price": "$26.89 ($28.31 / Ounce)",
        "listPrice": "",
        "imageUrl": "https://m.media-amazon.com/images/I/41JcaSiGi+L._SL160_.jpg",
        "detailPageURL": "https://www.amazon.com/dp/B01KSIO76G",
        "rating": "4.4",
        "totalReviews": "188",
        "subtitle": "Kiehl's",
        "isPrimeEligible": "1"
    },
    {
        "ASIN": "B07P6SV6W1",
        "title": "Aztec Secret - Version 1 Clay - 1 lb., 2.6 x 0.4 x 1.1 inch",
        "price": "$11.55 ($0.72 / Ounce)",
        "listPrice": "",
        "imageUrl": "https://m.media-amazon.com/images/I/41sNdHKjbBL._SL160_.jpg",
        "detailPageURL": "https://www.amazon.com/dp/B07P6SV6W1",
        "rating": "4.6",
        "totalReviews": "27878",
        "subtitle": "Aztec Secret",
        "isPrimeEligible": "1"
    },
    {
        "ASIN": "B0C3B5MT5G",
        "title": "jeosisy Clay Mask-Face Dead Sea Mud Mask,Green Tea Mud Mask,Purifying Pore,Remove Blackheads,Control Oil,Anti Aging,Brightening and Moisturizing,Facial Clay Mask Gift Sets for Women and Men-2.8Oz*2",
        "price": "$7.99 ($1.42 / Ounce)",
        "listPrice": "$8.99 ($1.59 / Ounce)",
        "imageUrl": "https://m.media-amazon.com/images/I/51SbLIqwyuL._SL160_.jpg",
        "detailPageURL": "https://www.amazon.com/dp/B0C3B5MT5G",
        "rating": "4.6",
        "totalReviews": "28",
        "subtitle": "jeosisy",
        "isPrimeEligible": "1"
    },
    {
        "ASIN": "B015VVFZ4I",
        "title": "Charlotte Tilbury Goddess Skin Clay Mask 2.53 Oz.",
        "price": "$53.01 ($20.95 / Ounce)",
        "listPrice": "$59.99 ($23.71 / Ounce)",
        "imageUrl": "https://m.media-amazon.com/images/I/31YFRuSySxL._SL160_.jpg",
        "detailPageURL": "https://www.amazon.com/dp/B015VVFZ4I",
        "rating": "4.3",
        "totalReviews": "39",
        "subtitle": "CHARLOTTE TILBURY",
        "isPrimeEligible": "1"
    },
    {
        "ASIN": "B0BZGYRT2X",
        "title": "Green Tea Mud Mask - Green Tea Deep Cleanse Mask for Pore Cleansing & Moisturizing & Hydrating & Refreshing, Antioxidant Green Tea Face Mask Improves Overall Complexion, Clay Mask for All Skin Types",
        "price": "$9.99 ($2.84 / Ounce)",
        "listPrice": "$11.99 ($3.41 / Ounce)",
        "imageUrl": "https://m.media-amazon.com/images/I/41sbcFwltXL._SL160_.jpg",
        "detailPageURL": "https://www.amazon.com/dp/B0BZGYRT2X",
        "rating": "4.3",
        "totalReviews": "29",
        "subtitle": "ROPALIA",
        "isPrimeEligible": "1"
    },
    {
        "ASIN": "B07PG5MG98",
        "title": "Pacifica Cosmic Clay Face Mask Unisex 1.18 oz",
        "price": "$6.00 ($5.08 / Ounce)",
        "listPrice": "",
        "imageUrl": "https://m.media-amazon.com/images/I/415ekGmmO9L._SL160_.jpg",
        "detailPageURL": "https://www.amazon.com/dp/B07PG5MG98",
        "rating": "4.6",
        "totalReviews": "277",
        "subtitle": "Pacifica",
        "isPrimeEligible": "1"
    },
    {
        "ASIN": "B09MN94BZW",
        "title": "Ola Loko Mud Mask, Clay Mask for Face and Skin, Detox Mask Skin Care, Exfoliating Face Mask, Deeply Cleans And Purify Pores For Clear And Glowing Skin, 8.5 Fl Oz",
        "price": "$6.99 ($0.82 / Ounce)",
        "listPrice": "$8.99 ($1.06 / Ounce)",
        "imageUrl": "https://m.media-amazon.com/images/I/41MOksA5mrL._SL160_.jpg",
        "detailPageURL": "https://www.amazon.com/dp/B09MN94BZW",
        "rating": "4.2",
        "totalReviews": "169",
        "subtitle": "Ola Loko",
        "isPrimeEligible": "1"
    },
    {
        "ASIN": "B093SJ2GBV",
        "title": "Turmeric Clay Stick Mask, Organic, Vitamin C Purifying Mask for Blackhead Cleansing, Healing, Clay Mud Mask for Deep Clean Pore, Improve Skin Acne Scars Facial Mask With Blackhead Remover Extractor ToolS",
        "price": "$9.99 ($7.08 / Ounce)",
        "listPrice": "",
        "imageUrl": "https://m.media-amazon.com/images/I/519ntSSpuEL._SL160_.jpg",
        "detailPageURL": "https://www.amazon.com/dp/B093SJ2GBV",
        "rating": "4.0",
        "totalReviews": "2082",
        "subtitle": "POP MODERN.C",
        "isPrimeEligible": "1"
    },
    {
        "ASIN": "B07ZPHJNVC",
        "title": "Mayan Magic Mud Powerful Deep Pore Cleansing Calcium Bentonite Clay - 1 lb - Natural Face Mask Peel for Men and Women - USA Made Full Facial Skin Care - Spa Level Skin Cleanser Beauty Products",
        "price": "$9.39 ($0.59 / Ounce)",
        "listPrice": "$9.99 ($0.62 / Ounce)",
        "imageUrl": "https://m.media-amazon.com/images/I/51QbfXijm7L._SL160_.jpg",
        "detailPageURL": "https://www.amazon.com/dp/B07ZPHJNVC",
        "rating": "4.4",
        "totalReviews": "1371",
        "subtitle": "Mayan Magic Mud",
        "isPrimeEligible": "1"
    },
    {
        "ASIN": "B00CZA87MQ",
        "title": "Freeman Feeling Beautiful Facial Clay Masque Avocado & Oatmeal 6 oz (Pack of 2)",
        "price": "$9.97 ($0.83 / Fl Oz)",
        "listPrice": "",
        "imageUrl": "https://m.media-amazon.com/images/I/514eN2M2IzL._SL160_.jpg",
        "detailPageURL": "https://www.amazon.com/dp/B00CZA87MQ",
        "rating": "4.7",
        "totalReviews": "611",
        "subtitle": "FREEMAN",
        "isPrimeEligible": "1"
    },
    {
        "ASIN": "B07P6SV6W1",
        "title": "Aztec Secret - Version 1 Clay - 1 lb., 2.6 x 0.4 x 1.1 inch",
        "price": "$11.55 ($0.72 / Ounce)",
        "listPrice": "",
        "imageUrl": "https://m.media-amazon.com/images/I/41sNdHKjbBL._SL160_.jpg",
        "detailPageURL": "https://www.amazon.com/dp/B07P6SV6W1",
        "rating": "4.6",
        "totalReviews": "27878",
        "subtitle": "Aztec Secret",
        "isPrimeEligible": "1"
    },
    {
        "ASIN": "B0C3B5MT5G",
        "title": "jeosisy Clay Mask-Face Dead Sea Mud Mask,Green Tea Mud Mask,Purifying Pore,Remove Blackheads,Control Oil,Anti Aging,Brightening and Moisturizing,Facial Clay Mask Gift Sets for Women and Men-2.8Oz*2",
        "price": "$7.99 ($1.42 / Ounce)",
        "listPrice": "$8.99 ($1.59 / Ounce)",
        "imageUrl": "https://m.media-amazon.com/images/I/51SbLIqwyuL._SL160_.jpg",
        "detailPageURL": "https://www.amazon.com/dp/B0C3B5MT5G",
        "rating": "4.6",
        "totalReviews": "28",
        "subtitle": "jeosisy",
        "isPrimeEligible": "1"
    },
    {
        "ASIN": "B015VVFZ4I",
        "title": "Charlotte Tilbury Goddess Skin Clay Mask 2.53 Oz.",
        "price": "$53.01 ($20.95 / Ounce)",
        "listPrice": "$59.99 ($23.71 / Ounce)",
        "imageUrl": "https://m.media-amazon.com/images/I/31YFRuSySxL._SL160_.jpg",
        "detailPageURL": "https://www.amazon.com/dp/B015VVFZ4I",
        "rating": "4.3",
        "totalReviews": "39",
        "subtitle": "CHARLOTTE TILBURY",
        "isPrimeEligible": "1"
    },
    {
        "ASIN": "B0BZGYRT2X",
        "title": "Green Tea Mud Mask - Green Tea Deep Cleanse Mask for Pore Cleansing & Moisturizing & Hydrating & Refreshing, Antioxidant Green Tea Face Mask Improves Overall Complexion, Clay Mask for All Skin Types",
        "price": "$9.99 ($2.84 / Ounce)",
        "listPrice": "$11.99 ($3.41 / Ounce)",
        "imageUrl": "https://m.media-amazon.com/images/I/41sbcFwltXL._SL160_.jpg",
        "detailPageURL": "https://www.amazon.com/dp/B0BZGYRT2X",
        "rating": "4.3",
        "totalReviews": "29",
        "subtitle": "ROPALIA",
        "isPrimeEligible": "1"
    },
    {
        "ASIN": "B07PG5MG98",
        "title": "Pacifica Cosmic Clay Face Mask Unisex 1.18 oz",
        "price": "$6.00 ($5.08 / Ounce)",
        "listPrice": "",
        "imageUrl": "https://m.media-amazon.com/images/I/415ekGmmO9L._SL160_.jpg",
        "detailPageURL": "https://www.amazon.com/dp/B07PG5MG98",
        "rating": "4.6",
        "totalReviews": "277",
        "subtitle": "Pacifica",
        "isPrimeEligible": "1"
    },
    {
        "ASIN": "B09MN94BZW",
        "title": "Ola Loko Mud Mask, Clay Mask for Face and Skin, Detox Mask Skin Care, Exfoliating Face Mask, Deeply Cleans And Purify Pores For Clear And Glowing Skin, 8.5 Fl Oz",
        "price": "$6.99 ($0.82 / Ounce)",
        "listPrice": "$8.99 ($1.06 / Ounce)",
        "imageUrl": "https://m.media-amazon.com/images/I/41MOksA5mrL._SL160_.jpg",
        "detailPageURL": "https://www.amazon.com/dp/B09MN94BZW",
        "rating": "4.2",
        "totalReviews": "169",
        "subtitle": "Ola Loko",
        "isPrimeEligible": "1"
    },
    {
        "ASIN": "B093SJ2GBV",
        "title": "Turmeric Clay Stick Mask, Organic, Vitamin C Purifying Mask for Blackhead Cleansing, Healing, Clay Mud Mask for Deep Clean Pore, Improve Skin Acne Scars Facial Mask With Blackhead Remover Extractor ToolS",
        "price": "$9.99 ($7.08 / Ounce)",
        "listPrice": "",
        "imageUrl": "https://m.media-amazon.com/images/I/519ntSSpuEL._SL160_.jpg",
        "detailPageURL": "https://www.amazon.com/dp/B093SJ2GBV",
        "rating": "4.0",
        "totalReviews": "2082",
        "subtitle": "POP MODERN.C",
        "isPrimeEligible": "1"
    },
    {
        "ASIN": "B07ZPHJNVC",
        "title": "Mayan Magic Mud Powerful Deep Pore Cleansing Calcium Bentonite Clay - 1 lb - Natural Face Mask Peel for Men and Women - USA Made Full Facial Skin Care - Spa Level Skin Cleanser Beauty Products",
        "price": "$9.39 ($0.59 / Ounce)",
        "listPrice": "$9.99 ($0.62 / Ounce)",
        "imageUrl": "https://m.media-amazon.com/images/I/51QbfXijm7L._SL160_.jpg",
        "detailPageURL": "https://www.amazon.com/dp/B07ZPHJNVC",
        "rating": "4.4",
        "totalReviews": "1371",
        "subtitle": "Mayan Magic Mud",
        "isPrimeEligible": "1"
    },
    {
        "ASIN": "B00CZA87MQ",
        "title": "Freeman Feeling Beautiful Facial Clay Masque Avocado & Oatmeal 6 oz (Pack of 2)",
        "price": "$9.97 ($0.83 / Fl Oz)",
        "listPrice": "",
        "imageUrl": "https://m.media-amazon.com/images/I/514eN2M2IzL._SL160_.jpg",
        "detailPageURL": "https://www.amazon.com/dp/B00CZA87MQ",
        "rating": "4.7",
        "totalReviews": "611",
        "subtitle": "FREEMAN",
        "isPrimeEligible": "1"
    },
    {
        "ASIN": "B0912BD42B",
        "title": "AXIS-Y Mugwort Pore Clarifying Wash Off Pack | Exfoliating | Pore Reduction | Acne, blackhead, oily skin care | Clay/Mud Mask | Korean Skincare | 100ml / 3.38 fl. oz.",
        "price": "$16.81 ($16.64 / Fl Oz)",
        "listPrice": "$22.00 ($21.78 / Fl Oz)",
        "imageUrl": "https://m.media-amazon.com/images/I/41RlvTpX4aL._SL160_.jpg",
        "detailPageURL": "https://www.amazon.com/dp/B0912BD42B",
        "rating": "4.3",
        "totalReviews": "28",
        "subtitle": "AXIS-Y",
        "isPrimeEligible": "1"
    },
    {
        "ASIN": "B0C3B5MT5G",
        "title": "jeosisy Clay Mask-Face Dead Sea Mud Mask,Green Tea Mud Mask,Purifying Pore,Remove Blackheads,Control Oil,Anti Aging,Brightening and Moisturizing,Facial Clay Mask Gift Sets for Women and Men-2.8Oz*2",
        "price": "$7.99 ($1.42 / Ounce)",
        "listPrice": "$8.99 ($1.59 / Ounce)",
        "imageUrl": "https://m.media-amazon.com/images/I/51SbLIqwyuL._SL160_.jpg",
        "detailPageURL": "https://www.amazon.com/dp/B0C3B5MT5G",
        "rating": "4.6",
        "totalReviews": "28",
        "subtitle": "jeosisy",
        "isPrimeEligible": "1"
    },
    {
        "ASIN": "B015VVFZ4I",
        "title": "Charlotte Tilbury Goddess Skin Clay Mask 2.53 Oz.",
        "price": "$53.01 ($20.95 / Ounce)",
        "listPrice": "$59.99 ($23.71 / Ounce)",
        "imageUrl": "https://m.media-amazon.com/images/I/31YFRuSySxL._SL160_.jpg",
        "detailPageURL": "https://www.amazon.com/dp/B015VVFZ4I",
        "rating": "4.3",
        "totalReviews": "39",
        "subtitle": "CHARLOTTE TILBURY",
        "isPrimeEligible": "1"
    },
    {
        "ASIN": "B0BZGYRT2X",
        "title": "Green Tea Mud Mask - Green Tea Deep Cleanse Mask for Pore Cleansing & Moisturizing & Hydrating & Refreshing, Antioxidant Green Tea Face Mask Improves Overall Complexion, Clay Mask for All Skin Types",
        "price": "$9.99 ($2.84 / Ounce)",
        "listPrice": "$11.99 ($3.41 / Ounce)",
        "imageUrl": "https://m.media-amazon.com/images/I/41sbcFwltXL._SL160_.jpg",
        "detailPageURL": "https://www.amazon.com/dp/B0BZGYRT2X",
        "rating": "4.3",
        "totalReviews": "29",
        "subtitle": "ROPALIA",
        "isPrimeEligible": "1"
    },
    {
        "ASIN": "B07PG5MG98",
        "title": "Pacifica Cosmic Clay Face Mask Unisex 1.18 oz",
        "price": "$6.00 ($5.08 / Ounce)",
        "listPrice": "",
        "imageUrl": "https://m.media-amazon.com/images/I/415ekGmmO9L._SL160_.jpg",
        "detailPageURL": "https://www.amazon.com/dp/B07PG5MG98",
        "rating": "4.6",
        "totalReviews": "277",
        "subtitle": "Pacifica",
        "isPrimeEligible": "1"
    },
    {
        "ASIN": "B09MN94BZW",
        "title": "Ola Loko Mud Mask, Clay Mask for Face and Skin, Detox Mask Skin Care, Exfoliating Face Mask, Deeply Cleans And Purify Pores For Clear And Glowing Skin, 8.5 Fl Oz",
        "price": "$6.99 ($0.82 / Ounce)",
        "listPrice": "$8.99 ($1.06 / Ounce)",
        "imageUrl": "https://m.media-amazon.com/images/I/41MOksA5mrL._SL160_.jpg",
        "detailPageURL": "https://www.amazon.com/dp/B09MN94BZW",
        "rating": "4.2",
        "totalReviews": "169",
        "subtitle": "Ola Loko",
        "isPrimeEligible": "1"
    },
    {
        "ASIN": "B093SJ2GBV",
        "title": "Turmeric Clay Stick Mask, Organic, Vitamin C Purifying Mask for Blackhead Cleansing, Healing, Clay Mud Mask for Deep Clean Pore, Improve Skin Acne Scars Facial Mask With Blackhead Remover Extractor ToolS",
        "price": "$9.99 ($7.08 / Ounce)",
        "listPrice": "",
        "imageUrl": "https://m.media-amazon.com/images/I/519ntSSpuEL._SL160_.jpg",
        "detailPageURL": "https://www.amazon.com/dp/B093SJ2GBV",
        "rating": "4.0",
        "totalReviews": "2082",
        "subtitle": "POP MODERN.C",
        "isPrimeEligible": "1"
    },
    {
        "ASIN": "B07ZPHJNVC",
        "title": "Mayan Magic Mud Powerful Deep Pore Cleansing Calcium Bentonite Clay - 1 lb - Natural Face Mask Peel for Men and Women - USA Made Full Facial Skin Care - Spa Level Skin Cleanser Beauty Products",
        "price": "$9.39 ($0.59 / Ounce)",
        "listPrice": "$9.99 ($0.62 / Ounce)",
        "imageUrl": "https://m.media-amazon.com/images/I/51QbfXijm7L._SL160_.jpg",
        "detailPageURL": "https://www.amazon.com/dp/B07ZPHJNVC",
        "rating": "4.4",
        "totalReviews": "1371",
        "subtitle": "Mayan Magic Mud",
        "isPrimeEligible": "1"
    },
    {
        "ASIN": "B00CZA87MQ",
        "title": "Freeman Feeling Beautiful Facial Clay Masque Avocado & Oatmeal 6 oz (Pack of 2)",
        "price": "$9.97 ($0.83 / Fl Oz)",
        "listPrice": "",
        "imageUrl": "https://m.media-amazon.com/images/I/514eN2M2IzL._SL160_.jpg",
        "detailPageURL": "https://www.amazon.com/dp/B00CZA87MQ",
        "rating": "4.7",
        "totalReviews": "611",
        "subtitle": "FREEMAN",
        "isPrimeEligible": "1"
    },
    {
        "ASIN": "B0912BD42B",
        "title": "AXIS-Y Mugwort Pore Clarifying Wash Off Pack | Exfoliating | Pore Reduction | Acne, blackhead, oily skin care | Clay/Mud Mask | Korean Skincare | 100ml / 3.38 fl. oz.",
        "price": "$16.81 ($16.64 / Fl Oz)",
        "listPrice": "$22.00 ($21.78 / Fl Oz)",
        "imageUrl": "https://m.media-amazon.com/images/I/41RlvTpX4aL._SL160_.jpg",
        "detailPageURL": "https://www.amazon.com/dp/B0912BD42B",
        "rating": "4.3",
        "totalReviews": "28",
        "subtitle": "AXIS-Y",
        "isPrimeEligible": "1"
    },
    {
        "ASIN": "B08GJJGY1Y",
        "title": "Teami Beauty Facial Mask - Moisturizing Face Mask Skin Care - Anti Acne & Blackhead Remover with Butterfly Pea Flower & Kaolin Clay - Deep Cleansing Face Mask for Oily, Dry, or Sensitive Skin",
        "price": "$24.99 ($3.97 / Ounce)",
        "listPrice": "$36.00 ($5.71 / Ounce)",
        "imageUrl": "https://m.media-amazon.com/images/I/41BSF7IvLrL._SL160_.jpg",
        "detailPageURL": "https://www.amazon.com/dp/B08GJJGY1Y",
        "rating": "4.3",
        "totalReviews": "258",
        "subtitle": "Teami",
        "isPrimeEligible": "1"
    },
    {
        "ASIN": "B015VVFZ4I",
        "title": "Charlotte Tilbury Goddess Skin Clay Mask 2.53 Oz.",
        "price": "$53.01 ($20.95 / Ounce)",
        "listPrice": "$59.99 ($23.71 / Ounce)",
        "imageUrl": "https://m.media-amazon.com/images/I/31YFRuSySxL._SL160_.jpg",
        "detailPageURL": "https://www.amazon.com/dp/B015VVFZ4I",
        "rating": "4.3",
        "totalReviews": "39",
        "subtitle": "CHARLOTTE TILBURY",
        "isPrimeEligible": "1"
    },
    {
        "ASIN": "B0BZGYRT2X",
        "title": "Green Tea Mud Mask - Green Tea Deep Cleanse Mask for Pore Cleansing & Moisturizing & Hydrating & Refreshing, Antioxidant Green Tea Face Mask Improves Overall Complexion, Clay Mask for All Skin Types",
        "price": "$9.99 ($2.84 / Ounce)",
        "listPrice": "$11.99 ($3.41 / Ounce)",
        "imageUrl": "https://m.media-amazon.com/images/I/41sbcFwltXL._SL160_.jpg",
        "detailPageURL": "https://www.amazon.com/dp/B0BZGYRT2X",
        "rating": "4.3",
        "totalReviews": "29",
        "subtitle": "ROPALIA",
        "isPrimeEligible": "1"
    },
    {
        "ASIN": "B07PG5MG98",
        "title": "Pacifica Cosmic Clay Face Mask Unisex 1.18 oz",
        "price": "$6.00 ($5.08 / Ounce)",
        "listPrice": "",
        "imageUrl": "https://m.media-amazon.com/images/I/415ekGmmO9L._SL160_.jpg",
        "detailPageURL": "https://www.amazon.com/dp/B07PG5MG98",
        "rating": "4.6",
        "totalReviews": "277",
        "subtitle": "Pacifica",
        "isPrimeEligible": "1"
    },
    {
        "ASIN": "B09MN94BZW",
        "title": "Ola Loko Mud Mask, Clay Mask for Face and Skin, Detox Mask Skin Care, Exfoliating Face Mask, Deeply Cleans And Purify Pores For Clear And Glowing Skin, 8.5 Fl Oz",
        "price": "$6.99 ($0.82 / Ounce)",
        "listPrice": "$8.99 ($1.06 / Ounce)",
        "imageUrl": "https://m.media-amazon.com/images/I/41MOksA5mrL._SL160_.jpg",
        "detailPageURL": "https://www.amazon.com/dp/B09MN94BZW",
        "rating": "4.2",
        "totalReviews": "169",
        "subtitle": "Ola Loko",
        "isPrimeEligible": "1"
    },
    {
        "ASIN": "B093SJ2GBV",
        "title": "Turmeric Clay Stick Mask, Organic, Vitamin C Purifying Mask for Blackhead Cleansing, Healing, Clay Mud Mask for Deep Clean Pore, Improve Skin Acne Scars Facial Mask With Blackhead Remover Extractor ToolS",
        "price": "$9.99 ($7.08 / Ounce)",
        "listPrice": "",
        "imageUrl": "https://m.media-amazon.com/images/I/519ntSSpuEL._SL160_.jpg",
        "detailPageURL": "https://www.amazon.com/dp/B093SJ2GBV",
        "rating": "4.0",
        "totalReviews": "2082",
        "subtitle": "POP MODERN.C",
        "isPrimeEligible": "1"
    },
    {
        "ASIN": "B07ZPHJNVC",
        "title": "Mayan Magic Mud Powerful Deep Pore Cleansing Calcium Bentonite Clay - 1 lb - Natural Face Mask Peel for Men and Women - USA Made Full Facial Skin Care - Spa Level Skin Cleanser Beauty Products",
        "price": "$9.39 ($0.59 / Ounce)",
        "listPrice": "$9.99 ($0.62 / Ounce)",
        "imageUrl": "https://m.media-amazon.com/images/I/51QbfXijm7L._SL160_.jpg",
        "detailPageURL": "https://www.amazon.com/dp/B07ZPHJNVC",
        "rating": "4.4",
        "totalReviews": "1371",
        "subtitle": "Mayan Magic Mud",
        "isPrimeEligible": "1"
    },
    {
        "ASIN": "B00CZA87MQ",
        "title": "Freeman Feeling Beautiful Facial Clay Masque Avocado & Oatmeal 6 oz (Pack of 2)",
        "price": "$9.97 ($0.83 / Fl Oz)",
        "listPrice": "",
        "imageUrl": "https://m.media-amazon.com/images/I/514eN2M2IzL._SL160_.jpg",
        "detailPageURL": "https://www.amazon.com/dp/B00CZA87MQ",
        "rating": "4.7",
        "totalReviews": "611",
        "subtitle": "FREEMAN",
        "isPrimeEligible": "1"
    },
    {
        "ASIN": "B0912BD42B",
        "title": "AXIS-Y Mugwort Pore Clarifying Wash Off Pack | Exfoliating | Pore Reduction | Acne, blackhead, oily skin care | Clay/Mud Mask | Korean Skincare | 100ml / 3.38 fl. oz.",
        "price": "$16.81 ($16.64 / Fl Oz)",
        "listPrice": "$22.00 ($21.78 / Fl Oz)",
        "imageUrl": "https://m.media-amazon.com/images/I/41RlvTpX4aL._SL160_.jpg",
        "detailPageURL": "https://www.amazon.com/dp/B0912BD42B",
        "rating": "4.3",
        "totalReviews": "28",
        "subtitle": "AXIS-Y",
        "isPrimeEligible": "1"
    },
    {
        "ASIN": "B08GJJGY1Y",
        "title": "Teami Beauty Facial Mask - Moisturizing Face Mask Skin Care - Anti Acne & Blackhead Remover with Butterfly Pea Flower & Kaolin Clay - Deep Cleansing Face Mask for Oily, Dry, or Sensitive Skin",
        "price": "$24.99 ($3.97 / Ounce)",
        "listPrice": "$36.00 ($5.71 / Ounce)",
        "imageUrl": "https://m.media-amazon.com/images/I/41BSF7IvLrL._SL160_.jpg",
        "detailPageURL": "https://www.amazon.com/dp/B08GJJGY1Y",
        "rating": "4.3",
        "totalReviews": "258",
        "subtitle": "Teami",
        "isPrimeEligible": "1"
    },
    {
        "ASIN": "B077XNVQFK",
        "title": "SPA REDI - Clay Mask, Sensual Rose, 128 Oz - Pedicure and Body Deep Cleansing, Skin Pore Purifying, Detoxifying and Hydrating - Natural Bentonite Clay, Infused with",
        "price": "$42.60 ($0.33 / Ounce)",
        "listPrice": "$49.99 ($0.39 / Ounce)",
        "imageUrl": "https://m.media-amazon.com/images/I/41EGyLQ72nL._SL160_.jpg",
        "detailPageURL": "https://www.amazon.com/dp/B077XNVQFK",
        "rating": "5.0",
        "totalReviews": "7",
        "subtitle": "SPA REDI",
        "isPrimeEligible": "1"
    },
    {
        "ASIN": "B0BZGYRT2X",
        "title": "Green Tea Mud Mask - Green Tea Deep Cleanse Mask for Pore Cleansing & Moisturizing & Hydrating & Refreshing, Antioxidant Green Tea Face Mask Improves Overall Complexion, Clay Mask for All Skin Types",
        "price": "$9.99 ($2.84 / Ounce)",
        "listPrice": "$11.99 ($3.41 / Ounce)",
        "imageUrl": "https://m.media-amazon.com/images/I/41sbcFwltXL._SL160_.jpg",
        "detailPageURL": "https://www.amazon.com/dp/B0BZGYRT2X",
        "rating": "4.3",
        "totalReviews": "29",
        "subtitle": "ROPALIA",
        "isPrimeEligible": "1"
    },
    {
        "ASIN": "B07PG5MG98",
        "title": "Pacifica Cosmic Clay Face Mask Unisex 1.18 oz",
        "price": "$6.00 ($5.08 / Ounce)",
        "listPrice": "",
        "imageUrl": "https://m.media-amazon.com/images/I/415ekGmmO9L._SL160_.jpg",
        "detailPageURL": "https://www.amazon.com/dp/B07PG5MG98",
        "rating": "4.6",
        "totalReviews": "277",
        "subtitle": "Pacifica",
        "isPrimeEligible": "1"
    },
    {
        "ASIN": "B09MN94BZW",
        "title": "Ola Loko Mud Mask, Clay Mask for Face and Skin, Detox Mask Skin Care, Exfoliating Face Mask, Deeply Cleans And Purify Pores For Clear And Glowing Skin, 8.5 Fl Oz",
        "price": "$6.99 ($0.82 / Ounce)",
        "listPrice": "$8.99 ($1.06 / Ounce)",
        "imageUrl": "https://m.media-amazon.com/images/I/41MOksA5mrL._SL160_.jpg",
        "detailPageURL": "https://www.amazon.com/dp/B09MN94BZW",
        "rating": "4.2",
        "totalReviews": "169",
        "subtitle": "Ola Loko",
        "isPrimeEligible": "1"
    },
    {
        "ASIN": "B093SJ2GBV",
        "title": "Turmeric Clay Stick Mask, Organic, Vitamin C Purifying Mask for Blackhead Cleansing, Healing, Clay Mud Mask for Deep Clean Pore, Improve Skin Acne Scars Facial Mask With Blackhead Remover Extractor ToolS",
        "price": "$9.99 ($7.08 / Ounce)",
        "listPrice": "",
        "imageUrl": "https://m.media-amazon.com/images/I/519ntSSpuEL._SL160_.jpg",
        "detailPageURL": "https://www.amazon.com/dp/B093SJ2GBV",
        "rating": "4.0",
        "totalReviews": "2082",
        "subtitle": "POP MODERN.C",
        "isPrimeEligible": "1"
    },
    {
        "ASIN": "B07ZPHJNVC",
        "title": "Mayan Magic Mud Powerful Deep Pore Cleansing Calcium Bentonite Clay - 1 lb - Natural Face Mask Peel for Men and Women - USA Made Full Facial Skin Care - Spa Level Skin Cleanser Beauty Products",
        "price": "$9.39 ($0.59 / Ounce)",
        "listPrice": "$9.99 ($0.62 / Ounce)",
        "imageUrl": "https://m.media-amazon.com/images/I/51QbfXijm7L._SL160_.jpg",
        "detailPageURL": "https://www.amazon.com/dp/B07ZPHJNVC",
        "rating": "4.4",
        "totalReviews": "1371",
        "subtitle": "Mayan Magic Mud",
        "isPrimeEligible": "1"
    },
    {
        "ASIN": "B00CZA87MQ",
        "title": "Freeman Feeling Beautiful Facial Clay Masque Avocado & Oatmeal 6 oz (Pack of 2)",
        "price": "$9.97 ($0.83 / Fl Oz)",
        "listPrice": "",
        "imageUrl": "https://m.media-amazon.com/images/I/514eN2M2IzL._SL160_.jpg",
        "detailPageURL": "https://www.amazon.com/dp/B00CZA87MQ",
        "rating": "4.7",
        "totalReviews": "611",
        "subtitle": "FREEMAN",
        "isPrimeEligible": "1"
    },
    {
        "ASIN": "B0912BD42B",
        "title": "AXIS-Y Mugwort Pore Clarifying Wash Off Pack | Exfoliating | Pore Reduction | Acne, blackhead, oily skin care | Clay/Mud Mask | Korean Skincare | 100ml / 3.38 fl. oz.",
        "price": "$16.81 ($16.64 / Fl Oz)",
        "listPrice": "$22.00 ($21.78 / Fl Oz)",
        "imageUrl": "https://m.media-amazon.com/images/I/41RlvTpX4aL._SL160_.jpg",
        "detailPageURL": "https://www.amazon.com/dp/B0912BD42B",
        "rating": "4.3",
        "totalReviews": "28",
        "subtitle": "AXIS-Y",
        "isPrimeEligible": "1"
    },
    {
        "ASIN": "B08GJJGY1Y",
        "title": "Teami Beauty Facial Mask - Moisturizing Face Mask Skin Care - Anti Acne & Blackhead Remover with Butterfly Pea Flower & Kaolin Clay - Deep Cleansing Face Mask for Oily, Dry, or Sensitive Skin",
        "price": "$24.99 ($3.97 / Ounce)",
        "listPrice": "$36.00 ($5.71 / Ounce)",
        "imageUrl": "https://m.media-amazon.com/images/I/41BSF7IvLrL._SL160_.jpg",
        "detailPageURL": "https://www.amazon.com/dp/B08GJJGY1Y",
        "rating": "4.3",
        "totalReviews": "258",
        "subtitle": "Teami",
        "isPrimeEligible": "1"
    },
    {
        "ASIN": "B077XNVQFK",
        "title": "SPA REDI - Clay Mask, Sensual Rose, 128 Oz - Pedicure and Body Deep Cleansing, Skin Pore Purifying, Detoxifying and Hydrating - Natural Bentonite Clay, Infused with",
        "price": "$42.60 ($0.33 / Ounce)",
        "listPrice": "$49.99 ($0.39 / Ounce)",
        "imageUrl": "https://m.media-amazon.com/images/I/41EGyLQ72nL._SL160_.jpg",
        "detailPageURL": "https://www.amazon.com/dp/B077XNVQFK",
        "rating": "5.0",
        "totalReviews": "7",
        "subtitle": "SPA REDI",
        "isPrimeEligible": "1"
    },
    {
        "ASIN": "B072J6Q91G",
        "title": "Aromine Rhassoul Clay Powder 16oz Moroccan Ghassoul Clay Mask",
        "price": "$19.95 ($1.25 / Ounce)",
        "listPrice": "",
        "imageUrl": "https://m.media-amazon.com/images/I/41jlBVUZuIL._SL160_.jpg",
        "detailPageURL": "https://www.amazon.com/dp/B072J6Q91G",
        "rating": "4.7",
        "totalReviews": "1287",
        "subtitle": "Aromine",
        "isPrimeEligible": "1"
    },
    {
        "ASIN": "B07PG5MG98",
        "title": "Pacifica Cosmic Clay Face Mask Unisex 1.18 oz",
        "price": "$6.00 ($5.08 / Ounce)",
        "listPrice": "",
        "imageUrl": "https://m.media-amazon.com/images/I/415ekGmmO9L._SL160_.jpg",
        "detailPageURL": "https://www.amazon.com/dp/B07PG5MG98",
        "rating": "4.6",
        "totalReviews": "277",
        "subtitle": "Pacifica",
        "isPrimeEligible": "1"
    },
    {
        "ASIN": "B09MN94BZW",
        "title": "Ola Loko Mud Mask, Clay Mask for Face and Skin, Detox Mask Skin Care, Exfoliating Face Mask, Deeply Cleans And Purify Pores For Clear And Glowing Skin, 8.5 Fl Oz",
        "price": "$6.99 ($0.82 / Ounce)",
        "listPrice": "$8.99 ($1.06 / Ounce)",
        "imageUrl": "https://m.media-amazon.com/images/I/41MOksA5mrL._SL160_.jpg",
        "detailPageURL": "https://www.amazon.com/dp/B09MN94BZW",
        "rating": "4.2",
        "totalReviews": "169",
        "subtitle": "Ola Loko",
        "isPrimeEligible": "1"
    },
    {
        "ASIN": "B093SJ2GBV",
        "title": "Turmeric Clay Stick Mask, Organic, Vitamin C Purifying Mask for Blackhead Cleansing, Healing, Clay Mud Mask for Deep Clean Pore, Improve Skin Acne Scars Facial Mask With Blackhead Remover Extractor ToolS",
        "price": "$9.99 ($7.08 / Ounce)",
        "listPrice": "",
        "imageUrl": "https://m.media-amazon.com/images/I/519ntSSpuEL._SL160_.jpg",
        "detailPageURL": "https://www.amazon.com/dp/B093SJ2GBV",
        "rating": "4.0",
        "totalReviews": "2082",
        "subtitle": "POP MODERN.C",
        "isPrimeEligible": "1"
    },
    {
        "ASIN": "B07ZPHJNVC",
        "title": "Mayan Magic Mud Powerful Deep Pore Cleansing Calcium Bentonite Clay - 1 lb - Natural Face Mask Peel for Men and Women - USA Made Full Facial Skin Care - Spa Level Skin Cleanser Beauty Products",
        "price": "$9.39 ($0.59 / Ounce)",
        "listPrice": "$9.99 ($0.62 / Ounce)",
        "imageUrl": "https://m.media-amazon.com/images/I/51QbfXijm7L._SL160_.jpg",
        "detailPageURL": "https://www.amazon.com/dp/B07ZPHJNVC",
        "rating": "4.4",
        "totalReviews": "1371",
        "subtitle": "Mayan Magic Mud",
        "isPrimeEligible": "1"
    },
    {
        "ASIN": "B00CZA87MQ",
        "title": "Freeman Feeling Beautiful Facial Clay Masque Avocado & Oatmeal 6 oz (Pack of 2)",
        "price": "$9.97 ($0.83 / Fl Oz)",
        "listPrice": "",
        "imageUrl": "https://m.media-amazon.com/images/I/514eN2M2IzL._SL160_.jpg",
        "detailPageURL": "https://www.amazon.com/dp/B00CZA87MQ",
        "rating": "4.7",
        "totalReviews": "611",
        "subtitle": "FREEMAN",
        "isPrimeEligible": "1"
    },
    {
        "ASIN": "B0912BD42B",
        "title": "AXIS-Y Mugwort Pore Clarifying Wash Off Pack | Exfoliating | Pore Reduction | Acne, blackhead, oily skin care | Clay/Mud Mask | Korean Skincare | 100ml / 3.38 fl. oz.",
        "price": "$16.81 ($16.64 / Fl Oz)",
        "listPrice": "$22.00 ($21.78 / Fl Oz)",
        "imageUrl": "https://m.media-amazon.com/images/I/41RlvTpX4aL._SL160_.jpg",
        "detailPageURL": "https://www.amazon.com/dp/B0912BD42B",
        "rating": "4.3",
        "totalReviews": "28",
        "subtitle": "AXIS-Y",
        "isPrimeEligible": "1"
    },
    {
        "ASIN": "B08GJJGY1Y",
        "title": "Teami Beauty Facial Mask - Moisturizing Face Mask Skin Care - Anti Acne & Blackhead Remover with Butterfly Pea Flower & Kaolin Clay - Deep Cleansing Face Mask for Oily, Dry, or Sensitive Skin",
        "price": "$24.99 ($3.97 / Ounce)",
        "listPrice": "$36.00 ($5.71 / Ounce)",
        "imageUrl": "https://m.media-amazon.com/images/I/41BSF7IvLrL._SL160_.jpg",
        "detailPageURL": "https://www.amazon.com/dp/B08GJJGY1Y",
        "rating": "4.3",
        "totalReviews": "258",
        "subtitle": "Teami",
        "isPrimeEligible": "1"
    },
    {
        "ASIN": "B077XNVQFK",
        "title": "SPA REDI - Clay Mask, Sensual Rose, 128 Oz - Pedicure and Body Deep Cleansing, Skin Pore Purifying, Detoxifying and Hydrating - Natural Bentonite Clay, Infused with",
        "price": "$42.60 ($0.33 / Ounce)",
        "listPrice": "$49.99 ($0.39 / Ounce)",
        "imageUrl": "https://m.media-amazon.com/images/I/41EGyLQ72nL._SL160_.jpg",
        "detailPageURL": "https://www.amazon.com/dp/B077XNVQFK",
        "rating": "5.0",
        "totalReviews": "7",
        "subtitle": "SPA REDI",
        "isPrimeEligible": "1"
    },
    {
        "ASIN": "B072J6Q91G",
        "title": "Aromine Rhassoul Clay Powder 16oz Moroccan Ghassoul Clay Mask",
        "price": "$19.95 ($1.25 / Ounce)",
        "listPrice": "",
        "imageUrl": "https://m.media-amazon.com/images/I/41jlBVUZuIL._SL160_.jpg",
        "detailPageURL": "https://www.amazon.com/dp/B072J6Q91G",
        "rating": "4.7",
        "totalReviews": "1287",
        "subtitle": "Aromine",
        "isPrimeEligible": "1"
    },
    {
        "ASIN": "B01M0Z6EQC",
        "title": "NOW Solutions, Mediterranean Red Clay Powder, Pure Powder for Sensitive Skin Facial Mask, 14-Ounce",
        "price": "$10.95 ($0.78 / Ounce)",
        "listPrice": "$14.99 ($1.07 / Ounce)",
        "imageUrl": "https://m.media-amazon.com/images/I/413m1gb702L._SL160_.jpg",
        "detailPageURL": "https://www.amazon.com/dp/B01M0Z6EQC",
        "rating": "4.7",
        "totalReviews": "684",
        "subtitle": "",
        "isPrimeEligible": "1"
    },
    {
        "ASIN": "B09MN94BZW",
        "title": "Ola Loko Mud Mask, Clay Mask for Face and Skin, Detox Mask Skin Care, Exfoliating Face Mask, Deeply Cleans And Purify Pores For Clear And Glowing Skin, 8.5 Fl Oz",
        "price": "$6.99 ($0.82 / Ounce)",
        "listPrice": "$8.99 ($1.06 / Ounce)",
        "imageUrl": "https://m.media-amazon.com/images/I/41MOksA5mrL._SL160_.jpg",
        "detailPageURL": "https://www.amazon.com/dp/B09MN94BZW",
        "rating": "4.2",
        "totalReviews": "169",
        "subtitle": "Ola Loko",
        "isPrimeEligible": "1"
    },
    {
        "ASIN": "B093SJ2GBV",
        "title": "Turmeric Clay Stick Mask, Organic, Vitamin C Purifying Mask for Blackhead Cleansing, Healing, Clay Mud Mask for Deep Clean Pore, Improve Skin Acne Scars Facial Mask With Blackhead Remover Extractor ToolS",
        "price": "$9.99 ($7.08 / Ounce)",
        "listPrice": "",
        "imageUrl": "https://m.media-amazon.com/images/I/519ntSSpuEL._SL160_.jpg",
        "detailPageURL": "https://www.amazon.com/dp/B093SJ2GBV",
        "rating": "4.0",
        "totalReviews": "2082",
        "subtitle": "POP MODERN.C",
        "isPrimeEligible": "1"
    },
    {
        "ASIN": "B07ZPHJNVC",
        "title": "Mayan Magic Mud Powerful Deep Pore Cleansing Calcium Bentonite Clay - 1 lb - Natural Face Mask Peel for Men and Women - USA Made Full Facial Skin Care - Spa Level Skin Cleanser Beauty Products",
        "price": "$9.39 ($0.59 / Ounce)",
        "listPrice": "$9.99 ($0.62 / Ounce)",
        "imageUrl": "https://m.media-amazon.com/images/I/51QbfXijm7L._SL160_.jpg",
        "detailPageURL": "https://www.amazon.com/dp/B07ZPHJNVC",
        "rating": "4.4",
        "totalReviews": "1371",
        "subtitle": "Mayan Magic Mud",
        "isPrimeEligible": "1"
    },
    {
        "ASIN": "B00CZA87MQ",
        "title": "Freeman Feeling Beautiful Facial Clay Masque Avocado & Oatmeal 6 oz (Pack of 2)",
        "price": "$9.97 ($0.83 / Fl Oz)",
        "listPrice": "",
        "imageUrl": "https://m.media-amazon.com/images/I/514eN2M2IzL._SL160_.jpg",
        "detailPageURL": "https://www.amazon.com/dp/B00CZA87MQ",
        "rating": "4.7",
        "totalReviews": "611",
        "subtitle": "FREEMAN",
        "isPrimeEligible": "1"
    },
    {
        "ASIN": "B0912BD42B",
        "title": "AXIS-Y Mugwort Pore Clarifying Wash Off Pack | Exfoliating | Pore Reduction | Acne, blackhead, oily skin care | Clay/Mud Mask | Korean Skincare | 100ml / 3.38 fl. oz.",
        "price": "$16.81 ($16.64 / Fl Oz)",
        "listPrice": "$22.00 ($21.78 / Fl Oz)",
        "imageUrl": "https://m.media-amazon.com/images/I/41RlvTpX4aL._SL160_.jpg",
        "detailPageURL": "https://www.amazon.com/dp/B0912BD42B",
        "rating": "4.3",
        "totalReviews": "28",
        "subtitle": "AXIS-Y",
        "isPrimeEligible": "1"
    },
    {
        "ASIN": "B08GJJGY1Y",
        "title": "Teami Beauty Facial Mask - Moisturizing Face Mask Skin Care - Anti Acne & Blackhead Remover with Butterfly Pea Flower & Kaolin Clay - Deep Cleansing Face Mask for Oily, Dry, or Sensitive Skin",
        "price": "$24.99 ($3.97 / Ounce)",
        "listPrice": "$36.00 ($5.71 / Ounce)",
        "imageUrl": "https://m.media-amazon.com/images/I/41BSF7IvLrL._SL160_.jpg",
        "detailPageURL": "https://www.amazon.com/dp/B08GJJGY1Y",
        "rating": "4.3",
        "totalReviews": "258",
        "subtitle": "Teami",
        "isPrimeEligible": "1"
    },
    {
        "ASIN": "B077XNVQFK",
        "title": "SPA REDI - Clay Mask, Sensual Rose, 128 Oz - Pedicure and Body Deep Cleansing, Skin Pore Purifying, Detoxifying and Hydrating - Natural Bentonite Clay, Infused with",
        "price": "$42.60 ($0.33 / Ounce)",
        "listPrice": "$49.99 ($0.39 / Ounce)",
        "imageUrl": "https://m.media-amazon.com/images/I/41EGyLQ72nL._SL160_.jpg",
        "detailPageURL": "https://www.amazon.com/dp/B077XNVQFK",
        "rating": "5.0",
        "totalReviews": "7",
        "subtitle": "SPA REDI",
        "isPrimeEligible": "1"
    },
    {
        "ASIN": "B072J6Q91G",
        "title": "Aromine Rhassoul Clay Powder 16oz Moroccan Ghassoul Clay Mask",
        "price": "$19.95 ($1.25 / Ounce)",
        "listPrice": "",
        "imageUrl": "https://m.media-amazon.com/images/I/41jlBVUZuIL._SL160_.jpg",
        "detailPageURL": "https://www.amazon.com/dp/B072J6Q91G",
        "rating": "4.7",
        "totalReviews": "1287",
        "subtitle": "Aromine",
        "isPrimeEligible": "1"
    },
    {
        "ASIN": "B01M0Z6EQC",
        "title": "NOW Solutions, Mediterranean Red Clay Powder, Pure Powder for Sensitive Skin Facial Mask, 14-Ounce",
        "price": "$10.95 ($0.78 / Ounce)",
        "listPrice": "$14.99 ($1.07 / Ounce)",
        "imageUrl": "https://m.media-amazon.com/images/I/413m1gb702L._SL160_.jpg",
        "detailPageURL": "https://www.amazon.com/dp/B01M0Z6EQC",
        "rating": "4.7",
        "totalReviews": "684",
        "subtitle": "",
        "isPrimeEligible": "1"
    },
    {
        "ASIN": "B096M6S3HP",
        "title": "GLAM UP Pore Purifying Matcha Tea tree Clay Mask for Acne Prone Skin - Calming Face Mask for Acne with Green tea, Tea Tree - Vegan Skincare, Cruelty Free (125ml/4.23 Oz)",
        "price": "$14.98 ($3.40 / Ounce)",
        "listPrice": "",
        "imageUrl": "https://m.media-amazon.com/images/I/41ST3BVp6WL._SL160_.jpg",
        "detailPageURL": "https://www.amazon.com/dp/B096M6S3HP",
        "rating": "4.3",
        "totalReviews": "162",
        "subtitle": "GLAM UP",
        "isPrimeEligible": "1"
    },
    {
        "ASIN": "B093SJ2GBV",
        "title": "Turmeric Clay Stick Mask, Organic, Vitamin C Purifying Mask for Blackhead Cleansing, Healing, Clay Mud Mask for Deep Clean Pore, Improve Skin Acne Scars Facial Mask With Blackhead Remover Extractor ToolS",
        "price": "$9.99 ($7.08 / Ounce)",
        "listPrice": "",
        "imageUrl": "https://m.media-amazon.com/images/I/519ntSSpuEL._SL160_.jpg",
        "detailPageURL": "https://www.amazon.com/dp/B093SJ2GBV",
        "rating": "4.0",
        "totalReviews": "2082",
        "subtitle": "POP MODERN.C",
        "isPrimeEligible": "1"
    },
    {
        "ASIN": "B07ZPHJNVC",
        "title": "Mayan Magic Mud Powerful Deep Pore Cleansing Calcium Bentonite Clay - 1 lb - Natural Face Mask Peel for Men and Women - USA Made Full Facial Skin Care - Spa Level Skin Cleanser Beauty Products",
        "price": "$9.39 ($0.59 / Ounce)",
        "listPrice": "$9.99 ($0.62 / Ounce)",
        "imageUrl": "https://m.media-amazon.com/images/I/51QbfXijm7L._SL160_.jpg",
        "detailPageURL": "https://www.amazon.com/dp/B07ZPHJNVC",
        "rating": "4.4",
        "totalReviews": "1371",
        "subtitle": "Mayan Magic Mud",
        "isPrimeEligible": "1"
    },
    {
        "ASIN": "B00CZA87MQ",
        "title": "Freeman Feeling Beautiful Facial Clay Masque Avocado & Oatmeal 6 oz (Pack of 2)",
        "price": "$9.97 ($0.83 / Fl Oz)",
        "listPrice": "",
        "imageUrl": "https://m.media-amazon.com/images/I/514eN2M2IzL._SL160_.jpg",
        "detailPageURL": "https://www.amazon.com/dp/B00CZA87MQ",
        "rating": "4.7",
        "totalReviews": "611",
        "subtitle": "FREEMAN",
        "isPrimeEligible": "1"
    },
    {
        "ASIN": "B0912BD42B",
        "title": "AXIS-Y Mugwort Pore Clarifying Wash Off Pack | Exfoliating | Pore Reduction | Acne, blackhead, oily skin care | Clay/Mud Mask | Korean Skincare | 100ml / 3.38 fl. oz.",
        "price": "$16.81 ($16.64 / Fl Oz)",
        "listPrice": "$22.00 ($21.78 / Fl Oz)",
        "imageUrl": "https://m.media-amazon.com/images/I/41RlvTpX4aL._SL160_.jpg",
        "detailPageURL": "https://www.amazon.com/dp/B0912BD42B",
        "rating": "4.3",
        "totalReviews": "28",
        "subtitle": "AXIS-Y",
        "isPrimeEligible": "1"
    },
    {
        "ASIN": "B08GJJGY1Y",
        "title": "Teami Beauty Facial Mask - Moisturizing Face Mask Skin Care - Anti Acne & Blackhead Remover with Butterfly Pea Flower & Kaolin Clay - Deep Cleansing Face Mask for Oily, Dry, or Sensitive Skin",
        "price": "$24.99 ($3.97 / Ounce)",
        "listPrice": "$36.00 ($5.71 / Ounce)",
        "imageUrl": "https://m.media-amazon.com/images/I/41BSF7IvLrL._SL160_.jpg",
        "detailPageURL": "https://www.amazon.com/dp/B08GJJGY1Y",
        "rating": "4.3",
        "totalReviews": "258",
        "subtitle": "Teami",
        "isPrimeEligible": "1"
    },
    {
        "ASIN": "B077XNVQFK",
        "title": "SPA REDI - Clay Mask, Sensual Rose, 128 Oz - Pedicure and Body Deep Cleansing, Skin Pore Purifying, Detoxifying and Hydrating - Natural Bentonite Clay, Infused with",
        "price": "$42.60 ($0.33 / Ounce)",
        "listPrice": "$49.99 ($0.39 / Ounce)",
        "imageUrl": "https://m.media-amazon.com/images/I/41EGyLQ72nL._SL160_.jpg",
        "detailPageURL": "https://www.amazon.com/dp/B077XNVQFK",
        "rating": "5.0",
        "totalReviews": "7",
        "subtitle": "SPA REDI",
        "isPrimeEligible": "1"
    },
    {
        "ASIN": "B072J6Q91G",
        "title": "Aromine Rhassoul Clay Powder 16oz Moroccan Ghassoul Clay Mask",
        "price": "$19.95 ($1.25 / Ounce)",
        "listPrice": "",
        "imageUrl": "https://m.media-amazon.com/images/I/41jlBVUZuIL._SL160_.jpg",
        "detailPageURL": "https://www.amazon.com/dp/B072J6Q91G",
        "rating": "4.7",
        "totalReviews": "1287",
        "subtitle": "Aromine",
        "isPrimeEligible": "1"
    },
    {
        "ASIN": "B01M0Z6EQC",
        "title": "NOW Solutions, Mediterranean Red Clay Powder, Pure Powder for Sensitive Skin Facial Mask, 14-Ounce",
        "price": "$10.95 ($0.78 / Ounce)",
        "listPrice": "$14.99 ($1.07 / Ounce)",
        "imageUrl": "https://m.media-amazon.com/images/I/413m1gb702L._SL160_.jpg",
        "detailPageURL": "https://www.amazon.com/dp/B01M0Z6EQC",
        "rating": "4.7",
        "totalReviews": "684",
        "subtitle": "",
        "isPrimeEligible": "1"
    },
    {
        "ASIN": "B096M6S3HP",
        "title": "GLAM UP Pore Purifying Matcha Tea tree Clay Mask for Acne Prone Skin - Calming Face Mask for Acne with Green tea, Tea Tree - Vegan Skincare, Cruelty Free (125ml/4.23 Oz)",
        "price": "$14.98 ($3.40 / Ounce)",
        "listPrice": "",
        "imageUrl": "https://m.media-amazon.com/images/I/41ST3BVp6WL._SL160_.jpg",
        "detailPageURL": "https://www.amazon.com/dp/B096M6S3HP",
        "rating": "4.3",
        "totalReviews": "162",
        "subtitle": "GLAM UP",
        "isPrimeEligible": "1"
    },
    {
        "ASIN": "B0014UCJPO",
        "title": "NOW Solutions, European Clay Powder, Pure Powder for a Detox Facial Cleansing Mask, 6-Ounce",
        "price": "$5.10 ($0.85 / Ounce)",
        "listPrice": "$6.99 ($1.16 / Ounce)",
        "imageUrl": "https://m.media-amazon.com/images/I/411vogBdmaL._SL160_.jpg",
        "detailPageURL": "https://www.amazon.com/dp/B0014UCJPO",
        "rating": "4.5",
        "totalReviews": "1072",
        "subtitle": "NOW",
        "isPrimeEligible": "1"
    },
    {
        "ASIN": "B07ZPHJNVC",
        "title": "Mayan Magic Mud Powerful Deep Pore Cleansing Calcium Bentonite Clay - 1 lb - Natural Face Mask Peel for Men and Women - USA Made Full Facial Skin Care - Spa Level Skin Cleanser Beauty Products",
        "price": "$9.39 ($0.59 / Ounce)",
        "listPrice": "$9.99 ($0.62 / Ounce)",
        "imageUrl": "https://m.media-amazon.com/images/I/51QbfXijm7L._SL160_.jpg",
        "detailPageURL": "https://www.amazon.com/dp/B07ZPHJNVC",
        "rating": "4.4",
        "totalReviews": "1371",
        "subtitle": "Mayan Magic Mud",
        "isPrimeEligible": "1"
    },
    {
        "ASIN": "B00CZA87MQ",
        "title": "Freeman Feeling Beautiful Facial Clay Masque Avocado & Oatmeal 6 oz (Pack of 2)",
        "price": "$9.97 ($0.83 / Fl Oz)",
        "listPrice": "",
        "imageUrl": "https://m.media-amazon.com/images/I/514eN2M2IzL._SL160_.jpg",
        "detailPageURL": "https://www.amazon.com/dp/B00CZA87MQ",
        "rating": "4.7",
        "totalReviews": "611",
        "subtitle": "FREEMAN",
        "isPrimeEligible": "1"
    },
    {
        "ASIN": "B0912BD42B",
        "title": "AXIS-Y Mugwort Pore Clarifying Wash Off Pack | Exfoliating | Pore Reduction | Acne, blackhead, oily skin care | Clay/Mud Mask | Korean Skincare | 100ml / 3.38 fl. oz.",
        "price": "$16.81 ($16.64 / Fl Oz)",
        "listPrice": "$22.00 ($21.78 / Fl Oz)",
        "imageUrl": "https://m.media-amazon.com/images/I/41RlvTpX4aL._SL160_.jpg",
        "detailPageURL": "https://www.amazon.com/dp/B0912BD42B",
        "rating": "4.3",
        "totalReviews": "28",
        "subtitle": "AXIS-Y",
        "isPrimeEligible": "1"
    },
    {
        "ASIN": "B08GJJGY1Y",
        "title": "Teami Beauty Facial Mask - Moisturizing Face Mask Skin Care - Anti Acne & Blackhead Remover with Butterfly Pea Flower & Kaolin Clay - Deep Cleansing Face Mask for Oily, Dry, or Sensitive Skin",
        "price": "$24.99 ($3.97 / Ounce)",
        "listPrice": "$36.00 ($5.71 / Ounce)",
        "imageUrl": "https://m.media-amazon.com/images/I/41BSF7IvLrL._SL160_.jpg",
        "detailPageURL": "https://www.amazon.com/dp/B08GJJGY1Y",
        "rating": "4.3",
        "totalReviews": "258",
        "subtitle": "Teami",
        "isPrimeEligible": "1"
    },
    {
        "ASIN": "B077XNVQFK",
        "title": "SPA REDI - Clay Mask, Sensual Rose, 128 Oz - Pedicure and Body Deep Cleansing, Skin Pore Purifying, Detoxifying and Hydrating - Natural Bentonite Clay, Infused with",
        "price": "$42.60 ($0.33 / Ounce)",
        "listPrice": "$49.99 ($0.39 / Ounce)",
        "imageUrl": "https://m.media-amazon.com/images/I/41EGyLQ72nL._SL160_.jpg",
        "detailPageURL": "https://www.amazon.com/dp/B077XNVQFK",
        "rating": "5.0",
        "totalReviews": "7",
        "subtitle": "SPA REDI",
        "isPrimeEligible": "1"
    },
    {
        "ASIN": "B072J6Q91G",
        "title": "Aromine Rhassoul Clay Powder 16oz Moroccan Ghassoul Clay Mask",
        "price": "$19.95 ($1.25 / Ounce)",
        "listPrice": "",
        "imageUrl": "https://m.media-amazon.com/images/I/41jlBVUZuIL._SL160_.jpg",
        "detailPageURL": "https://www.amazon.com/dp/B072J6Q91G",
        "rating": "4.7",
        "totalReviews": "1287",
        "subtitle": "Aromine",
        "isPrimeEligible": "1"
    },
    {
        "ASIN": "B01M0Z6EQC",
        "title": "NOW Solutions, Mediterranean Red Clay Powder, Pure Powder for Sensitive Skin Facial Mask, 14-Ounce",
        "price": "$10.95 ($0.78 / Ounce)",
        "listPrice": "$14.99 ($1.07 / Ounce)",
        "imageUrl": "https://m.media-amazon.com/images/I/413m1gb702L._SL160_.jpg",
        "detailPageURL": "https://www.amazon.com/dp/B01M0Z6EQC",
        "rating": "4.7",
        "totalReviews": "684",
        "subtitle": "",
        "isPrimeEligible": "1"
    },
    {
        "ASIN": "B096M6S3HP",
        "title": "GLAM UP Pore Purifying Matcha Tea tree Clay Mask for Acne Prone Skin - Calming Face Mask for Acne with Green tea, Tea Tree - Vegan Skincare, Cruelty Free (125ml/4.23 Oz)",
        "price": "$14.98 ($3.40 / Ounce)",
        "listPrice": "",
        "imageUrl": "https://m.media-amazon.com/images/I/41ST3BVp6WL._SL160_.jpg",
        "detailPageURL": "https://www.amazon.com/dp/B096M6S3HP",
        "rating": "4.3",
        "totalReviews": "162",
        "subtitle": "GLAM UP",
        "isPrimeEligible": "1"
    },
    {
        "ASIN": "B0014UCJPO",
        "title": "NOW Solutions, European Clay Powder, Pure Powder for a Detox Facial Cleansing Mask, 6-Ounce",
        "price": "$5.10 ($0.85 / Ounce)",
        "listPrice": "$6.99 ($1.16 / Ounce)",
        "imageUrl": "https://m.media-amazon.com/images/I/411vogBdmaL._SL160_.jpg",
        "detailPageURL": "https://www.amazon.com/dp/B0014UCJPO",
        "rating": "4.5",
        "totalReviews": "1072",
        "subtitle": "NOW",
        "isPrimeEligible": "1"
    },
    {
        "ASIN": "B0CB61G1SL",
        "title": "2 Pack Green Tea Cleansing Mask Stick, Poreless Deep Cleanse Green Tea Mask for Blackhead Remover and Skin Care, Monte Luna Purifying Clay Stick Mask.",
        "price": "$9.99 ($3.54 / Ounce)",
        "listPrice": "",
        "imageUrl": "https://m.media-amazon.com/images/I/41Mp3ViO3mL._SL160_.jpg",
        "detailPageURL": "https://www.amazon.com/dp/B0CB61G1SL",
        "rating": "4.8",
        "totalReviews": "27",
        "subtitle": "Bablabear",
        "isPrimeEligible": "1"
    },
    {
        "ASIN": "B00CZA87MQ",
        "title": "Freeman Feeling Beautiful Facial Clay Masque Avocado & Oatmeal 6 oz (Pack of 2)",
        "price": "$9.97 ($0.83 / Fl Oz)",
        "listPrice": "",
        "imageUrl": "https://m.media-amazon.com/images/I/514eN2M2IzL._SL160_.jpg",
        "detailPageURL": "https://www.amazon.com/dp/B00CZA87MQ",
        "rating": "4.7",
        "totalReviews": "611",
        "subtitle": "FREEMAN",
        "isPrimeEligible": "1"
    },
    {
        "ASIN": "B0912BD42B",
        "title": "AXIS-Y Mugwort Pore Clarifying Wash Off Pack | Exfoliating | Pore Reduction | Acne, blackhead, oily skin care | Clay/Mud Mask | Korean Skincare | 100ml / 3.38 fl. oz.",
        "price": "$16.81 ($16.64 / Fl Oz)",
        "listPrice": "$22.00 ($21.78 / Fl Oz)",
        "imageUrl": "https://m.media-amazon.com/images/I/41RlvTpX4aL._SL160_.jpg",
        "detailPageURL": "https://www.amazon.com/dp/B0912BD42B",
        "rating": "4.3",
        "totalReviews": "28",
        "subtitle": "AXIS-Y",
        "isPrimeEligible": "1"
    },
    {
        "ASIN": "B08GJJGY1Y",
        "title": "Teami Beauty Facial Mask - Moisturizing Face Mask Skin Care - Anti Acne & Blackhead Remover with Butterfly Pea Flower & Kaolin Clay - Deep Cleansing Face Mask for Oily, Dry, or Sensitive Skin",
        "price": "$24.99 ($3.97 / Ounce)",
        "listPrice": "$36.00 ($5.71 / Ounce)",
        "imageUrl": "https://m.media-amazon.com/images/I/41BSF7IvLrL._SL160_.jpg",
        "detailPageURL": "https://www.amazon.com/dp/B08GJJGY1Y",
        "rating": "4.3",
        "totalReviews": "258",
        "subtitle": "Teami",
        "isPrimeEligible": "1"
    },
    {
        "ASIN": "B077XNVQFK",
        "title": "SPA REDI - Clay Mask, Sensual Rose, 128 Oz - Pedicure and Body Deep Cleansing, Skin Pore Purifying, Detoxifying and Hydrating - Natural Bentonite Clay, Infused with",
        "price": "$42.60 ($0.33 / Ounce)",
        "listPrice": "$49.99 ($0.39 / Ounce)",
        "imageUrl": "https://m.media-amazon.com/images/I/41EGyLQ72nL._SL160_.jpg",
        "detailPageURL": "https://www.amazon.com/dp/B077XNVQFK",
        "rating": "5.0",
        "totalReviews": "7",
        "subtitle": "SPA REDI",
        "isPrimeEligible": "1"
    },
    {
        "ASIN": "B072J6Q91G",
        "title": "Aromine Rhassoul Clay Powder 16oz Moroccan Ghassoul Clay Mask",
        "price": "$19.95 ($1.25 / Ounce)",
        "listPrice": "",
        "imageUrl": "https://m.media-amazon.com/images/I/41jlBVUZuIL._SL160_.jpg",
        "detailPageURL": "https://www.amazon.com/dp/B072J6Q91G",
        "rating": "4.7",
        "totalReviews": "1287",
        "subtitle": "Aromine",
        "isPrimeEligible": "1"
    },
    {
        "ASIN": "B01M0Z6EQC",
        "title": "NOW Solutions, Mediterranean Red Clay Powder, Pure Powder for Sensitive Skin Facial Mask, 14-Ounce",
        "price": "$10.95 ($0.78 / Ounce)",
        "listPrice": "$14.99 ($1.07 / Ounce)",
        "imageUrl": "https://m.media-amazon.com/images/I/413m1gb702L._SL160_.jpg",
        "detailPageURL": "https://www.amazon.com/dp/B01M0Z6EQC",
        "rating": "4.7",
        "totalReviews": "684",
        "subtitle": "",
        "isPrimeEligible": "1"
    },
    {
        "ASIN": "B096M6S3HP",
        "title": "GLAM UP Pore Purifying Matcha Tea tree Clay Mask for Acne Prone Skin - Calming Face Mask for Acne with Green tea, Tea Tree - Vegan Skincare, Cruelty Free (125ml/4.23 Oz)",
        "price": "$14.98 ($3.40 / Ounce)",
        "listPrice": "",
        "imageUrl": "https://m.media-amazon.com/images/I/41ST3BVp6WL._SL160_.jpg",
        "detailPageURL": "https://www.amazon.com/dp/B096M6S3HP",
        "rating": "4.3",
        "totalReviews": "162",
        "subtitle": "GLAM UP",
        "isPrimeEligible": "1"
    },
    {
        "ASIN": "B0014UCJPO",
        "title": "NOW Solutions, European Clay Powder, Pure Powder for a Detox Facial Cleansing Mask, 6-Ounce",
        "price": "$5.10 ($0.85 / Ounce)",
        "listPrice": "$6.99 ($1.16 / Ounce)",
        "imageUrl": "https://m.media-amazon.com/images/I/411vogBdmaL._SL160_.jpg",
        "detailPageURL": "https://www.amazon.com/dp/B0014UCJPO",
        "rating": "4.5",
        "totalReviews": "1072",
        "subtitle": "NOW",
        "isPrimeEligible": "1"
    },
    {
        "ASIN": "B0CB61G1SL",
        "title": "2 Pack Green Tea Cleansing Mask Stick, Poreless Deep Cleanse Green Tea Mask for Blackhead Remover and Skin Care, Monte Luna Purifying Clay Stick Mask.",
        "price": "$9.99 ($3.54 / Ounce)",
        "listPrice": "",
        "imageUrl": "https://m.media-amazon.com/images/I/41Mp3ViO3mL._SL160_.jpg",
        "detailPageURL": "https://www.amazon.com/dp/B0CB61G1SL",
        "rating": "4.8",
        "totalReviews": "27",
        "subtitle": "Bablabear",
        "isPrimeEligible": "1"
    },
    {
        "ASIN": "B002K8OEHK",
        "title": "The Body Shop Tea Tree Skin Clearing Clay Mask \u2013 Purifying, Refreshing Mask For Oily, Blemished Skin \u2013 Vegan \u2013 3.85 oz",
        "price": "$21.99",
        "listPrice": "",
        "imageUrl": "https://m.media-amazon.com/images/I/41NlbrKN3LL._SL160_.jpg",
        "detailPageURL": "https://www.amazon.com/dp/B002K8OEHK",
        "rating": "4.5",
        "totalReviews": "2806",
        "subtitle": "The Body Shop",
        "isPrimeEligible": "0"
    },
    {
        "ASIN": "B0912BD42B",
        "title": "AXIS-Y Mugwort Pore Clarifying Wash Off Pack | Exfoliating | Pore Reduction | Acne, blackhead, oily skin care | Clay/Mud Mask | Korean Skincare | 100ml / 3.38 fl. oz.",
        "price": "$16.81 ($16.64 / Fl Oz)",
        "listPrice": "$22.00 ($21.78 / Fl Oz)",
        "imageUrl": "https://m.media-amazon.com/images/I/41RlvTpX4aL._SL160_.jpg",
        "detailPageURL": "https://www.amazon.com/dp/B0912BD42B",
        "rating": "4.3",
        "totalReviews": "28",
        "subtitle": "AXIS-Y",
        "isPrimeEligible": "1"
    },
    {
        "ASIN": "B08GJJGY1Y",
        "title": "Teami Beauty Facial Mask - Moisturizing Face Mask Skin Care - Anti Acne & Blackhead Remover with Butterfly Pea Flower & Kaolin Clay - Deep Cleansing Face Mask for Oily, Dry, or Sensitive Skin",
        "price": "$24.99 ($3.97 / Ounce)",
        "listPrice": "$36.00 ($5.71 / Ounce)",
        "imageUrl": "https://m.media-amazon.com/images/I/41BSF7IvLrL._SL160_.jpg",
        "detailPageURL": "https://www.amazon.com/dp/B08GJJGY1Y",
        "rating": "4.3",
        "totalReviews": "258",
        "subtitle": "Teami",
        "isPrimeEligible": "1"
    },
    {
        "ASIN": "B077XNVQFK",
        "title": "SPA REDI - Clay Mask, Sensual Rose, 128 Oz - Pedicure and Body Deep Cleansing, Skin Pore Purifying, Detoxifying and Hydrating - Natural Bentonite Clay, Infused with",
        "price": "$42.60 ($0.33 / Ounce)",
        "listPrice": "$49.99 ($0.39 / Ounce)",
        "imageUrl": "https://m.media-amazon.com/images/I/41EGyLQ72nL._SL160_.jpg",
        "detailPageURL": "https://www.amazon.com/dp/B077XNVQFK",
        "rating": "5.0",
        "totalReviews": "7",
        "subtitle": "SPA REDI",
        "isPrimeEligible": "1"
    },
    {
        "ASIN": "B072J6Q91G",
        "title": "Aromine Rhassoul Clay Powder 16oz Moroccan Ghassoul Clay Mask",
        "price": "$19.95 ($1.25 / Ounce)",
        "listPrice": "",
        "imageUrl": "https://m.media-amazon.com/images/I/41jlBVUZuIL._SL160_.jpg",
        "detailPageURL": "https://www.amazon.com/dp/B072J6Q91G",
        "rating": "4.7",
        "totalReviews": "1287",
        "subtitle": "Aromine",
        "isPrimeEligible": "1"
    },
    {
        "ASIN": "B01M0Z6EQC",
        "title": "NOW Solutions, Mediterranean Red Clay Powder, Pure Powder for Sensitive Skin Facial Mask, 14-Ounce",
        "price": "$10.95 ($0.78 / Ounce)",
        "listPrice": "$14.99 ($1.07 / Ounce)",
        "imageUrl": "https://m.media-amazon.com/images/I/413m1gb702L._SL160_.jpg",
        "detailPageURL": "https://www.amazon.com/dp/B01M0Z6EQC",
        "rating": "4.7",
        "totalReviews": "684",
        "subtitle": "",
        "isPrimeEligible": "1"
    },
    {
        "ASIN": "B096M6S3HP",
        "title": "GLAM UP Pore Purifying Matcha Tea tree Clay Mask for Acne Prone Skin - Calming Face Mask for Acne with Green tea, Tea Tree - Vegan Skincare, Cruelty Free (125ml/4.23 Oz)",
        "price": "$14.98 ($3.40 / Ounce)",
        "listPrice": "",
        "imageUrl": "https://m.media-amazon.com/images/I/41ST3BVp6WL._SL160_.jpg",
        "detailPageURL": "https://www.amazon.com/dp/B096M6S3HP",
        "rating": "4.3",
        "totalReviews": "162",
        "subtitle": "GLAM UP",
        "isPrimeEligible": "1"
    },
    {
        "ASIN": "B0014UCJPO",
        "title": "NOW Solutions, European Clay Powder, Pure Powder for a Detox Facial Cleansing Mask, 6-Ounce",
        "price": "$5.10 ($0.85 / Ounce)",
        "listPrice": "$6.99 ($1.16 / Ounce)",
        "imageUrl": "https://m.media-amazon.com/images/I/411vogBdmaL._SL160_.jpg",
        "detailPageURL": "https://www.amazon.com/dp/B0014UCJPO",
        "rating": "4.5",
        "totalReviews": "1072",
        "subtitle": "NOW",
        "isPrimeEligible": "1"
    },
    {
        "ASIN": "B0CB61G1SL",
        "title": "2 Pack Green Tea Cleansing Mask Stick, Poreless Deep Cleanse Green Tea Mask for Blackhead Remover and Skin Care, Monte Luna Purifying Clay Stick Mask.",
        "price": "$9.99 ($3.54 / Ounce)",
        "listPrice": "",
        "imageUrl": "https://m.media-amazon.com/images/I/41Mp3ViO3mL._SL160_.jpg",
        "detailPageURL": "https://www.amazon.com/dp/B0CB61G1SL",
        "rating": "4.8",
        "totalReviews": "27",
        "subtitle": "Bablabear",
        "isPrimeEligible": "1"
    },
    {
        "ASIN": "B002K8OEHK",
        "title": "The Body Shop Tea Tree Skin Clearing Clay Mask \u2013 Purifying, Refreshing Mask For Oily, Blemished Skin \u2013 Vegan \u2013 3.85 oz",
        "price": "$21.99",
        "listPrice": "",
        "imageUrl": "https://m.media-amazon.com/images/I/41NlbrKN3LL._SL160_.jpg",
        "detailPageURL": "https://www.amazon.com/dp/B002K8OEHK",
        "rating": "4.5",
        "totalReviews": "2806",
        "subtitle": "The Body Shop",
        "isPrimeEligible": "0"
    },
    {
        "ASIN": "B00UFDHT06",
        "title": "Molivera Organics Bentonite Clay for Detoxifying and Rejuvenating Skin and Hair, 16 oz.",
        "price": "$12.95 ($0.81 / Ounce)",
        "listPrice": "$19.95 ($1.25 / Ounce)",
        "imageUrl": "https://m.media-amazon.com/images/I/51qkf+LmrGL._SL160_.jpg",
        "detailPageURL": "https://www.amazon.com/dp/B00UFDHT06",
        "rating": "4.6",
        "totalReviews": "5174",
        "subtitle": "Molivera Organics",
        "isPrimeEligible": "1"
    }
]