[
    {
        "ASIN": "B01N34XW93",
        "title": "La Roche-Posay Toleriane Purifying Foaming Facial, Oil Free Face Wash for Oily Skin and for Sensitive Skin with Niacinamide, Pore Cleanser Won\u00e2\u20ac\u2122t Dry Out Skin, Unscented",
        "price": "$16.99 ($1.26 / Fl Oz)",
        "listPrice": "",
        "imageUrl": "https://m.media-amazon.com/images/I/41gp5k+DKpL._SL160_.jpg",
        "detailPageURL": "https://www.amazon.com/dp/B01N34XW93",
        "rating": "4.7",
        "totalReviews": "28321",
        "subtitle": "",
        "isPrimeEligible": "1"
    },
    {
        "ASIN": "B01N7T7JKJ",
        "title": "La Roche-Posay Toleriane Hydrating Gentle Face Cleanser, Daily Facial Cleanser with Niacinamide and Ceramides for Sensitive Skin, Moisturizing Face Wash for Normal to Dry Skin, Fragrance Free",
        "price": "$16.99 ($1.26 / Fl Oz)",
        "listPrice": "",
        "imageUrl": "https://m.media-amazon.com/images/I/31khuotLF8L._SL160_.jpg",
        "detailPageURL": "https://www.amazon.com/dp/B01N7T7JKJ",
        "rating": "4.6",
        "totalReviews": "28107",
        "subtitle": "",
        "isPrimeEligible": "1"
    },
    {
        "ASIN": "B01N1LL62W",
        "title": "CeraVe Foaming Facial Cleanser | Daily Face Wash for Oily Skin with Hyaluronic Acid, Ceramides, and Niacinamide| Fragrance Free Paraben Free | 16 Fluid Ounce",
        "price": "$16.99 ($1.06 / Fl Oz)",
        "listPrice": "$17.99 ($1.12 / Fl Oz)",
        "imageUrl": "https://m.media-amazon.com/images/I/41kwN8dWWzL._SL160_.jpg",
        "detailPageURL": "https://www.amazon.com/dp/B01N1LL62W",
        "rating": "4.7",
        "totalReviews": "76016",
        "subtitle": "CeraVe",
        "isPrimeEligible": "1"
    },
    {
        "ASIN": "B00U1YCRD8",
        "title": "CeraVe SA Cleanser | Salicylic Acid Cleanser with Hyaluronic Acid, Niacinamide & Ceramides| BHA Exfoliant for Face | Fragrance Free Non-Comedogenic | 8 Ounce",
        "price": "$12.37 ($1.55 / Ounce)",
        "listPrice": "",
        "imageUrl": "https://m.media-amazon.com/images/I/31LVb8KvKwL._SL160_.jpg",
        "detailPageURL": "https://www.amazon.com/dp/B00U1YCRD8",
        "rating": "4.7",
        "totalReviews": "60760",
        "subtitle": "CeraVe",
        "isPrimeEligible": "1"
    },
    {
        "ASIN": "B09Y4HHY1P",
        "title": "Cetaphil Face Wash, Daily Facial Cleanser for Sensitive, Combination to Oily Skin, NEW 16 oz, Fragrance Free,Gentle Foaming, Soap Free, Hypoallergenic",
        "price": "$11.97 ($0.75 / Fl Oz)",
        "listPrice": "$16.99 ($1.06 / Fl Oz)",
        "imageUrl": "https://m.media-amazon.com/images/I/413tUOeRBuL._SL160_.jpg",
        "detailPageURL": "https://www.amazon.com/dp/B09Y4HHY1P",
        "rating": "4.7",
        "totalReviews": "16319",
        "subtitle": "Cetaphil",
        "isPrimeEligible": "1"
    },
    {
        "ASIN": "B08K8JQPVH",
        "title": "CHASIN' RABBITS Mindful Bubble Cleanse | Vegan All In One Face to Body Bubble Cleanser | Pore Purifying with Charcoal face wash for mens, For Oily Skin | 200mL/6.76 fl. oz",
        "price": "$15.99 ($2.37 / Fl Oz)",
        "listPrice": "",
        "imageUrl": "https://m.media-amazon.com/images/I/41yU8iNkV4L._SL160_.jpg",
        "detailPageURL": "https://www.amazon.com/dp/B08K8JQPVH",
        "rating": "4.8",
        "totalReviews": "169",
        "subtitle": "CHASIN' RABBITS",
        "isPrimeEligible": "1"
    },
    {
        "ASIN": "B00FJ2LU2Q",
        "title": "THEFACESHOP Rice Water Bright Foam Cleanser 150ml",
        "price": "$12.00 ($2.35 / Fl Oz)",
        "listPrice": "",
        "imageUrl": "https://m.media-amazon.com/images/I/313upSrI8fL._SL160_.jpg",
        "detailPageURL": "https://www.amazon.com/dp/B00FJ2LU2Q",
        "rating": "4.5",
        "totalReviews": "16344",
        "subtitle": "",
        "isPrimeEligible": "1"
    },
    {
        "ASIN": "B016NRXO06",
        "title": "COSRX Low pH Good Morning Gel Cleanser, 5.07 fl.oz / 150ml, Daily Mild Face Cleanser for Sensitive Skin with BHA and Tea-Tree Oil, PH Balancing, Anti Breakouts, No Parabens, No Sulfates, Korean Skincare",
        "price": "$11.00 ($2.17 / Fl Oz)",
        "listPrice": "$14.00 ($2.76 / Fl Oz)",
        "imageUrl": "https://m.media-amazon.com/images/I/31jSFIvh2TS._SL160_.jpg",
        "detailPageURL": "https://www.amazon.com/dp/B016NRXO06",
        "rating": "4.5",
        "totalReviews": "14836",
        "subtitle": "COSRX",
        "isPrimeEligible": "1"
    },
    {
        "ASIN": "B06XD4TPWP",
        "title": "McKesson 1719 Dermal Wound Cleanser, 8 oz (Pack of 6)",
        "price": "$83.08 ($1.73 / Fl Oz)",
        "listPrice": "",
        "imageUrl": "https://m.media-amazon.com/images/I/313Ptq0QQcL._SL160_.jpg",
        "detailPageURL": "https://www.amazon.com/dp/B06XD4TPWP",
        "rating": "4.6",
        "totalReviews": "141",
        "subtitle": "",
        "isPrimeEligible": "0"
    },
    {
        "ASIN": "B018A0BO92",
        "title": "Youth To The People Facial Cleanser - Kale and Green Tea Cleanser - Gentle Face Wash, Makeup Remover + Pore Minimizer for All Skin Types - Vegan (8oz)",
        "price": "$39.00 ($4.88 / Fl Oz)",
        "listPrice": "",
        "imageUrl": "https://m.media-amazon.com/images/I/31pns11MoOL._SL160_.jpg",
        "detailPageURL": "https://www.amazon.com/dp/B018A0BO92",
        "rating": "4.7",
        "totalReviews": "6046",
        "subtitle": "Youth To The People",
        "isPrimeEligible": "1"
    },
    {
        "ASIN": "B01N7T7JKJ",
        "title": "La Roche-Posay Toleriane Hydrating Gentle Face Cleanser, Daily Facial Cleanser with Niacinamide and Ceramides for Sensitive Skin, Moisturizing Face Wash for Normal to Dry Skin, Fragrance Free",
        "price": "$16.99 ($1.26 / Fl Oz)",
        "listPrice": "",
        "imageUrl": "https://m.media-amazon.com/images/I/31khuotLF8L._SL160_.jpg",
        "detailPageURL": "https://www.amazon.com/dp/B01N7T7JKJ",
        "rating": "4.6",
        "totalReviews": "28107",
        "subtitle": "",
        "isPrimeEligible": "1"
    },
    {
        "ASIN": "B01N1LL62W",
        "title": "CeraVe Foaming Facial Cleanser | Daily Face Wash for Oily Skin with Hyaluronic Acid, Ceramides, and Niacinamide| Fragrance Free Paraben Free | 16 Fluid Ounce",
        "price": "$16.99 ($1.06 / Fl Oz)",
        "listPrice": "$17.99 ($1.12 / Fl Oz)",
        "imageUrl": "https://m.media-amazon.com/images/I/41kwN8dWWzL._SL160_.jpg",
        "detailPageURL": "https://www.amazon.com/dp/B01N1LL62W",
        "rating": "4.7",
        "totalReviews": "76016",
        "subtitle": "CeraVe",
        "isPrimeEligible": "1"
    },
    {
        "ASIN": "B00U1YCRD8",
        "title": "CeraVe SA Cleanser | Salicylic Acid Cleanser with Hyaluronic Acid, Niacinamide & Ceramides| BHA Exfoliant for Face | Fragrance Free Non-Comedogenic | 8 Ounce",
        "price": "$12.37 ($1.55 / Ounce)",
        "listPrice": "",
        "imageUrl": "https://m.media-amazon.com/images/I/31LVb8KvKwL._SL160_.jpg",
        "detailPageURL": "https://www.amazon.com/dp/B00U1YCRD8",
        "rating": "4.7",
        "totalReviews": "60760",
        "subtitle": "CeraVe",
        "isPrimeEligible": "1"
    },
    {
        "ASIN": "B09Y4HHY1P",
        "title": "Cetaphil Face Wash, Daily Facial Cleanser for Sensitive, Combination to Oily Skin, NEW 16 oz, Fragrance Free,Gentle Foaming, Soap Free, Hypoallergenic",
        "price": "$11.97 ($0.75 / Fl Oz)",
        "listPrice": "$16.99 ($1.06 / Fl Oz)",
        "imageUrl": "https://m.media-amazon.com/images/I/413tUOeRBuL._SL160_.jpg",
        "detailPageURL": "https://www.amazon.com/dp/B09Y4HHY1P",
        "rating": "4.7",
        "totalReviews": "16319",
        "subtitle": "Cetaphil",
        "isPrimeEligible": "1"
    },
    {
        "ASIN": "B08K8JQPVH",
        "title": "CHASIN' RABBITS Mindful Bubble Cleanse | Vegan All In One Face to Body Bubble Cleanser | Pore Purifying with Charcoal face wash for mens, For Oily Skin | 200mL/6.76 fl. oz",
        "price": "$15.99 ($2.37 / Fl Oz)",
        "listPrice": "",
        "imageUrl": "https://m.media-amazon.com/images/I/41yU8iNkV4L._SL160_.jpg",
        "detailPageURL": "https://www.amazon.com/dp/B08K8JQPVH",
        "rating": "4.8",
        "totalReviews": "169",
        "subtitle": "CHASIN' RABBITS",
        "isPrimeEligible": "1"
    },
    {
        "ASIN": "B00FJ2LU2Q",
        "title": "THEFACESHOP Rice Water Bright Foam Cleanser 150ml",
        "price": "$12.00 ($2.35 / Fl Oz)",
        "listPrice": "",
        "imageUrl": "https://m.media-amazon.com/images/I/313upSrI8fL._SL160_.jpg",
        "detailPageURL": "https://www.amazon.com/dp/B00FJ2LU2Q",
        "rating": "4.5",
        "totalReviews": "16344",
        "subtitle": "",
        "isPrimeEligible": "1"
    },
    {
        "ASIN": "B016NRXO06",
        "title": "COSRX Low pH Good Morning Gel Cleanser, 5.07 fl.oz / 150ml, Daily Mild Face Cleanser for Sensitive Skin with BHA and Tea-Tree Oil, PH Balancing, Anti Breakouts, No Parabens, No Sulfates, Korean Skincare",
        "price": "$11.00 ($2.17 / Fl Oz)",
        "listPrice": "$14.00 ($2.76 / Fl Oz)",
        "imageUrl": "https://m.media-amazon.com/images/I/31jSFIvh2TS._SL160_.jpg",
        "detailPageURL": "https://www.amazon.com/dp/B016NRXO06",
        "rating": "4.5",
        "totalReviews": "14836",
        "subtitle": "COSRX",
        "isPrimeEligible": "1"
    },
    {
        "ASIN": "B06XD4TPWP",
        "title": "McKesson 1719 Dermal Wound Cleanser, 8 oz (Pack of 6)",
        "price": "$83.08 ($1.73 / Fl Oz)",
        "listPrice": "",
        "imageUrl": "https://m.media-amazon.com/images/I/313Ptq0QQcL._SL160_.jpg",
        "detailPageURL": "https://www.amazon.com/dp/B06XD4TPWP",
        "rating": "4.6",
        "totalReviews": "141",
        "subtitle": "",
        "isPrimeEligible": "0"
    },
    {
        "ASIN": "B018A0BO92",
        "title": "Youth To The People Facial Cleanser - Kale and Green Tea Cleanser - Gentle Face Wash, Makeup Remover + Pore Minimizer for All Skin Types - Vegan (8oz)",
        "price": "$39.00 ($4.88 / Fl Oz)",
        "listPrice": "",
        "imageUrl": "https://m.media-amazon.com/images/I/31pns11MoOL._SL160_.jpg",
        "detailPageURL": "https://www.amazon.com/dp/B018A0BO92",
        "rating": "4.7",
        "totalReviews": "6046",
        "subtitle": "Youth To The People",
        "isPrimeEligible": "1"
    },
    {
        "ASIN": "B08FMCMGN6",
        "title": "ROUND LAB 1025 Dokdo Cleanser for Sensitive skin (Unscented) | Removes impurities without drying out, Gentle cleanser, Moisturizing, Bubbly Foam Cleanser, Unscented for sensitive skin (5.07fl.oz)",
        "price": "$17.95 ($3.54 / Fl Oz)",
        "listPrice": "",
        "imageUrl": "https://m.media-amazon.com/images/I/21HW1DMAK+L._SL160_.jpg",
        "detailPageURL": "https://www.amazon.com/dp/B08FMCMGN6",
        "rating": "4.6",
        "totalReviews": "361",
        "subtitle": "ROUND LAB",
        "isPrimeEligible": "0"
    },
    {
        "ASIN": "B01N1LL62W",
        "title": "CeraVe Foaming Facial Cleanser | Daily Face Wash for Oily Skin with Hyaluronic Acid, Ceramides, and Niacinamide| Fragrance Free Paraben Free | 16 Fluid Ounce",
        "price": "$16.99 ($1.06 / Fl Oz)",
        "listPrice": "$17.99 ($1.12 / Fl Oz)",
        "imageUrl": "https://m.media-amazon.com/images/I/41kwN8dWWzL._SL160_.jpg",
        "detailPageURL": "https://www.amazon.com/dp/B01N1LL62W",
        "rating": "4.7",
        "totalReviews": "76016",
        "subtitle": "CeraVe",
        "isPrimeEligible": "1"
    },
    {
        "ASIN": "B00U1YCRD8",
        "title": "CeraVe SA Cleanser | Salicylic Acid Cleanser with Hyaluronic Acid, Niacinamide & Ceramides| BHA Exfoliant for Face | Fragrance Free Non-Comedogenic | 8 Ounce",
        "price": "$12.37 ($1.55 / Ounce)",
        "listPrice": "",
        "imageUrl": "https://m.media-amazon.com/images/I/31LVb8KvKwL._SL160_.jpg",
        "detailPageURL": "https://www.amazon.com/dp/B00U1YCRD8",
        "rating": "4.7",
        "totalReviews": "60760",
        "subtitle": "CeraVe",
        "isPrimeEligible": "1"
    },
    {
        "ASIN": "B09Y4HHY1P",
        "title": "Cetaphil Face Wash, Daily Facial Cleanser for Sensitive, Combination to Oily Skin, NEW 16 oz, Fragrance Free,Gentle Foaming, Soap Free, Hypoallergenic",
        "price": "$11.97 ($0.75 / Fl Oz)",
        "listPrice": "$16.99 ($1.06 / Fl Oz)",
        "imageUrl": "https://m.media-amazon.com/images/I/413tUOeRBuL._SL160_.jpg",
        "detailPageURL": "https://www.amazon.com/dp/B09Y4HHY1P",
        "rating": "4.7",
        "totalReviews": "16319",
        "subtitle": "Cetaphil",
        "isPrimeEligible": "1"
    },
    {
        "ASIN": "B08K8JQPVH",
        "title": "CHASIN' RABBITS Mindful Bubble Cleanse | Vegan All In One Face to Body Bubble Cleanser | Pore Purifying with Charcoal face wash for mens, For Oily Skin | 200mL/6.76 fl. oz",
        "price": "$15.99 ($2.37 / Fl Oz)",
        "listPrice": "",
        "imageUrl": "https://m.media-amazon.com/images/I/41yU8iNkV4L._SL160_.jpg",
        "detailPageURL": "https://www.amazon.com/dp/B08K8JQPVH",
        "rating": "4.8",
        "totalReviews": "169",
        "subtitle": "CHASIN' RABBITS",
        "isPrimeEligible": "1"
    },
    {
        "ASIN": "B00FJ2LU2Q",
        "title": "THEFACESHOP Rice Water Bright Foam Cleanser 150ml",
        "price": "$12.00 ($2.35 / Fl Oz)",
        "listPrice": "",
        "imageUrl": "https://m.media-amazon.com/images/I/313upSrI8fL._SL160_.jpg",
        "detailPageURL": "https://www.amazon.com/dp/B00FJ2LU2Q",
        "rating": "4.5",
        "totalReviews": "16344",
        "subtitle": "",
        "isPrimeEligible": "1"
    },
    {
        "ASIN": "B016NRXO06",
        "title": "COSRX Low pH Good Morning Gel Cleanser, 5.07 fl.oz / 150ml, Daily Mild Face Cleanser for Sensitive Skin with BHA and Tea-Tree Oil, PH Balancing, Anti Breakouts, No Parabens, No Sulfates, Korean Skincare",
        "price": "$11.00 ($2.17 / Fl Oz)",
        "listPrice": "$14.00 ($2.76 / Fl Oz)",
        "imageUrl": "https://m.media-amazon.com/images/I/31jSFIvh2TS._SL160_.jpg",
        "detailPageURL": "https://www.amazon.com/dp/B016NRXO06",
        "rating": "4.5",
        "totalReviews": "14836",
        "subtitle": "COSRX",
        "isPrimeEligible": "1"
    },
    {
        "ASIN": "B06XD4TPWP",
        "title": "McKesson 1719 Dermal Wound Cleanser, 8 oz (Pack of 6)",
        "price": "$83.08 ($1.73 / Fl Oz)",
        "listPrice": "",
        "imageUrl": "https://m.media-amazon.com/images/I/313Ptq0QQcL._SL160_.jpg",
        "detailPageURL": "https://www.amazon.com/dp/B06XD4TPWP",
        "rating": "4.6",
        "totalReviews": "141",
        "subtitle": "",
        "isPrimeEligible": "0"
    },
    {
        "ASIN": "B018A0BO92",
        "title": "Youth To The People Facial Cleanser - Kale and Green Tea Cleanser - Gentle Face Wash, Makeup Remover + Pore Minimizer for All Skin Types - Vegan (8oz)",
        "price": "$39.00 ($4.88 / Fl Oz)",
        "listPrice": "",
        "imageUrl": "https://m.media-amazon.com/images/I/31pns11MoOL._SL160_.jpg",
        "detailPageURL": "https://www.amazon.com/dp/B018A0BO92",
        "rating": "4.7",
        "totalReviews": "6046",
        "subtitle": "Youth To The People",
        "isPrimeEligible": "1"
    },
    {
        "ASIN": "B08FMCMGN6",
        "title": "ROUND LAB 1025 Dokdo Cleanser for Sensitive skin (Unscented) | Removes impurities without drying out, Gentle cleanser, Moisturizing, Bubbly Foam Cleanser, Unscented for sensitive skin (5.07fl.oz)",
        "price": "$17.95 ($3.54 / Fl Oz)",
        "listPrice": "",
        "imageUrl": "https://m.media-amazon.com/images/I/21HW1DMAK+L._SL160_.jpg",
        "detailPageURL": "https://www.amazon.com/dp/B08FMCMGN6",
        "rating": "4.6",
        "totalReviews": "361",
        "subtitle": "ROUND LAB",
        "isPrimeEligible": "0"
    },
    {
        "ASIN": "B092PTSDB4",
        "title": "ETUDE SoonJung pH 6.5 Whip Facial Cleanser 5.1 fl. oz. (150ml) 21AD | Soft Bubble Fragrance-Free Low-pH Korean Hydrating Cleansing Wash for Sensitive Skin | K-Beauty | Vegan",
        "price": "$15.50 ($3.04 / Count)",
        "listPrice": "$16.50 ($3.24 / Count)",
        "imageUrl": "https://m.media-amazon.com/images/I/41FmtjtQPNL._SL160_.jpg",
        "detailPageURL": "https://www.amazon.com/dp/B092PTSDB4",
        "rating": "4.6",
        "totalReviews": "2139",
        "subtitle": "Etude House",
        "isPrimeEligible": "1"
    },
    {
        "ASIN": "B00U1YCRD8",
        "title": "CeraVe SA Cleanser | Salicylic Acid Cleanser with Hyaluronic Acid, Niacinamide & Ceramides| BHA Exfoliant for Face | Fragrance Free Non-Comedogenic | 8 Ounce",
        "price": "$12.37 ($1.55 / Ounce)",
        "listPrice": "",
        "imageUrl": "https://m.media-amazon.com/images/I/31LVb8KvKwL._SL160_.jpg",
        "detailPageURL": "https://www.amazon.com/dp/B00U1YCRD8",
        "rating": "4.7",
        "totalReviews": "60760",
        "subtitle": "CeraVe",
        "isPrimeEligible": "1"
    },
    {
        "ASIN": "B09Y4HHY1P",
        "title": "Cetaphil Face Wash, Daily Facial Cleanser for Sensitive, Combination to Oily Skin, NEW 16 oz, Fragrance Free,Gentle Foaming, Soap Free, Hypoallergenic",
        "price": "$11.97 ($0.75 / Fl Oz)",
        "listPrice": "$16.99 ($1.06 / Fl Oz)",
        "imageUrl": "https://m.media-amazon.com/images/I/413tUOeRBuL._SL160_.jpg",
        "detailPageURL": "https://www.amazon.com/dp/B09Y4HHY1P",
        "rating": "4.7",
        "totalReviews": "16319",
        "subtitle": "Cetaphil",
        "isPrimeEligible": "1"
    },
    {
        "ASIN": "B08K8JQPVH",
        "title": "CHASIN' RABBITS Mindful Bubble Cleanse | Vegan All In One Face to Body Bubble Cleanser | Pore Purifying with Charcoal face wash for mens, For Oily Skin | 200mL/6.76 fl. oz",
        "price": "$15.99 ($2.37 / Fl Oz)",
        "listPrice": "",
        "imageUrl": "https://m.media-amazon.com/images/I/41yU8iNkV4L._SL160_.jpg",
        "detailPageURL": "https://www.amazon.com/dp/B08K8JQPVH",
        "rating": "4.8",
        "totalReviews": "169",
        "subtitle": "CHASIN' RABBITS",
        "isPrimeEligible": "1"
    },
    {
        "ASIN": "B00FJ2LU2Q",
        "title": "THEFACESHOP Rice Water Bright Foam Cleanser 150ml",
        "price": "$12.00 ($2.35 / Fl Oz)",
        "listPrice": "",
        "imageUrl": "https://m.media-amazon.com/images/I/313upSrI8fL._SL160_.jpg",
        "detailPageURL": "https://www.amazon.com/dp/B00FJ2LU2Q",
        "rating": "4.5",
        "totalReviews": "16344",
        "subtitle": "",
        "isPrimeEligible": "1"
    },
    {
        "ASIN": "B016NRXO06",
        "title": "COSRX Low pH Good Morning Gel Cleanser, 5.07 fl.oz / 150ml, Daily Mild Face Cleanser for Sensitive Skin with BHA and Tea-Tree Oil, PH Balancing, Anti Breakouts, No Parabens, No Sulfates, Korean Skincare",
        "price": "$11.00 ($2.17 / Fl Oz)",
        "listPrice": "$14.00 ($2.76 / Fl Oz)",
        "imageUrl": "https://m.media-amazon.com/images/I/31jSFIvh2TS._SL160_.jpg",
        "detailPageURL": "https://www.amazon.com/dp/B016NRXO06",
        "rating": "4.5",
        "totalReviews": "14836",
        "subtitle": "COSRX",
        "isPrimeEligible": "1"
    },
    {
        "ASIN": "B06XD4TPWP",
        "title": "McKesson 1719 Dermal Wound Cleanser, 8 oz (Pack of 6)",
        "price": "$83.08 ($1.73 / Fl Oz)",
        "listPrice": "",
        "imageUrl": "https://m.media-amazon.com/images/I/313Ptq0QQcL._SL160_.jpg",
        "detailPageURL": "https://www.amazon.com/dp/B06XD4TPWP",
        "rating": "4.6",
        "totalReviews": "141",
        "subtitle": "",
        "isPrimeEligible": "0"
    },
    {
        "ASIN": "B018A0BO92",
        "title": "Youth To The People Facial Cleanser - Kale and Green Tea Cleanser - Gentle Face Wash, Makeup Remover + Pore Minimizer for All Skin Types - Vegan (8oz)",
        "price": "$39.00 ($4.88 / Fl Oz)",
        "listPrice": "",
        "imageUrl": "https://m.media-amazon.com/images/I/31pns11MoOL._SL160_.jpg",
        "detailPageURL": "https://www.amazon.com/dp/B018A0BO92",
        "rating": "4.7",
        "totalReviews": "6046",
        "subtitle": "Youth To The People",
        "isPrimeEligible": "1"
    },
    {
        "ASIN": "B08FMCMGN6",
        "title": "ROUND LAB 1025 Dokdo Cleanser for Sensitive skin (Unscented) | Removes impurities without drying out, Gentle cleanser, Moisturizing, Bubbly Foam Cleanser, Unscented for sensitive skin (5.07fl.oz)",
        "price": "$17.95 ($3.54 / Fl Oz)",
        "listPrice": "",
        "imageUrl": "https://m.media-amazon.com/images/I/21HW1DMAK+L._SL160_.jpg",
        "detailPageURL": "https://www.amazon.com/dp/B08FMCMGN6",
        "rating": "4.6",
        "totalReviews": "361",
        "subtitle": "ROUND LAB",
        "isPrimeEligible": "0"
    },
    {
        "ASIN": "B092PTSDB4",
        "title": "ETUDE SoonJung pH 6.5 Whip Facial Cleanser 5.1 fl. oz. (150ml) 21AD | Soft Bubble Fragrance-Free Low-pH Korean Hydrating Cleansing Wash for Sensitive Skin | K-Beauty | Vegan",
        "price": "$15.50 ($3.04 / Count)",
        "listPrice": "$16.50 ($3.24 / Count)",
        "imageUrl": "https://m.media-amazon.com/images/I/41FmtjtQPNL._SL160_.jpg",
        "detailPageURL": "https://www.amazon.com/dp/B092PTSDB4",
        "rating": "4.6",
        "totalReviews": "2139",
        "subtitle": "Etude House",
        "isPrimeEligible": "1"
    },
    {
        "ASIN": "B0B3ZCG2NH",
        "title": "Neutrogena Hydro Boost Lightweight Hydrating Facial Gel Cleanser, Gentle Face Wash & Makeup Remover with Hyaluronic Acid, Hypoallergenic & Paraben-Free, 7.8 fl. oz",
        "price": "$10.05 ($1.29 / Fl Oz)",
        "listPrice": "$13.99 ($1.79 / Fl Oz)",
        "imageUrl": "https://m.media-amazon.com/images/I/31OxPRmhC0L._SL160_.jpg",
        "detailPageURL": "https://www.amazon.com/dp/B0B3ZCG2NH",
        "rating": "4.7",
        "totalReviews": "24837",
        "subtitle": "Neutrogena",
        "isPrimeEligible": "1"
    },
    {
        "ASIN": "B09Y4HHY1P",
        "title": "Cetaphil Face Wash, Daily Facial Cleanser for Sensitive, Combination to Oily Skin, NEW 16 oz, Fragrance Free,Gentle Foaming, Soap Free, Hypoallergenic",
        "price": "$11.97 ($0.75 / Fl Oz)",
        "listPrice": "$16.99 ($1.06 / Fl Oz)",
        "imageUrl": "https://m.media-amazon.com/images/I/413tUOeRBuL._SL160_.jpg",
        "detailPageURL": "https://www.amazon.com/dp/B09Y4HHY1P",
        "rating": "4.7",
        "totalReviews": "16319",
        "subtitle": "Cetaphil",
        "isPrimeEligible": "1"
    },
    {
        "ASIN": "B08K8JQPVH",
        "title": "CHASIN' RABBITS Mindful Bubble Cleanse | Vegan All In One Face to Body Bubble Cleanser | Pore Purifying with Charcoal face wash for mens, For Oily Skin | 200mL/6.76 fl. oz",
        "price": "$15.99 ($2.37 / Fl Oz)",
        "listPrice": "",
        "imageUrl": "https://m.media-amazon.com/images/I/41yU8iNkV4L._SL160_.jpg",
        "detailPageURL": "https://www.amazon.com/dp/B08K8JQPVH",
        "rating": "4.8",
        "totalReviews": "169",
        "subtitle": "CHASIN' RABBITS",
        "isPrimeEligible": "1"
    },
    {
        "ASIN": "B00FJ2LU2Q",
        "title": "THEFACESHOP Rice Water Bright Foam Cleanser 150ml",
        "price": "$12.00 ($2.35 / Fl Oz)",
        "listPrice": "",
        "imageUrl": "https://m.media-amazon.com/images/I/313upSrI8fL._SL160_.jpg",
        "detailPageURL": "https://www.amazon.com/dp/B00FJ2LU2Q",
        "rating": "4.5",
        "totalReviews": "16344",
        "subtitle": "",
        "isPrimeEligible": "1"
    },
    {
        "ASIN": "B016NRXO06",
        "title": "COSRX Low pH Good Morning Gel Cleanser, 5.07 fl.oz / 150ml, Daily Mild Face Cleanser for Sensitive Skin with BHA and Tea-Tree Oil, PH Balancing, Anti Breakouts, No Parabens, No Sulfates, Korean Skincare",
        "price": "$11.00 ($2.17 / Fl Oz)",
        "listPrice": "$14.00 ($2.76 / Fl Oz)",
        "imageUrl": "https://m.media-amazon.com/images/I/31jSFIvh2TS._SL160_.jpg",
        "detailPageURL": "https://www.amazon.com/dp/B016NRXO06",
        "rating": "4.5",
        "totalReviews": "14836",
        "subtitle": "COSRX",
        "isPrimeEligible": "1"
    },
    {
        "ASIN": "B06XD4TPWP",
        "title": "McKesson 1719 Dermal Wound Cleanser, 8 oz (Pack of 6)",
        "price": "$83.08 ($1.73 / Fl Oz)",
        "listPrice": "",
        "imageUrl": "https://m.media-amazon.com/images/I/313Ptq0QQcL._SL160_.jpg",
        "detailPageURL": "https://www.amazon.com/dp/B06XD4TPWP",
        "rating": "4.6",
        "totalReviews": "141",
        "subtitle": "",
        "isPrimeEligible": "0"
    },
    {
        "ASIN": "B018A0BO92",
        "title": "Youth To The People Facial Cleanser - Kale and Green Tea Cleanser - Gentle Face Wash, Makeup Remover + Pore Minimizer for All Skin Types - Vegan (8oz)",
        "price": "$39.00 ($4.88 / Fl Oz)",
        "listPrice": "",
        "imageUrl": "https://m.media-amazon.com/images/I/31pns11MoOL._SL160_.jpg",
        "detailPageURL": "https://www.amazon.com/dp/B018A0BO92",
        "rating": "4.7",
        "totalReviews": "6046",
        "subtitle": "Youth To The People",
        "isPrimeEligible": "1"
    },
    {
        "ASIN": "B08FMCMGN6",
        "title": "ROUND LAB 1025 Dokdo Cleanser for Sensitive skin (Unscented) | Removes impurities without drying out, Gentle cleanser, Moisturizing, Bubbly Foam Cleanser, Unscented for sensitive skin (5.07fl.oz)",
        "price": "$17.95 ($3.54 / Fl Oz)",
        "listPrice": "",
        "imageUrl": "https://m.media-amazon.com/images/I/21HW1DMAK+L._SL160_.jpg",
        "detailPageURL": "https://www.amazon.com/dp/B08FMCMGN6",
        "rating": "4.6",
        "totalReviews": "361",
        "subtitle": "ROUND LAB",
        "isPrimeEligible": "0"
    },
    {
        "ASIN": "B092PTSDB4",
        "title": "ETUDE SoonJung pH 6.5 Whip Facial Cleanser 5.1 fl. oz. (150ml) 21AD | Soft Bubble Fragrance-Free Low-pH Korean Hydrating Cleansing Wash for Sensitive Skin | K-Beauty | Vegan",
        "price": "$15.50 ($3.04 / Count)",
        "listPrice": "$16.50 ($3.24 / Count)",
        "imageUrl": "https://m.media-amazon.com/images/I/41FmtjtQPNL._SL160_.jpg",
        "detailPageURL": "https://www.amazon.com/dp/B092PTSDB4",
        "rating": "4.6",
        "totalReviews": "2139",
        "subtitle": "Etude House",
        "isPrimeEligible": "1"
    },
    {
        "ASIN": "B0B3ZCG2NH",
        "title": "Neutrogena Hydro Boost Lightweight Hydrating Facial Gel Cleanser, Gentle Face Wash & Makeup Remover with Hyaluronic Acid, Hypoallergenic & Paraben-Free, 7.8 fl. oz",
        "price": "$10.05 ($1.29 / Fl Oz)",
        "listPrice": "$13.99 ($1.79 / Fl Oz)",
        "imageUrl": "https://m.media-amazon.com/images/I/31OxPRmhC0L._SL160_.jpg",
        "detailPageURL": "https://www.amazon.com/dp/B0B3ZCG2NH",
        "rating": "4.7",
        "totalReviews": "24837",
        "subtitle": "Neutrogena",
        "isPrimeEligible": "1"
    },
    {
        "ASIN": "B00CWTWQ04",
        "title": "SATIN SMOOTH Satin Cleanser Skin Preparation Cleanser, 16 oz",
        "price": "$14.00 ($14.00 / Fl Oz)",
        "listPrice": "$15.89 ($15.89 / Fl Oz)",
        "imageUrl": "https://m.media-amazon.com/images/I/41TXShNCVsL._SL160_.jpg",
        "detailPageURL": "https://www.amazon.com/dp/B00CWTWQ04",
        "rating": "4.7",
        "totalReviews": "1337",
        "subtitle": "SATIN SMOOTH",
        "isPrimeEligible": "1"
    },
    {
        "ASIN": "B08K8JQPVH",
        "title": "CHASIN' RABBITS Mindful Bubble Cleanse | Vegan All In One Face to Body Bubble Cleanser | Pore Purifying with Charcoal face wash for mens, For Oily Skin | 200mL/6.76 fl. oz",
        "price": "$15.99 ($2.37 / Fl Oz)",
        "listPrice": "",
        "imageUrl": "https://m.media-amazon.com/images/I/41yU8iNkV4L._SL160_.jpg",
        "detailPageURL": "https://www.amazon.com/dp/B08K8JQPVH",
        "rating": "4.8",
        "totalReviews": "169",
        "subtitle": "CHASIN' RABBITS",
        "isPrimeEligible": "1"
    },
    {
        "ASIN": "B00FJ2LU2Q",
        "title": "THEFACESHOP Rice Water Bright Foam Cleanser 150ml",
        "price": "$12.00 ($2.35 / Fl Oz)",
        "listPrice": "",
        "imageUrl": "https://m.media-amazon.com/images/I/313upSrI8fL._SL160_.jpg",
        "detailPageURL": "https://www.amazon.com/dp/B00FJ2LU2Q",
        "rating": "4.5",
        "totalReviews": "16344",
        "subtitle": "",
        "isPrimeEligible": "1"
    },
    {
        "ASIN": "B016NRXO06",
        "title": "COSRX Low pH Good Morning Gel Cleanser, 5.07 fl.oz / 150ml, Daily Mild Face Cleanser for Sensitive Skin with BHA and Tea-Tree Oil, PH Balancing, Anti Breakouts, No Parabens, No Sulfates, Korean Skincare",
        "price": "$11.00 ($2.17 / Fl Oz)",
        "listPrice": "$14.00 ($2.76 / Fl Oz)",
        "imageUrl": "https://m.media-amazon.com/images/I/31jSFIvh2TS._SL160_.jpg",
        "detailPageURL": "https://www.amazon.com/dp/B016NRXO06",
        "rating": "4.5",
        "totalReviews": "14836",
        "subtitle": "COSRX",
        "isPrimeEligible": "1"
    },
    {
        "ASIN": "B06XD4TPWP",
        "title": "McKesson 1719 Dermal Wound Cleanser, 8 oz (Pack of 6)",
        "price": "$83.08 ($1.73 / Fl Oz)",
        "listPrice": "",
        "imageUrl": "https://m.media-amazon.com/images/I/313Ptq0QQcL._SL160_.jpg",
        "detailPageURL": "https://www.amazon.com/dp/B06XD4TPWP",
        "rating": "4.6",
        "totalReviews": "141",
        "subtitle": "",
        "isPrimeEligible": "0"
    },
    {
        "ASIN": "B018A0BO92",
        "title": "Youth To The People Facial Cleanser - Kale and Green Tea Cleanser - Gentle Face Wash, Makeup Remover + Pore Minimizer for All Skin Types - Vegan (8oz)",
        "price": "$39.00 ($4.88 / Fl Oz)",
        "listPrice": "",
        "imageUrl": "https://m.media-amazon.com/images/I/31pns11MoOL._SL160_.jpg",
        "detailPageURL": "https://www.amazon.com/dp/B018A0BO92",
        "rating": "4.7",
        "totalReviews": "6046",
        "subtitle": "Youth To The People",
        "isPrimeEligible": "1"
    },
    {
        "ASIN": "B08FMCMGN6",
        "title": "ROUND LAB 1025 Dokdo Cleanser for Sensitive skin (Unscented) | Removes impurities without drying out, Gentle cleanser, Moisturizing, Bubbly Foam Cleanser, Unscented for sensitive skin (5.07fl.oz)",
        "price": "$17.95 ($3.54 / Fl Oz)",
        "listPrice": "",
        "imageUrl": "https://m.media-amazon.com/images/I/21HW1DMAK+L._SL160_.jpg",
        "detailPageURL": "https://www.amazon.com/dp/B08FMCMGN6",
        "rating": "4.6",
        "totalReviews": "361",
        "subtitle": "ROUND LAB",
        "isPrimeEligible": "0"
    },
    {
        "ASIN": "B092PTSDB4",
        "title": "ETUDE SoonJung pH 6.5 Whip Facial Cleanser 5.1 fl. oz. (150ml) 21AD | Soft Bubble Fragrance-Free Low-pH Korean Hydrating Cleansing Wash for Sensitive Skin | K-Beauty | Vegan",
        "price": "$15.50 ($3.04 / Count)",
        "listPrice": "$16.50 ($3.24 / Count)",
        "imageUrl": "https://m.media-amazon.com/images/I/41FmtjtQPNL._SL160_.jpg",
        "detailPageURL": "https://www.amazon.com/dp/B092PTSDB4",
        "rating": "4.6",
        "totalReviews": "2139",
        "subtitle": "Etude House",
        "isPrimeEligible": "1"
    },
    {
        "ASIN": "B0B3ZCG2NH",
        "title": "Neutrogena Hydro Boost Lightweight Hydrating Facial Gel Cleanser, Gentle Face Wash & Makeup Remover with Hyaluronic Acid, Hypoallergenic & Paraben-Free, 7.8 fl. oz",
        "price": "$10.05 ($1.29 / Fl Oz)",
        "listPrice": "$13.99 ($1.79 / Fl Oz)",
        "imageUrl": "https://m.media-amazon.com/images/I/31OxPRmhC0L._SL160_.jpg",
        "detailPageURL": "https://www.amazon.com/dp/B0B3ZCG2NH",
        "rating": "4.7",
        "totalReviews": "24837",
        "subtitle": "Neutrogena",
        "isPrimeEligible": "1"
    },
    {
        "ASIN": "B00CWTWQ04",
        "title": "SATIN SMOOTH Satin Cleanser Skin Preparation Cleanser, 16 oz",
        "price": "$14.00 ($14.00 / Fl Oz)",
        "listPrice": "$15.89 ($15.89 / Fl Oz)",
        "imageUrl": "https://m.media-amazon.com/images/I/41TXShNCVsL._SL160_.jpg",
        "detailPageURL": "https://www.amazon.com/dp/B00CWTWQ04",
        "rating": "4.7",
        "totalReviews": "1337",
        "subtitle": "SATIN SMOOTH",
        "isPrimeEligible": "1"
    },
    {
        "ASIN": "B07X4G39YM",
        "title": "The INKEY List Salicylic Acid Cleanser, Face Wash for Acne, Blackheads, Oily Skin and Breakouts, Safe for All Skin Types, 5.0 fl oz",
        "price": "$11.99 ($2.36 / Fl Oz)",
        "listPrice": "",
        "imageUrl": "https://m.media-amazon.com/images/I/31obBg8SsQL._SL160_.jpg",
        "detailPageURL": "https://www.amazon.com/dp/B07X4G39YM",
        "rating": "4.4",
        "totalReviews": "1454",
        "subtitle": "The INKEY List",
        "isPrimeEligible": "1"
    },
    {
        "ASIN": "B00FJ2LU2Q",
        "title": "THEFACESHOP Rice Water Bright Foam Cleanser 150ml",
        "price": "$12.00 ($2.35 / Fl Oz)",
        "listPrice": "",
        "imageUrl": "https://m.media-amazon.com/images/I/313upSrI8fL._SL160_.jpg",
        "detailPageURL": "https://www.amazon.com/dp/B00FJ2LU2Q",
        "rating": "4.5",
        "totalReviews": "16344",
        "subtitle": "",
        "isPrimeEligible": "1"
    },
    {
        "ASIN": "B016NRXO06",
        "title": "COSRX Low pH Good Morning Gel Cleanser, 5.07 fl.oz / 150ml, Daily Mild Face Cleanser for Sensitive Skin with BHA and Tea-Tree Oil, PH Balancing, Anti Breakouts, No Parabens, No Sulfates, Korean Skincare",
        "price": "$11.00 ($2.17 / Fl Oz)",
        "listPrice": "$14.00 ($2.76 / Fl Oz)",
        "imageUrl": "https://m.media-amazon.com/images/I/31jSFIvh2TS._SL160_.jpg",
        "detailPageURL": "https://www.amazon.com/dp/B016NRXO06",
        "rating": "4.5",
        "totalReviews": "14836",
        "subtitle": "COSRX",
        "isPrimeEligible": "1"
    },
    {
        "ASIN": "B06XD4TPWP",
        "title": "McKesson 1719 Dermal Wound Cleanser, 8 oz (Pack of 6)",
        "price": "$83.08 ($1.73 / Fl Oz)",
        "listPrice": "",
        "imageUrl": "https://m.media-amazon.com/images/I/313Ptq0QQcL._SL160_.jpg",
        "detailPageURL": "https://www.amazon.com/dp/B06XD4TPWP",
        "rating": "4.6",
        "totalReviews": "141",
        "subtitle": "",
        "isPrimeEligible": "0"
    },
    {
        "ASIN": "B018A0BO92",
        "title": "Youth To The People Facial Cleanser - Kale and Green Tea Cleanser - Gentle Face Wash, Makeup Remover + Pore Minimizer for All Skin Types - Vegan (8oz)",
        "price": "$39.00 ($4.88 / Fl Oz)",
        "listPrice": "",
        "imageUrl": "https://m.media-amazon.com/images/I/31pns11MoOL._SL160_.jpg",
        "detailPageURL": "https://www.amazon.com/dp/B018A0BO92",
        "rating": "4.7",
        "totalReviews": "6046",
        "subtitle": "Youth To The People",
        "isPrimeEligible": "1"
    },
    {
        "ASIN": "B08FMCMGN6",
        "title": "ROUND LAB 1025 Dokdo Cleanser for Sensitive skin (Unscented) | Removes impurities without drying out, Gentle cleanser, Moisturizing, Bubbly Foam Cleanser, Unscented for sensitive skin (5.07fl.oz)",
        "price": "$17.95 ($3.54 / Fl Oz)",
        "listPrice": "",
        "imageUrl": "https://m.media-amazon.com/images/I/21HW1DMAK+L._SL160_.jpg",
        "detailPageURL": "https://www.amazon.com/dp/B08FMCMGN6",
        "rating": "4.6",
        "totalReviews": "361",
        "subtitle": "ROUND LAB",
        "isPrimeEligible": "0"
    },
    {
        "ASIN": "B092PTSDB4",
        "title": "ETUDE SoonJung pH 6.5 Whip Facial Cleanser 5.1 fl. oz. (150ml) 21AD | Soft Bubble Fragrance-Free Low-pH Korean Hydrating Cleansing Wash for Sensitive Skin | K-Beauty | Vegan",
        "price": "$15.50 ($3.04 / Count)",
        "listPrice": "$16.50 ($3.24 / Count)",
        "imageUrl": "https://m.media-amazon.com/images/I/41FmtjtQPNL._SL160_.jpg",
        "detailPageURL": "https://www.amazon.com/dp/B092PTSDB4",
        "rating": "4.6",
        "totalReviews": "2139",
        "subtitle": "Etude House",
        "isPrimeEligible": "1"
    },
    {
        "ASIN": "B0B3ZCG2NH",
        "title": "Neutrogena Hydro Boost Lightweight Hydrating Facial Gel Cleanser, Gentle Face Wash & Makeup Remover with Hyaluronic Acid, Hypoallergenic & Paraben-Free, 7.8 fl. oz",
        "price": "$10.05 ($1.29 / Fl Oz)",
        "listPrice": "$13.99 ($1.79 / Fl Oz)",
        "imageUrl": "https://m.media-amazon.com/images/I/31OxPRmhC0L._SL160_.jpg",
        "detailPageURL": "https://www.amazon.com/dp/B0B3ZCG2NH",
        "rating": "4.7",
        "totalReviews": "24837",
        "subtitle": "Neutrogena",
        "isPrimeEligible": "1"
    },
    {
        "ASIN": "B00CWTWQ04",
        "title": "SATIN SMOOTH Satin Cleanser Skin Preparation Cleanser, 16 oz",
        "price": "$14.00 ($14.00 / Fl Oz)",
        "listPrice": "$15.89 ($15.89 / Fl Oz)",
        "imageUrl": "https://m.media-amazon.com/images/I/41TXShNCVsL._SL160_.jpg",
        "detailPageURL": "https://www.amazon.com/dp/B00CWTWQ04",
        "rating": "4.7",
        "totalReviews": "1337",
        "subtitle": "SATIN SMOOTH",
        "isPrimeEligible": "1"
    },
    {
        "ASIN": "B07X4G39YM",
        "title": "The INKEY List Salicylic Acid Cleanser, Face Wash for Acne, Blackheads, Oily Skin and Breakouts, Safe for All Skin Types, 5.0 fl oz",
        "price": "$11.99 ($2.36 / Fl Oz)",
        "listPrice": "",
        "imageUrl": "https://m.media-amazon.com/images/I/31obBg8SsQL._SL160_.jpg",
        "detailPageURL": "https://www.amazon.com/dp/B07X4G39YM",
        "rating": "4.4",
        "totalReviews": "1454",
        "subtitle": "The INKEY List",
        "isPrimeEligible": "1"
    },
    {
        "ASIN": "B08T7DY96H",
        "title": "e.l.f., Holy Hydration! Daily Cleanser, Wash away Excess Oil, Impurities, and Makeup\u2026",
        "price": "$6.00 ($1.62 / Fl Oz)",
        "listPrice": "",
        "imageUrl": "https://m.media-amazon.com/images/I/31GlLn5TR+L._SL160_.jpg",
        "detailPageURL": "https://www.amazon.com/dp/B08T7DY96H",
        "rating": "4.6",
        "totalReviews": "1155",
        "subtitle": "e.l.f.",
        "isPrimeEligible": "1"
    },
    {
        "ASIN": "B016NRXO06",
        "title": "COSRX Low pH Good Morning Gel Cleanser, 5.07 fl.oz / 150ml, Daily Mild Face Cleanser for Sensitive Skin with BHA and Tea-Tree Oil, PH Balancing, Anti Breakouts, No Parabens, No Sulfates, Korean Skincare",
        "price": "$11.00 ($2.17 / Fl Oz)",
        "listPrice": "$14.00 ($2.76 / Fl Oz)",
        "imageUrl": "https://m.media-amazon.com/images/I/31jSFIvh2TS._SL160_.jpg",
        "detailPageURL": "https://www.amazon.com/dp/B016NRXO06",
        "rating": "4.5",
        "totalReviews": "14836",
        "subtitle": "COSRX",
        "isPrimeEligible": "1"
    },
    {
        "ASIN": "B06XD4TPWP",
        "title": "McKesson 1719 Dermal Wound Cleanser, 8 oz (Pack of 6)",
        "price": "$83.08 ($1.73 / Fl Oz)",
        "listPrice": "",
        "imageUrl": "https://m.media-amazon.com/images/I/313Ptq0QQcL._SL160_.jpg",
        "detailPageURL": "https://www.amazon.com/dp/B06XD4TPWP",
        "rating": "4.6",
        "totalReviews": "141",
        "subtitle": "",
        "isPrimeEligible": "0"
    },
    {
        "ASIN": "B018A0BO92",
        "title": "Youth To The People Facial Cleanser - Kale and Green Tea Cleanser - Gentle Face Wash, Makeup Remover + Pore Minimizer for All Skin Types - Vegan (8oz)",
        "price": "$39.00 ($4.88 / Fl Oz)",
        "listPrice": "",
        "imageUrl": "https://m.media-amazon.com/images/I/31pns11MoOL._SL160_.jpg",
        "detailPageURL": "https://www.amazon.com/dp/B018A0BO92",
        "rating": "4.7",
        "totalReviews": "6046",
        "subtitle": "Youth To The People",
        "isPrimeEligible": "1"
    },
    {
        "ASIN": "B08FMCMGN6",
        "title": "ROUND LAB 1025 Dokdo Cleanser for Sensitive skin (Unscented) | Removes impurities without drying out, Gentle cleanser, Moisturizing, Bubbly Foam Cleanser, Unscented for sensitive skin (5.07fl.oz)",
        "price": "$17.95 ($3.54 / Fl Oz)",
        "listPrice": "",
        "imageUrl": "https://m.media-amazon.com/images/I/21HW1DMAK+L._SL160_.jpg",
        "detailPageURL": "https://www.amazon.com/dp/B08FMCMGN6",
        "rating": "4.6",
        "totalReviews": "361",
        "subtitle": "ROUND LAB",
        "isPrimeEligible": "0"
    },
    {
        "ASIN": "B092PTSDB4",
        "title": "ETUDE SoonJung pH 6.5 Whip Facial Cleanser 5.1 fl. oz. (150ml) 21AD | Soft Bubble Fragrance-Free Low-pH Korean Hydrating Cleansing Wash for Sensitive Skin | K-Beauty | Vegan",
        "price": "$15.50 ($3.04 / Count)",
        "listPrice": "$16.50 ($3.24 / Count)",
        "imageUrl": "https://m.media-amazon.com/images/I/41FmtjtQPNL._SL160_.jpg",
        "detailPageURL": "https://www.amazon.com/dp/B092PTSDB4",
        "rating": "4.6",
        "totalReviews": "2139",
        "subtitle": "Etude House",
        "isPrimeEligible": "1"
    },
    {
        "ASIN": "B0B3ZCG2NH",
        "title": "Neutrogena Hydro Boost Lightweight Hydrating Facial Gel Cleanser, Gentle Face Wash & Makeup Remover with Hyaluronic Acid, Hypoallergenic & Paraben-Free, 7.8 fl. oz",
        "price": "$10.05 ($1.29 / Fl Oz)",
        "listPrice": "$13.99 ($1.79 / Fl Oz)",
        "imageUrl": "https://m.media-amazon.com/images/I/31OxPRmhC0L._SL160_.jpg",
        "detailPageURL": "https://www.amazon.com/dp/B0B3ZCG2NH",
        "rating": "4.7",
        "totalReviews": "24837",
        "subtitle": "Neutrogena",
        "isPrimeEligible": "1"
    },
    {
        "ASIN": "B00CWTWQ04",
        "title": "SATIN SMOOTH Satin Cleanser Skin Preparation Cleanser, 16 oz",
        "price": "$14.00 ($14.00 / Fl Oz)",
        "listPrice": "$15.89 ($15.89 / Fl Oz)",
        "imageUrl": "https://m.media-amazon.com/images/I/41TXShNCVsL._SL160_.jpg",
        "detailPageURL": "https://www.amazon.com/dp/B00CWTWQ04",
        "rating": "4.7",
        "totalReviews": "1337",
        "subtitle": "SATIN SMOOTH",
        "isPrimeEligible": "1"
    },
    {
        "ASIN": "B07X4G39YM",
        "title": "The INKEY List Salicylic Acid Cleanser, Face Wash for Acne, Blackheads, Oily Skin and Breakouts, Safe for All Skin Types, 5.0 fl oz",
        "price": "$11.99 ($2.36 / Fl Oz)",
        "listPrice": "",
        "imageUrl": "https://m.media-amazon.com/images/I/31obBg8SsQL._SL160_.jpg",
        "detailPageURL": "https://www.amazon.com/dp/B07X4G39YM",
        "rating": "4.4",
        "totalReviews": "1454",
        "subtitle": "The INKEY List",
        "isPrimeEligible": "1"
    },
    {
        "ASIN": "B08T7DY96H",
        "title": "e.l.f., Holy Hydration! Daily Cleanser, Wash away Excess Oil, Impurities, and Makeup\u2026",
        "price": "$6.00 ($1.62 / Fl Oz)",
        "listPrice": "",
        "imageUrl": "https://m.media-amazon.com/images/I/31GlLn5TR+L._SL160_.jpg",
        "detailPageURL": "https://www.amazon.com/dp/B08T7DY96H",
        "rating": "4.6",
        "totalReviews": "1155",
        "subtitle": "e.l.f.",
        "isPrimeEligible": "1"
    },
    {
        "ASIN": "B09Y2JCYNK",
        "title": "Vanicream Gentle Facial Cleanser - 2.5 fl oz - Formulated Without Common Irritants for Those with Sensitive Skin",
        "price": "$4.95 ($1.98 / Fl Oz)",
        "listPrice": "",
        "imageUrl": "https://m.media-amazon.com/images/I/313o8vuPr2L._SL160_.jpg",
        "detailPageURL": "https://www.amazon.com/dp/B09Y2JCYNK",
        "rating": "4.7",
        "totalReviews": "24746",
        "subtitle": "Vanicream",
        "isPrimeEligible": "1"
    },
    {
        "ASIN": "B06XD4TPWP",
        "title": "McKesson 1719 Dermal Wound Cleanser, 8 oz (Pack of 6)",
        "price": "$83.08 ($1.73 / Fl Oz)",
        "listPrice": "",
        "imageUrl": "https://m.media-amazon.com/images/I/313Ptq0QQcL._SL160_.jpg",
        "detailPageURL": "https://www.amazon.com/dp/B06XD4TPWP",
        "rating": "4.6",
        "totalReviews": "141",
        "subtitle": "",
        "isPrimeEligible": "0"
    },
    {
        "ASIN": "B018A0BO92",
        "title": "Youth To The People Facial Cleanser - Kale and Green Tea Cleanser - Gentle Face Wash, Makeup Remover + Pore Minimizer for All Skin Types - Vegan (8oz)",
        "price": "$39.00 ($4.88 / Fl Oz)",
        "listPrice": "",
        "imageUrl": "https://m.media-amazon.com/images/I/31pns11MoOL._SL160_.jpg",
        "detailPageURL": "https://www.amazon.com/dp/B018A0BO92",
        "rating": "4.7",
        "totalReviews": "6046",
        "subtitle": "Youth To The People",
        "isPrimeEligible": "1"
    },
    {
        "ASIN": "B08FMCMGN6",
        "title": "ROUND LAB 1025 Dokdo Cleanser for Sensitive skin (Unscented) | Removes impurities without drying out, Gentle cleanser, Moisturizing, Bubbly Foam Cleanser, Unscented for sensitive skin (5.07fl.oz)",
        "price": "$17.95 ($3.54 / Fl Oz)",
        "listPrice": "",
        "imageUrl": "https://m.media-amazon.com/images/I/21HW1DMAK+L._SL160_.jpg",
        "detailPageURL": "https://www.amazon.com/dp/B08FMCMGN6",
        "rating": "4.6",
        "totalReviews": "361",
        "subtitle": "ROUND LAB",
        "isPrimeEligible": "0"
    },
    {
        "ASIN": "B092PTSDB4",
        "title": "ETUDE SoonJung pH 6.5 Whip Facial Cleanser 5.1 fl. oz. (150ml) 21AD | Soft Bubble Fragrance-Free Low-pH Korean Hydrating Cleansing Wash for Sensitive Skin | K-Beauty | Vegan",
        "price": "$15.50 ($3.04 / Count)",
        "listPrice": "$16.50 ($3.24 / Count)",
        "imageUrl": "https://m.media-amazon.com/images/I/41FmtjtQPNL._SL160_.jpg",
        "detailPageURL": "https://www.amazon.com/dp/B092PTSDB4",
        "rating": "4.6",
        "totalReviews": "2139",
        "subtitle": "Etude House",
        "isPrimeEligible": "1"
    },
    {
        "ASIN": "B0B3ZCG2NH",
        "title": "Neutrogena Hydro Boost Lightweight Hydrating Facial Gel Cleanser, Gentle Face Wash & Makeup Remover with Hyaluronic Acid, Hypoallergenic & Paraben-Free, 7.8 fl. oz",
        "price": "$10.05 ($1.29 / Fl Oz)",
        "listPrice": "$13.99 ($1.79 / Fl Oz)",
        "imageUrl": "https://m.media-amazon.com/images/I/31OxPRmhC0L._SL160_.jpg",
        "detailPageURL": "https://www.amazon.com/dp/B0B3ZCG2NH",
        "rating": "4.7",
        "totalReviews": "24837",
        "subtitle": "Neutrogena",
        "isPrimeEligible": "1"
    },
    {
        "ASIN": "B00CWTWQ04",
        "title": "SATIN SMOOTH Satin Cleanser Skin Preparation Cleanser, 16 oz",
        "price": "$14.00 ($14.00 / Fl Oz)",
        "listPrice": "$15.89 ($15.89 / Fl Oz)",
        "imageUrl": "https://m.media-amazon.com/images/I/41TXShNCVsL._SL160_.jpg",
        "detailPageURL": "https://www.amazon.com/dp/B00CWTWQ04",
        "rating": "4.7",
        "totalReviews": "1336",
        "subtitle": "SATIN SMOOTH",
        "isPrimeEligible": "1"
    },
    {
        "ASIN": "B07X4G39YM",
        "title": "The INKEY List Salicylic Acid Cleanser, Face Wash for Acne, Blackheads, Oily Skin and Breakouts, Safe for All Skin Types, 5.0 fl oz",
        "price": "$11.99 ($2.36 / Fl Oz)",
        "listPrice": "",
        "imageUrl": "https://m.media-amazon.com/images/I/31obBg8SsQL._SL160_.jpg",
        "detailPageURL": "https://www.amazon.com/dp/B07X4G39YM",
        "rating": "4.4",
        "totalReviews": "1454",
        "subtitle": "The INKEY List",
        "isPrimeEligible": "1"
    },
    {
        "ASIN": "B08T7DY96H",
        "title": "e.l.f., Holy Hydration! Daily Cleanser, Wash away Excess Oil, Impurities, and Makeup\u2026",
        "price": "$6.00 ($1.62 / Fl Oz)",
        "listPrice": "",
        "imageUrl": "https://m.media-amazon.com/images/I/31GlLn5TR+L._SL160_.jpg",
        "detailPageURL": "https://www.amazon.com/dp/B08T7DY96H",
        "rating": "4.6",
        "totalReviews": "1155",
        "subtitle": "e.l.f.",
        "isPrimeEligible": "1"
    },
    {
        "ASIN": "B09Y2JCYNK",
        "title": "Vanicream Gentle Facial Cleanser - 2.5 fl oz - Formulated Without Common Irritants for Those with Sensitive Skin",
        "price": "$4.95 ($1.98 / Fl Oz)",
        "listPrice": "",
        "imageUrl": "https://m.media-amazon.com/images/I/313o8vuPr2L._SL160_.jpg",
        "detailPageURL": "https://www.amazon.com/dp/B09Y2JCYNK",
        "rating": "4.7",
        "totalReviews": "24746",
        "subtitle": "Vanicream",
        "isPrimeEligible": "1"
    },
    {
        "ASIN": "B07YLJPMC3",
        "title": "CeraVe Acne Foaming Cream Cleanser | Acne Treatment Face Wash with 4% Benzoyl Peroxide, Hyaluronic Acid, and Niacinamide | Cream to Foam Formula | Fragrance Free & Non Comedogenic | 5 Oz",
        "price": "$12.99 ($2.60 / Fl Oz)",
        "listPrice": "$17.99 ($3.60 / Fl Oz)",
        "imageUrl": "https://m.media-amazon.com/images/I/51bQrUUTXOL._SL160_.jpg",
        "detailPageURL": "https://www.amazon.com/dp/B07YLJPMC3",
        "rating": "4.6",
        "totalReviews": "29201",
        "subtitle": "CeraVe",
        "isPrimeEligible": "1"
    },
    {
        "ASIN": "B018A0BO92",
        "title": "Youth To The People Facial Cleanser - Kale and Green Tea Cleanser - Gentle Face Wash, Makeup Remover + Pore Minimizer for All Skin Types - Vegan (8oz)",
        "price": "$39.00 ($4.88 / Fl Oz)",
        "listPrice": "",
        "imageUrl": "https://m.media-amazon.com/images/I/31pns11MoOL._SL160_.jpg",
        "detailPageURL": "https://www.amazon.com/dp/B018A0BO92",
        "rating": "4.7",
        "totalReviews": "6046",
        "subtitle": "Youth To The People",
        "isPrimeEligible": "1"
    },
    {
        "ASIN": "B08FMCMGN6",
        "title": "ROUND LAB 1025 Dokdo Cleanser for Sensitive skin (Unscented) | Removes impurities without drying out, Gentle cleanser, Moisturizing, Bubbly Foam Cleanser, Unscented for sensitive skin (5.07fl.oz)",
        "price": "$17.95 ($3.54 / Fl Oz)",
        "listPrice": "",
        "imageUrl": "https://m.media-amazon.com/images/I/21HW1DMAK+L._SL160_.jpg",
        "detailPageURL": "https://www.amazon.com/dp/B08FMCMGN6",
        "rating": "4.6",
        "totalReviews": "361",
        "subtitle": "ROUND LAB",
        "isPrimeEligible": "0"
    },
    {
        "ASIN": "B092PTSDB4",
        "title": "ETUDE SoonJung pH 6.5 Whip Facial Cleanser 5.1 fl. oz. (150ml) 21AD | Soft Bubble Fragrance-Free Low-pH Korean Hydrating Cleansing Wash for Sensitive Skin | K-Beauty | Vegan",
        "price": "$15.50 ($3.04 / Count)",
        "listPrice": "$16.50 ($3.24 / Count)",
        "imageUrl": "https://m.media-amazon.com/images/I/41FmtjtQPNL._SL160_.jpg",
        "detailPageURL": "https://www.amazon.com/dp/B092PTSDB4",
        "rating": "4.6",
        "totalReviews": "2139",
        "subtitle": "Etude House",
        "isPrimeEligible": "1"
    },
    {
        "ASIN": "B0B3ZCG2NH",
        "title": "Neutrogena Hydro Boost Lightweight Hydrating Facial Gel Cleanser, Gentle Face Wash & Makeup Remover with Hyaluronic Acid, Hypoallergenic & Paraben-Free, 7.8 fl. oz",
        "price": "$10.05 ($1.29 / Fl Oz)",
        "listPrice": "$13.99 ($1.79 / Fl Oz)",
        "imageUrl": "https://m.media-amazon.com/images/I/31OxPRmhC0L._SL160_.jpg",
        "detailPageURL": "https://www.amazon.com/dp/B0B3ZCG2NH",
        "rating": "4.7",
        "totalReviews": "24837",
        "subtitle": "Neutrogena",
        "isPrimeEligible": "1"
    },
    {
        "ASIN": "B00CWTWQ04",
        "title": "SATIN SMOOTH Satin Cleanser Skin Preparation Cleanser, 16 oz",
        "price": "$14.00 ($14.00 / Fl Oz)",
        "listPrice": "$15.89 ($15.89 / Fl Oz)",
        "imageUrl": "https://m.media-amazon.com/images/I/41TXShNCVsL._SL160_.jpg",
        "detailPageURL": "https://www.amazon.com/dp/B00CWTWQ04",
        "rating": "4.7",
        "totalReviews": "1336",
        "subtitle": "SATIN SMOOTH",
        "isPrimeEligible": "1"
    },
    {
        "ASIN": "B07X4G39YM",
        "title": "The INKEY List Salicylic Acid Cleanser, Face Wash for Acne, Blackheads, Oily Skin and Breakouts, Safe for All Skin Types, 5.0 fl oz",
        "price": "$11.99 ($2.36 / Fl Oz)",
        "listPrice": "",
        "imageUrl": "https://m.media-amazon.com/images/I/31obBg8SsQL._SL160_.jpg",
        "detailPageURL": "https://www.amazon.com/dp/B07X4G39YM",
        "rating": "4.4",
        "totalReviews": "1454",
        "subtitle": "The INKEY List",
        "isPrimeEligible": "1"
    },
    {
        "ASIN": "B08T7DY96H",
        "title": "e.l.f., Holy Hydration! Daily Cleanser, Wash away Excess Oil, Impurities, and Makeup\u2026",
        "price": "$6.00 ($1.62 / Fl Oz)",
        "listPrice": "",
        "imageUrl": "https://m.media-amazon.com/images/I/31GlLn5TR+L._SL160_.jpg",
        "detailPageURL": "https://www.amazon.com/dp/B08T7DY96H",
        "rating": "4.6",
        "totalReviews": "1155",
        "subtitle": "e.l.f.",
        "isPrimeEligible": "1"
    },
    {
        "ASIN": "B09Y2JCYNK",
        "title": "Vanicream Gentle Facial Cleanser - 2.5 fl oz - Formulated Without Common Irritants for Those with Sensitive Skin",
        "price": "$4.95 ($1.98 / Fl Oz)",
        "listPrice": "",
        "imageUrl": "https://m.media-amazon.com/images/I/313o8vuPr2L._SL160_.jpg",
        "detailPageURL": "https://www.amazon.com/dp/B09Y2JCYNK",
        "rating": "4.7",
        "totalReviews": "24746",
        "subtitle": "Vanicream",
        "isPrimeEligible": "1"
    },
    {
        "ASIN": "B07YLJPMC3",
        "title": "CeraVe Acne Foaming Cream Cleanser | Acne Treatment Face Wash with 4% Benzoyl Peroxide, Hyaluronic Acid, and Niacinamide | Cream to Foam Formula | Fragrance Free & Non Comedogenic | 5 Oz",
        "price": "$12.99 ($2.60 / Fl Oz)",
        "listPrice": "$17.99 ($3.60 / Fl Oz)",
        "imageUrl": "https://m.media-amazon.com/images/I/51bQrUUTXOL._SL160_.jpg",
        "detailPageURL": "https://www.amazon.com/dp/B07YLJPMC3",
        "rating": "4.6",
        "totalReviews": "29201",
        "subtitle": "CeraVe",
        "isPrimeEligible": "1"
    },
    {
        "ASIN": "B08WZS292S",
        "title": "innisfree Pore Clearing Facial Foam with Volcanic Clusters Face Cleanser, 5.07 Fl Oz (Pack of 1)",
        "price": "$14.00 ($0.44 / Fl Oz)",
        "listPrice": "",
        "imageUrl": "https://m.media-amazon.com/images/I/31jelQ+LqxL._SL160_.jpg",
        "detailPageURL": "https://www.amazon.com/dp/B08WZS292S",
        "rating": "4.6",
        "totalReviews": "1173",
        "subtitle": "",
        "isPrimeEligible": "1"
    },
    {
        "ASIN": "B08FMCMGN6",
        "title": "ROUND LAB 1025 Dokdo Cleanser for Sensitive skin (Unscented) | Removes impurities without drying out, Gentle cleanser, Moisturizing, Bubbly Foam Cleanser, Unscented for sensitive skin (5.07fl.oz)",
        "price": "$17.95 ($3.54 / Fl Oz)",
        "listPrice": "",
        "imageUrl": "https://m.media-amazon.com/images/I/21HW1DMAK+L._SL160_.jpg",
        "detailPageURL": "https://www.amazon.com/dp/B08FMCMGN6",
        "rating": "4.6",
        "totalReviews": "361",
        "subtitle": "ROUND LAB",
        "isPrimeEligible": "0"
    },
    {
        "ASIN": "B092PTSDB4",
        "title": "ETUDE SoonJung pH 6.5 Whip Facial Cleanser 5.1 fl. oz. (150ml) 21AD | Soft Bubble Fragrance-Free Low-pH Korean Hydrating Cleansing Wash for Sensitive Skin | K-Beauty | Vegan",
        "price": "$15.50 ($3.04 / Count)",
        "listPrice": "$16.50 ($3.24 / Count)",
        "imageUrl": "https://m.media-amazon.com/images/I/41FmtjtQPNL._SL160_.jpg",
        "detailPageURL": "https://www.amazon.com/dp/B092PTSDB4",
        "rating": "4.6",
        "totalReviews": "2139",
        "subtitle": "Etude House",
        "isPrimeEligible": "1"
    },
    {
        "ASIN": "B0B3ZCG2NH",
        "title": "Neutrogena Hydro Boost Lightweight Hydrating Facial Gel Cleanser, Gentle Face Wash & Makeup Remover with Hyaluronic Acid, Hypoallergenic & Paraben-Free, 7.8 fl. oz",
        "price": "$10.05 ($1.29 / Fl Oz)",
        "listPrice": "$13.99 ($1.79 / Fl Oz)",
        "imageUrl": "https://m.media-amazon.com/images/I/31OxPRmhC0L._SL160_.jpg",
        "detailPageURL": "https://www.amazon.com/dp/B0B3ZCG2NH",
        "rating": "4.7",
        "totalReviews": "24837",
        "subtitle": "Neutrogena",
        "isPrimeEligible": "1"
    },
    {
        "ASIN": "B00CWTWQ04",
        "title": "SATIN SMOOTH Satin Cleanser Skin Preparation Cleanser, 16 oz",
        "price": "$14.00 ($14.00 / Fl Oz)",
        "listPrice": "$15.89 ($15.89 / Fl Oz)",
        "imageUrl": "https://m.media-amazon.com/images/I/41TXShNCVsL._SL160_.jpg",
        "detailPageURL": "https://www.amazon.com/dp/B00CWTWQ04",
        "rating": "4.7",
        "totalReviews": "1336",
        "subtitle": "SATIN SMOOTH",
        "isPrimeEligible": "1"
    },
    {
        "ASIN": "B07X4G39YM",
        "title": "The INKEY List Salicylic Acid Cleanser, Face Wash for Acne, Blackheads, Oily Skin and Breakouts, Safe for All Skin Types, 5.0 fl oz",
        "price": "$11.99 ($2.36 / Fl Oz)",
        "listPrice": "",
        "imageUrl": "https://m.media-amazon.com/images/I/31obBg8SsQL._SL160_.jpg",
        "detailPageURL": "https://www.amazon.com/dp/B07X4G39YM",
        "rating": "4.4",
        "totalReviews": "1454",
        "subtitle": "The INKEY List",
        "isPrimeEligible": "1"
    },
    {
        "ASIN": "B08T7DY96H",
        "title": "e.l.f., Holy Hydration! Daily Cleanser, Wash away Excess Oil, Impurities, and Makeup\u2026",
        "price": "$6.00 ($1.62 / Fl Oz)",
        "listPrice": "",
        "imageUrl": "https://m.media-amazon.com/images/I/31GlLn5TR+L._SL160_.jpg",
        "detailPageURL": "https://www.amazon.com/dp/B08T7DY96H",
        "rating": "4.6",
        "totalReviews": "1155",
        "subtitle": "e.l.f.",
        "isPrimeEligible": "1"
    },
    {
        "ASIN": "B09Y2JCYNK",
        "title": "Vanicream Gentle Facial Cleanser - 2.5 fl oz - Formulated Without Common Irritants for Those with Sensitive Skin",
        "price": "$4.95 ($1.98 / Fl Oz)",
        "listPrice": "",
        "imageUrl": "https://m.media-amazon.com/images/I/313o8vuPr2L._SL160_.jpg",
        "detailPageURL": "https://www.amazon.com/dp/B09Y2JCYNK",
        "rating": "4.7",
        "totalReviews": "24746",
        "subtitle": "Vanicream",
        "isPrimeEligible": "1"
    },
    {
        "ASIN": "B07YLJPMC3",
        "title": "CeraVe Acne Foaming Cream Cleanser | Acne Treatment Face Wash with 4% Benzoyl Peroxide, Hyaluronic Acid, and Niacinamide | Cream to Foam Formula | Fragrance Free & Non Comedogenic | 5 Oz",
        "price": "$12.99 ($2.60 / Fl Oz)",
        "listPrice": "$17.99 ($3.60 / Fl Oz)",
        "imageUrl": "https://m.media-amazon.com/images/I/51bQrUUTXOL._SL160_.jpg",
        "detailPageURL": "https://www.amazon.com/dp/B07YLJPMC3",
        "rating": "4.6",
        "totalReviews": "29201",
        "subtitle": "CeraVe",
        "isPrimeEligible": "1"
    },
    {
        "ASIN": "B08WZS292S",
        "title": "innisfree Pore Clearing Facial Foam with Volcanic Clusters Face Cleanser, 5.07 Fl Oz (Pack of 1)",
        "price": "$14.00 ($0.44 / Fl Oz)",
        "listPrice": "",
        "imageUrl": "https://m.media-amazon.com/images/I/31jelQ+LqxL._SL160_.jpg",
        "detailPageURL": "https://www.amazon.com/dp/B08WZS292S",
        "rating": "4.6",
        "totalReviews": "1173",
        "subtitle": "",
        "isPrimeEligible": "1"
    },
    {
        "ASIN": "B00NGGEZIS",
        "title": "Paula's Choice RESIST Perfectly Balanced Foaming Cleanser, Hyaluronic Acid & Aloe, Anti-Aging Face Wash, Large Pores & Oily Skin, 6.4 Ounce",
        "price": "$22.00 ($3.44 / Fl Oz)",
        "listPrice": "",
        "imageUrl": "https://m.media-amazon.com/images/I/315yFxzXmtL._SL160_.jpg",
        "detailPageURL": "https://www.amazon.com/dp/B00NGGEZIS",
        "rating": "4.5",
        "totalReviews": "3271",
        "subtitle": "Paula's Choice",
        "isPrimeEligible": "1"
    },
    {
        "ASIN": "B092PTSDB4",
        "title": "ETUDE SoonJung pH 6.5 Whip Facial Cleanser 5.1 fl. oz. (150ml) 21AD | Soft Bubble Fragrance-Free Low-pH Korean Hydrating Cleansing Wash for Sensitive Skin | K-Beauty | Vegan",
        "price": "$15.50 ($3.04 / Count)",
        "listPrice": "$16.50 ($3.24 / Count)",
        "imageUrl": "https://m.media-amazon.com/images/I/41FmtjtQPNL._SL160_.jpg",
        "detailPageURL": "https://www.amazon.com/dp/B092PTSDB4",
        "rating": "4.6",
        "totalReviews": "2139",
        "subtitle": "Etude House",
        "isPrimeEligible": "1"
    },
    {
        "ASIN": "B0B3ZCG2NH",
        "title": "Neutrogena Hydro Boost Lightweight Hydrating Facial Gel Cleanser, Gentle Face Wash & Makeup Remover with Hyaluronic Acid, Hypoallergenic & Paraben-Free, 7.8 fl. oz",
        "price": "$10.05 ($1.29 / Fl Oz)",
        "listPrice": "$13.99 ($1.79 / Fl Oz)",
        "imageUrl": "https://m.media-amazon.com/images/I/31OxPRmhC0L._SL160_.jpg",
        "detailPageURL": "https://www.amazon.com/dp/B0B3ZCG2NH",
        "rating": "4.7",
        "totalReviews": "24837",
        "subtitle": "Neutrogena",
        "isPrimeEligible": "1"
    },
    {
        "ASIN": "B00CWTWQ04",
        "title": "SATIN SMOOTH Satin Cleanser Skin Preparation Cleanser, 16 oz",
        "price": "$14.00 ($14.00 / Fl Oz)",
        "listPrice": "$15.89 ($15.89 / Fl Oz)",
        "imageUrl": "https://m.media-amazon.com/images/I/41TXShNCVsL._SL160_.jpg",
        "detailPageURL": "https://www.amazon.com/dp/B00CWTWQ04",
        "rating": "4.7",
        "totalReviews": "1336",
        "subtitle": "SATIN SMOOTH",
        "isPrimeEligible": "1"
    },
    {
        "ASIN": "B07X4G39YM",
        "title": "The INKEY List Salicylic Acid Cleanser, Face Wash for Acne, Blackheads, Oily Skin and Breakouts, Safe for All Skin Types, 5.0 fl oz",
        "price": "$11.99 ($2.36 / Fl Oz)",
        "listPrice": "",
        "imageUrl": "https://m.media-amazon.com/images/I/31obBg8SsQL._SL160_.jpg",
        "detailPageURL": "https://www.amazon.com/dp/B07X4G39YM",
        "rating": "4.4",
        "totalReviews": "1454",
        "subtitle": "The INKEY List",
        "isPrimeEligible": "1"
    },
    {
        "ASIN": "B08T7DY96H",
        "title": "e.l.f., Holy Hydration! Daily Cleanser, Wash away Excess Oil, Impurities, and Makeup\u2026",
        "price": "$6.00 ($1.62 / Fl Oz)",
        "listPrice": "",
        "imageUrl": "https://m.media-amazon.com/images/I/31GlLn5TR+L._SL160_.jpg",
        "detailPageURL": "https://www.amazon.com/dp/B08T7DY96H",
        "rating": "4.6",
        "totalReviews": "1155",
        "subtitle": "e.l.f.",
        "isPrimeEligible": "1"
    },
    {
        "ASIN": "B09Y2JCYNK",
        "title": "Vanicream Gentle Facial Cleanser - 2.5 fl oz - Formulated Without Common Irritants for Those with Sensitive Skin",
        "price": "$4.95 ($1.98 / Fl Oz)",
        "listPrice": "",
        "imageUrl": "https://m.media-amazon.com/images/I/313o8vuPr2L._SL160_.jpg",
        "detailPageURL": "https://www.amazon.com/dp/B09Y2JCYNK",
        "rating": "4.7",
        "totalReviews": "24746",
        "subtitle": "Vanicream",
        "isPrimeEligible": "1"
    },
    {
        "ASIN": "B07YLJPMC3",
        "title": "CeraVe Acne Foaming Cream Cleanser | Acne Treatment Face Wash with 4% Benzoyl Peroxide, Hyaluronic Acid, and Niacinamide | Cream to Foam Formula | Fragrance Free & Non Comedogenic | 5 Oz",
        "price": "$12.99 ($2.60 / Fl Oz)",
        "listPrice": "$17.99 ($3.60 / Fl Oz)",
        "imageUrl": "https://m.media-amazon.com/images/I/51bQrUUTXOL._SL160_.jpg",
        "detailPageURL": "https://www.amazon.com/dp/B07YLJPMC3",
        "rating": "4.6",
        "totalReviews": "29201",
        "subtitle": "CeraVe",
        "isPrimeEligible": "1"
    },
    {
        "ASIN": "B08WZS292S",
        "title": "innisfree Pore Clearing Facial Foam with Volcanic Clusters Face Cleanser, 5.07 Fl Oz (Pack of 1)",
        "price": "$14.00 ($0.44 / Fl Oz)",
        "listPrice": "",
        "imageUrl": "https://m.media-amazon.com/images/I/31jelQ+LqxL._SL160_.jpg",
        "detailPageURL": "https://www.amazon.com/dp/B08WZS292S",
        "rating": "4.6",
        "totalReviews": "1173",
        "subtitle": "",
        "isPrimeEligible": "1"
    },
    {
        "ASIN": "B00NGGEZIS",
        "title": "Paula's Choice RESIST Perfectly Balanced Foaming Cleanser, Hyaluronic Acid & Aloe, Anti-Aging Face Wash, Large Pores & Oily Skin, 6.4 Ounce",
        "price": "$22.00 ($3.44 / Fl Oz)",
        "listPrice": "",
        "imageUrl": "https://m.media-amazon.com/images/I/315yFxzXmtL._SL160_.jpg",
        "detailPageURL": "https://www.amazon.com/dp/B00NGGEZIS",
        "rating": "4.5",
        "totalReviews": "3271",
        "subtitle": "Paula's Choice",
        "isPrimeEligible": "1"
    },
    {
        "ASIN": "B095J9J1F1",
        "title": "Good Light Cosmic Dew Water Cleanser. Celestial Gel-to-Foam, Multi-Purpose Cleanser to Remove Impurities and Hydrate. Made with Glycerin and Hyaluronic Acid. Sensitive Skin Safe (3.38 fl oz)",
        "price": "$18.00 ($5.33 / Fl Oz)",
        "listPrice": "",
        "imageUrl": "https://m.media-amazon.com/images/I/31tRQTUQOLL._SL160_.jpg",
        "detailPageURL": "https://www.amazon.com/dp/B095J9J1F1",
        "rating": "4.6",
        "totalReviews": "101",
        "subtitle": "Good Light",
        "isPrimeEligible": "1"
    },
    {
        "ASIN": "B0B3ZCG2NH",
        "title": "Neutrogena Hydro Boost Lightweight Hydrating Facial Gel Cleanser, Gentle Face Wash & Makeup Remover with Hyaluronic Acid, Hypoallergenic & Paraben-Free, 7.8 fl. oz",
        "price": "$10.05 ($1.29 / Fl Oz)",
        "listPrice": "$13.99 ($1.79 / Fl Oz)",
        "imageUrl": "https://m.media-amazon.com/images/I/31OxPRmhC0L._SL160_.jpg",
        "detailPageURL": "https://www.amazon.com/dp/B0B3ZCG2NH",
        "rating": "4.7",
        "totalReviews": "24837",
        "subtitle": "Neutrogena",
        "isPrimeEligible": "1"
    },
    {
        "ASIN": "B00CWTWQ04",
        "title": "SATIN SMOOTH Satin Cleanser Skin Preparation Cleanser, 16 oz",
        "price": "$14.00 ($14.00 / Fl Oz)",
        "listPrice": "$15.89 ($15.89 / Fl Oz)",
        "imageUrl": "https://m.media-amazon.com/images/I/41TXShNCVsL._SL160_.jpg",
        "detailPageURL": "https://www.amazon.com/dp/B00CWTWQ04",
        "rating": "4.7",
        "totalReviews": "1336",
        "subtitle": "SATIN SMOOTH",
        "isPrimeEligible": "1"
    },
    {
        "ASIN": "B07X4G39YM",
        "title": "The INKEY List Salicylic Acid Cleanser, Face Wash for Acne, Blackheads, Oily Skin and Breakouts, Safe for All Skin Types, 5.0 fl oz",
        "price": "$11.99 ($2.36 / Fl Oz)",
        "listPrice": "",
        "imageUrl": "https://m.media-amazon.com/images/I/31obBg8SsQL._SL160_.jpg",
        "detailPageURL": "https://www.amazon.com/dp/B07X4G39YM",
        "rating": "4.4",
        "totalReviews": "1454",
        "subtitle": "The INKEY List",
        "isPrimeEligible": "1"
    },
    {
        "ASIN": "B08T7DY96H",
        "title": "e.l.f., Holy Hydration! Daily Cleanser, Wash away Excess Oil, Impurities, and Makeup\u2026",
        "price": "$6.00 ($1.62 / Fl Oz)",
        "listPrice": "",
        "imageUrl": "https://m.media-amazon.com/images/I/31GlLn5TR+L._SL160_.jpg",
        "detailPageURL": "https://www.amazon.com/dp/B08T7DY96H",
        "rating": "4.6",
        "totalReviews": "1155",
        "subtitle": "e.l.f.",
        "isPrimeEligible": "1"
    },
    {
        "ASIN": "B09Y2JCYNK",
        "title": "Vanicream Gentle Facial Cleanser - 2.5 fl oz - Formulated Without Common Irritants for Those with Sensitive Skin",
        "price": "$4.95 ($1.98 / Fl Oz)",
        "listPrice": "",
        "imageUrl": "https://m.media-amazon.com/images/I/313o8vuPr2L._SL160_.jpg",
        "detailPageURL": "https://www.amazon.com/dp/B09Y2JCYNK",
        "rating": "4.7",
        "totalReviews": "24746",
        "subtitle": "Vanicream",
        "isPrimeEligible": "1"
    },
    {
        "ASIN": "B07YLJPMC3",
        "title": "CeraVe Acne Foaming Cream Cleanser | Acne Treatment Face Wash with 4% Benzoyl Peroxide, Hyaluronic Acid, and Niacinamide | Cream to Foam Formula | Fragrance Free & Non Comedogenic | 5 Oz",
        "price": "$12.99 ($2.60 / Fl Oz)",
        "listPrice": "$17.99 ($3.60 / Fl Oz)",
        "imageUrl": "https://m.media-amazon.com/images/I/51bQrUUTXOL._SL160_.jpg",
        "detailPageURL": "https://www.amazon.com/dp/B07YLJPMC3",
        "rating": "4.6",
        "totalReviews": "29201",
        "subtitle": "CeraVe",
        "isPrimeEligible": "1"
    },
    {
        "ASIN": "B08WZS292S",
        "title": "innisfree Pore Clearing Facial Foam with Volcanic Clusters Face Cleanser, 5.07 Fl Oz (Pack of 1)",
        "price": "$14.00 ($0.44 / Fl Oz)",
        "listPrice": "",
        "imageUrl": "https://m.media-amazon.com/images/I/31jelQ+LqxL._SL160_.jpg",
        "detailPageURL": "https://www.amazon.com/dp/B08WZS292S",
        "rating": "4.6",
        "totalReviews": "1173",
        "subtitle": "",
        "isPrimeEligible": "1"
    },
    {
        "ASIN": "B00NGGEZIS",
        "title": "Paula's Choice RESIST Perfectly Balanced Foaming Cleanser, Hyaluronic Acid & Aloe, Anti-Aging Face Wash, Large Pores & Oily Skin, 6.4 Ounce",
        "price": "$22.00 ($3.44 / Fl Oz)",
        "listPrice": "",
        "imageUrl": "https://m.media-amazon.com/images/I/315yFxzXmtL._SL160_.jpg",
        "detailPageURL": "https://www.amazon.com/dp/B00NGGEZIS",
        "rating": "4.5",
        "totalReviews": "3271",
        "subtitle": "Paula's Choice",
        "isPrimeEligible": "1"
    },
    {
        "ASIN": "B095J9J1F1",
        "title": "Good Light Cosmic Dew Water Cleanser. Celestial Gel-to-Foam, Multi-Purpose Cleanser to Remove Impurities and Hydrate. Made with Glycerin and Hyaluronic Acid. Sensitive Skin Safe (3.38 fl oz)",
        "price": "$18.00 ($5.33 / Fl Oz)",
        "listPrice": "",
        "imageUrl": "https://m.media-amazon.com/images/I/31tRQTUQOLL._SL160_.jpg",
        "detailPageURL": "https://www.amazon.com/dp/B095J9J1F1",
        "rating": "4.6",
        "totalReviews": "101",
        "subtitle": "Good Light",
        "isPrimeEligible": "1"
    },
    {
        "ASIN": "B0B2HTX6JF",
        "title": "Aveeno Calm + Restore Nourishing Oat Facial Cleanser for Sensitive Skin, Gentle Face Wash with Nourishing Oat & Calming Feverfew, Hypoallergenic, Fragrance-Free, Refill Pouch, 16 fl. Oz",
        "price": "$15.99 ($1.00 / Fl Oz)",
        "listPrice": "$20.69 ($1.29 / Fl Oz)",
        "imageUrl": "https://m.media-amazon.com/images/I/31TI3LhDMTL._SL160_.jpg",
        "detailPageURL": "https://www.amazon.com/dp/B0B2HTX6JF",
        "rating": "4.8",
        "totalReviews": "204",
        "subtitle": "Aveeno",
        "isPrimeEligible": "1"
    },
    {
        "ASIN": "B00CWTWQ04",
        "title": "SATIN SMOOTH Satin Cleanser Skin Preparation Cleanser, 16 oz",
        "price": "$14.00 ($14.00 / Fl Oz)",
        "listPrice": "$15.89 ($15.89 / Fl Oz)",
        "imageUrl": "https://m.media-amazon.com/images/I/41TXShNCVsL._SL160_.jpg",
        "detailPageURL": "https://www.amazon.com/dp/B00CWTWQ04",
        "rating": "4.7",
        "totalReviews": "1336",
        "subtitle": "SATIN SMOOTH",
        "isPrimeEligible": "1"
    },
    {
        "ASIN": "B07X4G39YM",
        "title": "The INKEY List Salicylic Acid Cleanser, Face Wash for Acne, Blackheads, Oily Skin and Breakouts, Safe for All Skin Types, 5.0 fl oz",
        "price": "$11.99 ($2.36 / Fl Oz)",
        "listPrice": "",
        "imageUrl": "https://m.media-amazon.com/images/I/31obBg8SsQL._SL160_.jpg",
        "detailPageURL": "https://www.amazon.com/dp/B07X4G39YM",
        "rating": "4.4",
        "totalReviews": "1454",
        "subtitle": "The INKEY List",
        "isPrimeEligible": "1"
    },
    {
        "ASIN": "B08T7DY96H",
        "title": "e.l.f., Holy Hydration! Daily Cleanser, Wash away Excess Oil, Impurities, and Makeup\u2026",
        "price": "$6.00 ($1.62 / Fl Oz)",
        "listPrice": "",
        "imageUrl": "https://m.media-amazon.com/images/I/31GlLn5TR+L._SL160_.jpg",
        "detailPageURL": "https://www.amazon.com/dp/B08T7DY96H",
        "rating": "4.6",
        "totalReviews": "1155",
        "subtitle": "e.l.f.",
        "isPrimeEligible": "1"
    },
    {
        "ASIN": "B09Y2JCYNK",
        "title": "Vanicream Gentle Facial Cleanser - 2.5 fl oz - Formulated Without Common Irritants for Those with Sensitive Skin",
        "price": "$4.95 ($1.98 / Fl Oz)",
        "listPrice": "",
        "imageUrl": "https://m.media-amazon.com/images/I/313o8vuPr2L._SL160_.jpg",
        "detailPageURL": "https://www.amazon.com/dp/B09Y2JCYNK",
        "rating": "4.7",
        "totalReviews": "24746",
        "subtitle": "Vanicream",
        "isPrimeEligible": "1"
    },
    {
        "ASIN": "B07YLJPMC3",
        "title": "CeraVe Acne Foaming Cream Cleanser | Acne Treatment Face Wash with 4% Benzoyl Peroxide, Hyaluronic Acid, and Niacinamide | Cream to Foam Formula | Fragrance Free & Non Comedogenic | 5 Oz",
        "price": "$12.99 ($2.60 / Fl Oz)",
        "listPrice": "$17.99 ($3.60 / Fl Oz)",
        "imageUrl": "https://m.media-amazon.com/images/I/51bQrUUTXOL._SL160_.jpg",
        "detailPageURL": "https://www.amazon.com/dp/B07YLJPMC3",
        "rating": "4.6",
        "totalReviews": "29201",
        "subtitle": "CeraVe",
        "isPrimeEligible": "1"
    },
    {
        "ASIN": "B08WZS292S",
        "title": "innisfree Pore Clearing Facial Foam with Volcanic Clusters Face Cleanser, 5.07 Fl Oz (Pack of 1)",
        "price": "$14.00 ($0.44 / Fl Oz)",
        "listPrice": "",
        "imageUrl": "https://m.media-amazon.com/images/I/31jelQ+LqxL._SL160_.jpg",
        "detailPageURL": "https://www.amazon.com/dp/B08WZS292S",
        "rating": "4.6",
        "totalReviews": "1173",
        "subtitle": "",
        "isPrimeEligible": "1"
    },
    {
        "ASIN": "B00NGGEZIS",
        "title": "Paula's Choice RESIST Perfectly Balanced Foaming Cleanser, Hyaluronic Acid & Aloe, Anti-Aging Face Wash, Large Pores & Oily Skin, 6.4 Ounce",
        "price": "$22.00 ($3.44 / Fl Oz)",
        "listPrice": "",
        "imageUrl": "https://m.media-amazon.com/images/I/315yFxzXmtL._SL160_.jpg",
        "detailPageURL": "https://www.amazon.com/dp/B00NGGEZIS",
        "rating": "4.5",
        "totalReviews": "3271",
        "subtitle": "Paula's Choice",
        "isPrimeEligible": "1"
    },
    {
        "ASIN": "B095J9J1F1",
        "title": "Good Light Cosmic Dew Water Cleanser. Celestial Gel-to-Foam, Multi-Purpose Cleanser to Remove Impurities and Hydrate. Made with Glycerin and Hyaluronic Acid. Sensitive Skin Safe (3.38 fl oz)",
        "price": "$18.00 ($5.33 / Fl Oz)",
        "listPrice": "",
        "imageUrl": "https://m.media-amazon.com/images/I/31tRQTUQOLL._SL160_.jpg",
        "detailPageURL": "https://www.amazon.com/dp/B095J9J1F1",
        "rating": "4.6",
        "totalReviews": "101",
        "subtitle": "Good Light",
        "isPrimeEligible": "1"
    },
    {
        "ASIN": "B0B2HTX6JF",
        "title": "Aveeno Calm + Restore Nourishing Oat Facial Cleanser for Sensitive Skin, Gentle Face Wash with Nourishing Oat & Calming Feverfew, Hypoallergenic, Fragrance-Free, Refill Pouch, 16 fl. Oz",
        "price": "$15.99 ($1.00 / Fl Oz)",
        "listPrice": "$20.69 ($1.29 / Fl Oz)",
        "imageUrl": "https://m.media-amazon.com/images/I/31TI3LhDMTL._SL160_.jpg",
        "detailPageURL": "https://www.amazon.com/dp/B0B2HTX6JF",
        "rating": "4.8",
        "totalReviews": "204",
        "subtitle": "Aveeno",
        "isPrimeEligible": "1"
    },
    {
        "ASIN": "B08H6PHF2N",
        "title": "COSRX Advanced Snail Mucin Gel Cleanser, 5.07 Fl Oz / 150 mL | Rich Daily Deep Cleansing Gel for Dry & Sensitive Skin | Korean Skincare, Not Tested on Animals, No Parabens",
        "price": "$18.00 ($3.55 / Ounce)",
        "listPrice": "",
        "imageUrl": "https://m.media-amazon.com/images/I/31i-9Pt0KJL._SL160_.jpg",
        "detailPageURL": "https://www.amazon.com/dp/B08H6PHF2N",
        "rating": "4.6",
        "totalReviews": "1030",
        "subtitle": "COSRX",
        "isPrimeEligible": "1"
    },
    {
        "ASIN": "B07X4G39YM",
        "title": "The INKEY List Salicylic Acid Cleanser, Face Wash for Acne, Blackheads, Oily Skin and Breakouts, Safe for All Skin Types, 5.0 fl oz",
        "price": "$11.99 ($2.36 / Fl Oz)",
        "listPrice": "",
        "imageUrl": "https://m.media-amazon.com/images/I/31obBg8SsQL._SL160_.jpg",
        "detailPageURL": "https://www.amazon.com/dp/B07X4G39YM",
        "rating": "4.4",
        "totalReviews": "1454",
        "subtitle": "The INKEY List",
        "isPrimeEligible": "1"
    },
    {
        "ASIN": "B08T7DY96H",
        "title": "e.l.f., Holy Hydration! Daily Cleanser, Wash away Excess Oil, Impurities, and Makeup\u2026",
        "price": "$6.00 ($1.62 / Fl Oz)",
        "listPrice": "",
        "imageUrl": "https://m.media-amazon.com/images/I/31GlLn5TR+L._SL160_.jpg",
        "detailPageURL": "https://www.amazon.com/dp/B08T7DY96H",
        "rating": "4.6",
        "totalReviews": "1155",
        "subtitle": "e.l.f.",
        "isPrimeEligible": "1"
    },
    {
        "ASIN": "B09Y2JCYNK",
        "title": "Vanicream Gentle Facial Cleanser - 2.5 fl oz - Formulated Without Common Irritants for Those with Sensitive Skin",
        "price": "$4.95 ($1.98 / Fl Oz)",
        "listPrice": "",
        "imageUrl": "https://m.media-amazon.com/images/I/313o8vuPr2L._SL160_.jpg",
        "detailPageURL": "https://www.amazon.com/dp/B09Y2JCYNK",
        "rating": "4.7",
        "totalReviews": "24746",
        "subtitle": "Vanicream",
        "isPrimeEligible": "1"
    },
    {
        "ASIN": "B07YLJPMC3",
        "title": "CeraVe Acne Foaming Cream Cleanser | Acne Treatment Face Wash with 4% Benzoyl Peroxide, Hyaluronic Acid, and Niacinamide | Cream to Foam Formula | Fragrance Free & Non Comedogenic | 5 Oz",
        "price": "$12.99 ($2.60 / Fl Oz)",
        "listPrice": "$17.99 ($3.60 / Fl Oz)",
        "imageUrl": "https://m.media-amazon.com/images/I/51bQrUUTXOL._SL160_.jpg",
        "detailPageURL": "https://www.amazon.com/dp/B07YLJPMC3",
        "rating": "4.6",
        "totalReviews": "29201",
        "subtitle": "CeraVe",
        "isPrimeEligible": "1"
    },
    {
        "ASIN": "B08WZS292S",
        "title": "innisfree Pore Clearing Facial Foam with Volcanic Clusters Face Cleanser, 5.07 Fl Oz (Pack of 1)",
        "price": "$14.00 ($0.44 / Fl Oz)",
        "listPrice": "",
        "imageUrl": "https://m.media-amazon.com/images/I/31jelQ+LqxL._SL160_.jpg",
        "detailPageURL": "https://www.amazon.com/dp/B08WZS292S",
        "rating": "4.6",
        "totalReviews": "1173",
        "subtitle": "",
        "isPrimeEligible": "1"
    },
    {
        "ASIN": "B00NGGEZIS",
        "title": "Paula's Choice RESIST Perfectly Balanced Foaming Cleanser, Hyaluronic Acid & Aloe, Anti-Aging Face Wash, Large Pores & Oily Skin, 6.4 Ounce",
        "price": "$22.00 ($3.44 / Fl Oz)",
        "listPrice": "",
        "imageUrl": "https://m.media-amazon.com/images/I/315yFxzXmtL._SL160_.jpg",
        "detailPageURL": "https://www.amazon.com/dp/B00NGGEZIS",
        "rating": "4.5",
        "totalReviews": "3271",
        "subtitle": "Paula's Choice",
        "isPrimeEligible": "1"
    },
    {
        "ASIN": "B095J9J1F1",
        "title": "Good Light Cosmic Dew Water Cleanser. Celestial Gel-to-Foam, Multi-Purpose Cleanser to Remove Impurities and Hydrate. Made with Glycerin and Hyaluronic Acid. Sensitive Skin Safe (3.38 fl oz)",
        "price": "$18.00 ($5.33 / Fl Oz)",
        "listPrice": "",
        "imageUrl": "https://m.media-amazon.com/images/I/31tRQTUQOLL._SL160_.jpg",
        "detailPageURL": "https://www.amazon.com/dp/B095J9J1F1",
        "rating": "4.6",
        "totalReviews": "101",
        "subtitle": "Good Light",
        "isPrimeEligible": "1"
    },
    {
        "ASIN": "B0B2HTX6JF",
        "title": "Aveeno Calm + Restore Nourishing Oat Facial Cleanser for Sensitive Skin, Gentle Face Wash with Nourishing Oat & Calming Feverfew, Hypoallergenic, Fragrance-Free, Refill Pouch, 16 fl. Oz",
        "price": "$15.99 ($1.00 / Fl Oz)",
        "listPrice": "$20.69 ($1.29 / Fl Oz)",
        "imageUrl": "https://m.media-amazon.com/images/I/31TI3LhDMTL._SL160_.jpg",
        "detailPageURL": "https://www.amazon.com/dp/B0B2HTX6JF",
        "rating": "4.8",
        "totalReviews": "204",
        "subtitle": "Aveeno",
        "isPrimeEligible": "1"
    },
    {
        "ASIN": "B08H6PHF2N",
        "title": "COSRX Advanced Snail Mucin Gel Cleanser, 5.07 Fl Oz / 150 mL | Rich Daily Deep Cleansing Gel for Dry & Sensitive Skin | Korean Skincare, Not Tested on Animals, No Parabens",
        "price": "$18.00 ($3.55 / Ounce)",
        "listPrice": "",
        "imageUrl": "https://m.media-amazon.com/images/I/31i-9Pt0KJL._SL160_.jpg",
        "detailPageURL": "https://www.amazon.com/dp/B08H6PHF2N",
        "rating": "4.6",
        "totalReviews": "1030",
        "subtitle": "COSRX",
        "isPrimeEligible": "1"
    },
    {
        "ASIN": "B00JFV5X3E",
        "title": "Clean & Clear 2-Pack Day and Night Face Cleanser Citrus Morning Burst Facial Cleanser with Vitamin C and Cucumber, Relaxing Night Facial Cleanser with Sea Minerals, Oil Free & Hypoallergenic Face Wash",
        "price": "$9.78 ($1.22 / Fl Oz)",
        "listPrice": "$14.59 ($1.82 / Fl Oz)",
        "imageUrl": "https://m.media-amazon.com/images/I/41GccZLKviL._SL160_.jpg",
        "detailPageURL": "https://www.amazon.com/dp/B00JFV5X3E",
        "rating": "4.6",
        "totalReviews": "35910",
        "subtitle": "Clean & Clear",
        "isPrimeEligible": "1"
    },
    {
        "ASIN": "B08T7DY96H",
        "title": "e.l.f., Holy Hydration! Daily Cleanser, Wash away Excess Oil, Impurities, and Makeup\u2026",
        "price": "$6.00 ($1.62 / Fl Oz)",
        "listPrice": "",
        "imageUrl": "https://m.media-amazon.com/images/I/31GlLn5TR+L._SL160_.jpg",
        "detailPageURL": "https://www.amazon.com/dp/B08T7DY96H",
        "rating": "4.6",
        "totalReviews": "1155",
        "subtitle": "e.l.f.",
        "isPrimeEligible": "1"
    },
    {
        "ASIN": "B09Y2JCYNK",
        "title": "Vanicream Gentle Facial Cleanser - 2.5 fl oz - Formulated Without Common Irritants for Those with Sensitive Skin",
        "price": "$4.95 ($1.98 / Fl Oz)",
        "listPrice": "",
        "imageUrl": "https://m.media-amazon.com/images/I/313o8vuPr2L._SL160_.jpg",
        "detailPageURL": "https://www.amazon.com/dp/B09Y2JCYNK",
        "rating": "4.7",
        "totalReviews": "24746",
        "subtitle": "Vanicream",
        "isPrimeEligible": "1"
    },
    {
        "ASIN": "B07YLJPMC3",
        "title": "CeraVe Acne Foaming Cream Cleanser | Acne Treatment Face Wash with 4% Benzoyl Peroxide, Hyaluronic Acid, and Niacinamide | Cream to Foam Formula | Fragrance Free & Non Comedogenic | 5 Oz",
        "price": "$12.99 ($2.60 / Fl Oz)",
        "listPrice": "$17.99 ($3.60 / Fl Oz)",
        "imageUrl": "https://m.media-amazon.com/images/I/51bQrUUTXOL._SL160_.jpg",
        "detailPageURL": "https://www.amazon.com/dp/B07YLJPMC3",
        "rating": "4.6",
        "totalReviews": "29201",
        "subtitle": "CeraVe",
        "isPrimeEligible": "1"
    },
    {
        "ASIN": "B08WZS292S",
        "title": "innisfree Pore Clearing Facial Foam with Volcanic Clusters Face Cleanser, 5.07 Fl Oz (Pack of 1)",
        "price": "$14.00 ($0.44 / Fl Oz)",
        "listPrice": "",
        "imageUrl": "https://m.media-amazon.com/images/I/31jelQ+LqxL._SL160_.jpg",
        "detailPageURL": "https://www.amazon.com/dp/B08WZS292S",
        "rating": "4.6",
        "totalReviews": "1173",
        "subtitle": "",
        "isPrimeEligible": "1"
    },
    {
        "ASIN": "B00NGGEZIS",
        "title": "Paula's Choice RESIST Perfectly Balanced Foaming Cleanser, Hyaluronic Acid & Aloe, Anti-Aging Face Wash, Large Pores & Oily Skin, 6.4 Ounce",
        "price": "$22.00 ($3.44 / Fl Oz)",
        "listPrice": "",
        "imageUrl": "https://m.media-amazon.com/images/I/315yFxzXmtL._SL160_.jpg",
        "detailPageURL": "https://www.amazon.com/dp/B00NGGEZIS",
        "rating": "4.5",
        "totalReviews": "3271",
        "subtitle": "Paula's Choice",
        "isPrimeEligible": "1"
    },
    {
        "ASIN": "B095J9J1F1",
        "title": "Good Light Cosmic Dew Water Cleanser. Celestial Gel-to-Foam, Multi-Purpose Cleanser to Remove Impurities and Hydrate. Made with Glycerin and Hyaluronic Acid. Sensitive Skin Safe (3.38 fl oz)",
        "price": "$18.00 ($5.33 / Fl Oz)",
        "listPrice": "",
        "imageUrl": "https://m.media-amazon.com/images/I/31tRQTUQOLL._SL160_.jpg",
        "detailPageURL": "https://www.amazon.com/dp/B095J9J1F1",
        "rating": "4.6",
        "totalReviews": "101",
        "subtitle": "Good Light",
        "isPrimeEligible": "1"
    },
    {
        "ASIN": "B08H6PHF2N",
        "title": "COSRX Advanced Snail Mucin Gel Cleanser, 5.07 Fl Oz / 150 mL | Rich Daily Deep Cleansing Gel for Dry & Sensitive Skin | Korean Skincare, Not Tested on Animals, No Parabens",
        "price": "$18.00 ($3.55 / Ounce)",
        "listPrice": "",
        "imageUrl": "https://m.media-amazon.com/images/I/31i-9Pt0KJL._SL160_.jpg",
        "detailPageURL": "https://www.amazon.com/dp/B08H6PHF2N",
        "rating": "4.6",
        "totalReviews": "1030",
        "subtitle": "COSRX",
        "isPrimeEligible": "1"
    },
    {
        "ASIN": "B00JFV5X3E",
        "title": "Clean & Clear 2-Pack Day and Night Face Cleanser Citrus Morning Burst Facial Cleanser with Vitamin C and Cucumber, Relaxing Night Facial Cleanser with Sea Minerals, Oil Free & Hypoallergenic Face Wash",
        "price": "$9.78 ($1.22 / Fl Oz)",
        "listPrice": "$14.59 ($1.82 / Fl Oz)",
        "imageUrl": "https://m.media-amazon.com/images/I/41GccZLKviL._SL160_.jpg",
        "detailPageURL": "https://www.amazon.com/dp/B00JFV5X3E",
        "rating": "4.6",
        "totalReviews": "35910",
        "subtitle": "Clean & Clear",
        "isPrimeEligible": "1"
    },
    {
        "ASIN": "B004HLSZYQ",
        "title": "EltaMD Foaming Facial Cleanser, Foaming Face Wash for Oily Skin, Gently Cleanses and Helps Remove Oil and Dead Skin Cells, Daily Face Wash for Morning and Night Use, For All Skin Types, 7 oz Pump",
        "price": "$32.00 ($4.57 / Fl Oz)",
        "listPrice": "",
        "imageUrl": "https://m.media-amazon.com/images/I/31KXj2UGrOL._SL160_.jpg",
        "detailPageURL": "https://www.amazon.com/dp/B004HLSZYQ",
        "rating": "4.6",
        "totalReviews": "8617",
        "subtitle": "",
        "isPrimeEligible": "1"
    },
    {
        "ASIN": "B0B2HTX6JF",
        "title": "Aveeno Calm + Restore Nourishing Oat Facial Cleanser for Sensitive Skin, Gentle Face Wash with Nourishing Oat & Calming Feverfew, Hypoallergenic, Fragrance-Free, Refill Pouch, 16 fl. Oz",
        "price": "$15.99 ($1.00 / Fl Oz)",
        "listPrice": "$20.69 ($1.29 / Fl Oz)",
        "imageUrl": "https://m.media-amazon.com/images/I/31TI3LhDMTL._SL160_.jpg",
        "detailPageURL": "https://www.amazon.com/dp/B0B2HTX6JF",
        "rating": "4.8",
        "totalReviews": "204",
        "subtitle": "Aveeno",
        "isPrimeEligible": "1"
    },
    {
        "ASIN": "B09Y2JCYNK",
        "title": "Vanicream Gentle Facial Cleanser - 2.5 fl oz - Formulated Without Common Irritants for Those with Sensitive Skin",
        "price": "$4.95 ($1.98 / Fl Oz)",
        "listPrice": "",
        "imageUrl": "https://m.media-amazon.com/images/I/313o8vuPr2L._SL160_.jpg",
        "detailPageURL": "https://www.amazon.com/dp/B09Y2JCYNK",
        "rating": "4.7",
        "totalReviews": "24746",
        "subtitle": "Vanicream",
        "isPrimeEligible": "1"
    },
    {
        "ASIN": "B07YLJPMC3",
        "title": "CeraVe Acne Foaming Cream Cleanser | Acne Treatment Face Wash with 4% Benzoyl Peroxide, Hyaluronic Acid, and Niacinamide | Cream to Foam Formula | Fragrance Free & Non Comedogenic | 5 Oz",
        "price": "$12.99 ($2.60 / Fl Oz)",
        "listPrice": "$17.99 ($3.60 / Fl Oz)",
        "imageUrl": "https://m.media-amazon.com/images/I/51bQrUUTXOL._SL160_.jpg",
        "detailPageURL": "https://www.amazon.com/dp/B07YLJPMC3",
        "rating": "4.6",
        "totalReviews": "29201",
        "subtitle": "CeraVe",
        "isPrimeEligible": "1"
    },
    {
        "ASIN": "B08WZS292S",
        "title": "innisfree Pore Clearing Facial Foam with Volcanic Clusters Face Cleanser, 5.07 Fl Oz (Pack of 1)",
        "price": "$14.00 ($0.44 / Fl Oz)",
        "listPrice": "",
        "imageUrl": "https://m.media-amazon.com/images/I/31jelQ+LqxL._SL160_.jpg",
        "detailPageURL": "https://www.amazon.com/dp/B08WZS292S",
        "rating": "4.6",
        "totalReviews": "1173",
        "subtitle": "",
        "isPrimeEligible": "1"
    },
    {
        "ASIN": "B00NGGEZIS",
        "title": "Paula's Choice RESIST Perfectly Balanced Foaming Cleanser, Hyaluronic Acid & Aloe, Anti-Aging Face Wash, Large Pores & Oily Skin, 6.4 Ounce",
        "price": "$22.00 ($3.44 / Fl Oz)",
        "listPrice": "",
        "imageUrl": "https://m.media-amazon.com/images/I/315yFxzXmtL._SL160_.jpg",
        "detailPageURL": "https://www.amazon.com/dp/B00NGGEZIS",
        "rating": "4.5",
        "totalReviews": "3271",
        "subtitle": "Paula's Choice",
        "isPrimeEligible": "1"
    },
    {
        "ASIN": "B095J9J1F1",
        "title": "Good Light Cosmic Dew Water Cleanser. Celestial Gel-to-Foam, Multi-Purpose Cleanser to Remove Impurities and Hydrate. Made with Glycerin and Hyaluronic Acid. Sensitive Skin Safe (3.38 fl oz)",
        "price": "$18.00 ($5.33 / Fl Oz)",
        "listPrice": "",
        "imageUrl": "https://m.media-amazon.com/images/I/31tRQTUQOLL._SL160_.jpg",
        "detailPageURL": "https://www.amazon.com/dp/B095J9J1F1",
        "rating": "4.6",
        "totalReviews": "101",
        "subtitle": "Good Light",
        "isPrimeEligible": "1"
    },
    {
        "ASIN": "B08H6PHF2N",
        "title": "COSRX Advanced Snail Mucin Gel Cleanser, 5.07 Fl Oz / 150 mL | Rich Daily Deep Cleansing Gel for Dry & Sensitive Skin | Korean Skincare, Not Tested on Animals, No Parabens",
        "price": "$18.00 ($3.55 / Ounce)",
        "listPrice": "",
        "imageUrl": "https://m.media-amazon.com/images/I/31i-9Pt0KJL._SL160_.jpg",
        "detailPageURL": "https://www.amazon.com/dp/B08H6PHF2N",
        "rating": "4.6",
        "totalReviews": "1030",
        "subtitle": "COSRX",
        "isPrimeEligible": "1"
    },
    {
        "ASIN": "B00JFV5X3E",
        "title": "Clean & Clear 2-Pack Day and Night Face Cleanser Citrus Morning Burst Facial Cleanser with Vitamin C and Cucumber, Relaxing Night Facial Cleanser with Sea Minerals, Oil Free & Hypoallergenic Face Wash",
        "price": "$9.78 ($1.22 / Fl Oz)",
        "listPrice": "$14.59 ($1.82 / Fl Oz)",
        "imageUrl": "https://m.media-amazon.com/images/I/41GccZLKviL._SL160_.jpg",
        "detailPageURL": "https://www.amazon.com/dp/B00JFV5X3E",
        "rating": "4.6",
        "totalReviews": "35910",
        "subtitle": "Clean & Clear",
        "isPrimeEligible": "1"
    },
    {
        "ASIN": "B004HLSZYQ",
        "title": "EltaMD Foaming Facial Cleanser, Foaming Face Wash for Oily Skin, Gently Cleanses and Helps Remove Oil and Dead Skin Cells, Daily Face Wash for Morning and Night Use, For All Skin Types, 7 oz Pump",
        "price": "$32.00 ($4.57 / Fl Oz)",
        "listPrice": "",
        "imageUrl": "https://m.media-amazon.com/images/I/31KXj2UGrOL._SL160_.jpg",
        "detailPageURL": "https://www.amazon.com/dp/B004HLSZYQ",
        "rating": "4.6",
        "totalReviews": "8617",
        "subtitle": "",
        "isPrimeEligible": "1"
    },
    {
        "ASIN": "B0B2HTX6JF",
        "title": "Aveeno Calm + Restore Nourishing Oat Facial Cleanser for Sensitive Skin, Gentle Face Wash with Nourishing Oat & Calming Feverfew, Hypoallergenic, Fragrance-Free, Refill Pouch, 16 fl. Oz",
        "price": "$15.99 ($1.00 / Fl Oz)",
        "listPrice": "$20.69 ($1.29 / Fl Oz)",
        "imageUrl": "https://m.media-amazon.com/images/I/31TI3LhDMTL._SL160_.jpg",
        "detailPageURL": "https://www.amazon.com/dp/B0B2HTX6JF",
        "rating": "4.8",
        "totalReviews": "204",
        "subtitle": "Aveeno",
        "isPrimeEligible": "1"
    },
    {
        "ASIN": "B08ZCR6WZY",
        "title": "Clear Collective Exfoliating Jelly Cleanser from Hero Cosmetics - Gentle Daily Jelly-to-Foam Facial Cleanser, Eliminates Excess Oil and Removes Dead Skin, Fragrance and Paraben Free (5.07 fl oz)",
        "price": "$12.99 ($2.56 / Fl Oz)",
        "listPrice": "",
        "imageUrl": "https://m.media-amazon.com/images/I/31HBcAjzxGL._SL160_.jpg",
        "detailPageURL": "https://www.amazon.com/dp/B08ZCR6WZY",
        "rating": "4.4",
        "totalReviews": "2517",
        "subtitle": "Mighty Patch",
        "isPrimeEligible": "1"
    },
    {
        "ASIN": "B07YLJPMC3",
        "title": "CeraVe Acne Foaming Cream Cleanser | Acne Treatment Face Wash with 4% Benzoyl Peroxide, Hyaluronic Acid, and Niacinamide | Cream to Foam Formula | Fragrance Free & Non Comedogenic | 5 Oz",
        "price": "$12.99 ($2.60 / Fl Oz)",
        "listPrice": "$17.99 ($3.60 / Fl Oz)",
        "imageUrl": "https://m.media-amazon.com/images/I/51bQrUUTXOL._SL160_.jpg",
        "detailPageURL": "https://www.amazon.com/dp/B07YLJPMC3",
        "rating": "4.6",
        "totalReviews": "29201",
        "subtitle": "CeraVe",
        "isPrimeEligible": "1"
    },
    {
        "ASIN": "B08WZS292S",
        "title": "innisfree Pore Clearing Facial Foam with Volcanic Clusters Face Cleanser, 5.07 Fl Oz (Pack of 1)",
        "price": "$14.00 ($0.44 / Fl Oz)",
        "listPrice": "",
        "imageUrl": "https://m.media-amazon.com/images/I/31jelQ+LqxL._SL160_.jpg",
        "detailPageURL": "https://www.amazon.com/dp/B08WZS292S",
        "rating": "4.6",
        "totalReviews": "1173",
        "subtitle": "",
        "isPrimeEligible": "1"
    },
    {
        "ASIN": "B00NGGEZIS",
        "title": "Paula's Choice RESIST Perfectly Balanced Foaming Cleanser, Hyaluronic Acid & Aloe, Anti-Aging Face Wash, Large Pores & Oily Skin, 6.4 Ounce",
        "price": "$22.00 ($3.44 / Fl Oz)",
        "listPrice": "",
        "imageUrl": "https://m.media-amazon.com/images/I/315yFxzXmtL._SL160_.jpg",
        "detailPageURL": "https://www.amazon.com/dp/B00NGGEZIS",
        "rating": "4.5",
        "totalReviews": "3271",
        "subtitle": "Paula's Choice",
        "isPrimeEligible": "1"
    },
    {
        "ASIN": "B095J9J1F1",
        "title": "Good Light Cosmic Dew Water Cleanser. Celestial Gel-to-Foam, Multi-Purpose Cleanser to Remove Impurities and Hydrate. Made with Glycerin and Hyaluronic Acid. Sensitive Skin Safe (3.38 fl oz)",
        "price": "$18.00 ($5.33 / Fl Oz)",
        "listPrice": "",
        "imageUrl": "https://m.media-amazon.com/images/I/31tRQTUQOLL._SL160_.jpg",
        "detailPageURL": "https://www.amazon.com/dp/B095J9J1F1",
        "rating": "4.6",
        "totalReviews": "101",
        "subtitle": "Good Light",
        "isPrimeEligible": "1"
    },
    {
        "ASIN": "B08H6PHF2N",
        "title": "COSRX Advanced Snail Mucin Gel Cleanser, 5.07 Fl Oz / 150 mL | Rich Daily Deep Cleansing Gel for Dry & Sensitive Skin | Korean Skincare, Not Tested on Animals, No Parabens",
        "price": "$18.00 ($3.55 / Ounce)",
        "listPrice": "",
        "imageUrl": "https://m.media-amazon.com/images/I/31i-9Pt0KJL._SL160_.jpg",
        "detailPageURL": "https://www.amazon.com/dp/B08H6PHF2N",
        "rating": "4.6",
        "totalReviews": "1030",
        "subtitle": "COSRX",
        "isPrimeEligible": "1"
    },
    {
        "ASIN": "B00JFV5X3E",
        "title": "Clean & Clear 2-Pack Day and Night Face Cleanser Citrus Morning Burst Facial Cleanser with Vitamin C and Cucumber, Relaxing Night Facial Cleanser with Sea Minerals, Oil Free & Hypoallergenic Face Wash",
        "price": "$9.78 ($1.22 / Fl Oz)",
        "listPrice": "$14.59 ($1.82 / Fl Oz)",
        "imageUrl": "https://m.media-amazon.com/images/I/41GccZLKviL._SL160_.jpg",
        "detailPageURL": "https://www.amazon.com/dp/B00JFV5X3E",
        "rating": "4.6",
        "totalReviews": "35910",
        "subtitle": "Clean & Clear",
        "isPrimeEligible": "1"
    },
    {
        "ASIN": "B004HLSZYQ",
        "title": "EltaMD Foaming Facial Cleanser, Foaming Face Wash for Oily Skin, Gently Cleanses and Helps Remove Oil and Dead Skin Cells, Daily Face Wash for Morning and Night Use, For All Skin Types, 7 oz Pump",
        "price": "$32.00 ($4.57 / Fl Oz)",
        "listPrice": "",
        "imageUrl": "https://m.media-amazon.com/images/I/31KXj2UGrOL._SL160_.jpg",
        "detailPageURL": "https://www.amazon.com/dp/B004HLSZYQ",
        "rating": "4.6",
        "totalReviews": "8617",
        "subtitle": "",
        "isPrimeEligible": "1"
    },
    {
        "ASIN": "B0B2HTX6JF",
        "title": "Aveeno Calm + Restore Nourishing Oat Facial Cleanser for Sensitive Skin, Gentle Face Wash with Nourishing Oat & Calming Feverfew, Hypoallergenic, Fragrance-Free, Refill Pouch, 16 fl. Oz",
        "price": "$15.99 ($1.00 / Fl Oz)",
        "listPrice": "$20.69 ($1.29 / Fl Oz)",
        "imageUrl": "https://m.media-amazon.com/images/I/31TI3LhDMTL._SL160_.jpg",
        "detailPageURL": "https://www.amazon.com/dp/B0B2HTX6JF",
        "rating": "4.8",
        "totalReviews": "204",
        "subtitle": "Aveeno",
        "isPrimeEligible": "1"
    },
    {
        "ASIN": "B08ZCR6WZY",
        "title": "Clear Collective Exfoliating Jelly Cleanser from Hero Cosmetics - Gentle Daily Jelly-to-Foam Facial Cleanser, Eliminates Excess Oil and Removes Dead Skin, Fragrance and Paraben Free (5.07 fl oz)",
        "price": "$12.99 ($2.56 / Fl Oz)",
        "listPrice": "",
        "imageUrl": "https://m.media-amazon.com/images/I/31HBcAjzxGL._SL160_.jpg",
        "detailPageURL": "https://www.amazon.com/dp/B08ZCR6WZY",
        "rating": "4.4",
        "totalReviews": "2517",
        "subtitle": "Mighty Patch",
        "isPrimeEligible": "1"
    },
    {
        "ASIN": "B082G1SBGX",
        "title": "Acure Resurfacing Glycolic + True Unicorn Root Cleanser, 100% Vegan, Amethyst, Lactic, Resurface, Refine & Hydrates, All Skin Types, Rose, 4 Fl Oz",
        "price": "$13.28 ($3.32 / Fl Oz)",
        "listPrice": "",
        "imageUrl": "https://m.media-amazon.com/images/I/31BkhBsvJUL._SL160_.jpg",
        "detailPageURL": "https://www.amazon.com/dp/B082G1SBGX",
        "rating": "4.7",
        "totalReviews": "664",
        "subtitle": "Acure",
        "isPrimeEligible": "0"
    },
    {
        "ASIN": "B08WZS292S",
        "title": "innisfree Pore Clearing Facial Foam with Volcanic Clusters Face Cleanser, 5.07 Fl Oz (Pack of 1)",
        "price": "$14.00 ($0.44 / Fl Oz)",
        "listPrice": "",
        "imageUrl": "https://m.media-amazon.com/images/I/31jelQ+LqxL._SL160_.jpg",
        "detailPageURL": "https://www.amazon.com/dp/B08WZS292S",
        "rating": "4.6",
        "totalReviews": "1173",
        "subtitle": "",
        "isPrimeEligible": "1"
    },
    {
        "ASIN": "B00NGGEZIS",
        "title": "Paula's Choice RESIST Perfectly Balanced Foaming Cleanser, Hyaluronic Acid & Aloe, Anti-Aging Face Wash, Large Pores & Oily Skin, 6.4 Ounce",
        "price": "$22.00 ($3.44 / Fl Oz)",
        "listPrice": "",
        "imageUrl": "https://m.media-amazon.com/images/I/315yFxzXmtL._SL160_.jpg",
        "detailPageURL": "https://www.amazon.com/dp/B00NGGEZIS",
        "rating": "4.5",
        "totalReviews": "3271",
        "subtitle": "Paula's Choice",
        "isPrimeEligible": "1"
    },
    {
        "ASIN": "B095J9J1F1",
        "title": "Good Light Cosmic Dew Water Cleanser. Celestial Gel-to-Foam, Multi-Purpose Cleanser to Remove Impurities and Hydrate. Made with Glycerin and Hyaluronic Acid. Sensitive Skin Safe (3.38 fl oz)",
        "price": "$18.00 ($5.33 / Fl Oz)",
        "listPrice": "",
        "imageUrl": "https://m.media-amazon.com/images/I/31tRQTUQOLL._SL160_.jpg",
        "detailPageURL": "https://www.amazon.com/dp/B095J9J1F1",
        "rating": "4.6",
        "totalReviews": "101",
        "subtitle": "Good Light",
        "isPrimeEligible": "1"
    },
    {
        "ASIN": "B08H6PHF2N",
        "title": "COSRX Advanced Snail Mucin Gel Cleanser, 5.07 Fl Oz / 150 mL | Rich Daily Deep Cleansing Gel for Dry & Sensitive Skin | Korean Skincare, Not Tested on Animals, No Parabens",
        "price": "$18.00 ($3.55 / Ounce)",
        "listPrice": "",
        "imageUrl": "https://m.media-amazon.com/images/I/31i-9Pt0KJL._SL160_.jpg",
        "detailPageURL": "https://www.amazon.com/dp/B08H6PHF2N",
        "rating": "4.6",
        "totalReviews": "1030",
        "subtitle": "COSRX",
        "isPrimeEligible": "1"
    },
    {
        "ASIN": "B00JFV5X3E",
        "title": "Clean & Clear 2-Pack Day and Night Face Cleanser Citrus Morning Burst Facial Cleanser with Vitamin C and Cucumber, Relaxing Night Facial Cleanser with Sea Minerals, Oil Free & Hypoallergenic Face Wash",
        "price": "$9.78 ($1.22 / Fl Oz)",
        "listPrice": "$14.59 ($1.82 / Fl Oz)",
        "imageUrl": "https://m.media-amazon.com/images/I/41GccZLKviL._SL160_.jpg",
        "detailPageURL": "https://www.amazon.com/dp/B00JFV5X3E",
        "rating": "4.6",
        "totalReviews": "35910",
        "subtitle": "Clean & Clear",
        "isPrimeEligible": "1"
    },
    {
        "ASIN": "B004HLSZYQ",
        "title": "EltaMD Foaming Facial Cleanser, Foaming Face Wash for Oily Skin, Gently Cleanses and Helps Remove Oil and Dead Skin Cells, Daily Face Wash for Morning and Night Use, For All Skin Types, 7 oz Pump",
        "price": "$32.00 ($4.57 / Fl Oz)",
        "listPrice": "",
        "imageUrl": "https://m.media-amazon.com/images/I/31KXj2UGrOL._SL160_.jpg",
        "detailPageURL": "https://www.amazon.com/dp/B004HLSZYQ",
        "rating": "4.6",
        "totalReviews": "8617",
        "subtitle": "",
        "isPrimeEligible": "1"
    },
    {
        "ASIN": "B0B2HTX6JF",
        "title": "Aveeno Calm + Restore Nourishing Oat Facial Cleanser for Sensitive Skin, Gentle Face Wash with Nourishing Oat & Calming Feverfew, Hypoallergenic, Fragrance-Free, Refill Pouch, 16 fl. Oz",
        "price": "$15.99 ($1.00 / Fl Oz)",
        "listPrice": "$20.69 ($1.29 / Fl Oz)",
        "imageUrl": "https://m.media-amazon.com/images/I/31TI3LhDMTL._SL160_.jpg",
        "detailPageURL": "https://www.amazon.com/dp/B0B2HTX6JF",
        "rating": "4.8",
        "totalReviews": "204",
        "subtitle": "Aveeno",
        "isPrimeEligible": "1"
    },
    {
        "ASIN": "B08ZCR6WZY",
        "title": "Clear Collective Exfoliating Jelly Cleanser from Hero Cosmetics - Gentle Daily Jelly-to-Foam Facial Cleanser, Eliminates Excess Oil and Removes Dead Skin, Fragrance and Paraben Free (5.07 fl oz)",
        "price": "$12.99 ($2.56 / Fl Oz)",
        "listPrice": "",
        "imageUrl": "https://m.media-amazon.com/images/I/31HBcAjzxGL._SL160_.jpg",
        "detailPageURL": "https://www.amazon.com/dp/B08ZCR6WZY",
        "rating": "4.4",
        "totalReviews": "2517",
        "subtitle": "Mighty Patch",
        "isPrimeEligible": "1"
    },
    {
        "ASIN": "B082G1SBGX",
        "title": "Acure Resurfacing Glycolic + True Unicorn Root Cleanser, 100% Vegan, Amethyst, Lactic, Resurface, Refine & Hydrates, All Skin Types, Rose, 4 Fl Oz",
        "price": "$13.28 ($3.32 / Fl Oz)",
        "listPrice": "",
        "imageUrl": "https://m.media-amazon.com/images/I/31BkhBsvJUL._SL160_.jpg",
        "detailPageURL": "https://www.amazon.com/dp/B082G1SBGX",
        "rating": "4.7",
        "totalReviews": "664",
        "subtitle": "Acure",
        "isPrimeEligible": "0"
    },
    {
        "ASIN": "B0C7J55374",
        "title": "CeraVe Hydrating Foaming Oil Cleanser | Foaming Oil Wash with Squalane Oil, Triglyceride, Hyaluronic Acid and Ceramides | For Dry to Very Dry Skin | 8 Oz",
        "price": "$12.37 ($1.55 / Fl Oz)",
        "listPrice": "$15.99 ($2.00 / Fl Oz)",
        "imageUrl": "https://m.media-amazon.com/images/I/416+0cXwuaL._SL160_.jpg",
        "detailPageURL": "https://www.amazon.com/dp/B0C7J55374",
        "rating": "4.6",
        "totalReviews": "201",
        "subtitle": "CeraVe",
        "isPrimeEligible": "1"
    },
    {
        "ASIN": "B00NGGEZIS",
        "title": "Paula's Choice RESIST Perfectly Balanced Foaming Cleanser, Hyaluronic Acid & Aloe, Anti-Aging Face Wash, Large Pores & Oily Skin, 6.4 Ounce",
        "price": "$22.00 ($3.44 / Fl Oz)",
        "listPrice": "",
        "imageUrl": "https://m.media-amazon.com/images/I/315yFxzXmtL._SL160_.jpg",
        "detailPageURL": "https://www.amazon.com/dp/B00NGGEZIS",
        "rating": "4.5",
        "totalReviews": "3271",
        "subtitle": "Paula's Choice",
        "isPrimeEligible": "1"
    },
    {
        "ASIN": "B095J9J1F1",
        "title": "Good Light Cosmic Dew Water Cleanser. Celestial Gel-to-Foam, Multi-Purpose Cleanser to Remove Impurities and Hydrate. Made with Glycerin and Hyaluronic Acid. Sensitive Skin Safe (3.38 fl oz)",
        "price": "$18.00 ($5.33 / Fl Oz)",
        "listPrice": "",
        "imageUrl": "https://m.media-amazon.com/images/I/31tRQTUQOLL._SL160_.jpg",
        "detailPageURL": "https://www.amazon.com/dp/B095J9J1F1",
        "rating": "4.6",
        "totalReviews": "101",
        "subtitle": "Good Light",
        "isPrimeEligible": "1"
    },
    {
        "ASIN": "B08H6PHF2N",
        "title": "COSRX Advanced Snail Mucin Gel Cleanser, 5.07 Fl Oz / 150 mL | Rich Daily Deep Cleansing Gel for Dry & Sensitive Skin | Korean Skincare, Not Tested on Animals, No Parabens",
        "price": "$18.00 ($3.55 / Ounce)",
        "listPrice": "",
        "imageUrl": "https://m.media-amazon.com/images/I/31i-9Pt0KJL._SL160_.jpg",
        "detailPageURL": "https://www.amazon.com/dp/B08H6PHF2N",
        "rating": "4.6",
        "totalReviews": "1030",
        "subtitle": "COSRX",
        "isPrimeEligible": "1"
    },
    {
        "ASIN": "B00JFV5X3E",
        "title": "Clean & Clear 2-Pack Day and Night Face Cleanser Citrus Morning Burst Facial Cleanser with Vitamin C and Cucumber, Relaxing Night Facial Cleanser with Sea Minerals, Oil Free & Hypoallergenic Face Wash",
        "price": "$9.78 ($1.22 / Fl Oz)",
        "listPrice": "$14.59 ($1.82 / Fl Oz)",
        "imageUrl": "https://m.media-amazon.com/images/I/41GccZLKviL._SL160_.jpg",
        "detailPageURL": "https://www.amazon.com/dp/B00JFV5X3E",
        "rating": "4.6",
        "totalReviews": "35910",
        "subtitle": "Clean & Clear",
        "isPrimeEligible": "1"
    },
    {
        "ASIN": "B004HLSZYQ",
        "title": "EltaMD Foaming Facial Cleanser, Foaming Face Wash for Oily Skin, Gently Cleanses and Helps Remove Oil and Dead Skin Cells, Daily Face Wash for Morning and Night Use, For All Skin Types, 7 oz Pump",
        "price": "$32.00 ($4.57 / Fl Oz)",
        "listPrice": "",
        "imageUrl": "https://m.media-amazon.com/images/I/31KXj2UGrOL._SL160_.jpg",
        "detailPageURL": "https://www.amazon.com/dp/B004HLSZYQ",
        "rating": "4.6",
        "totalReviews": "8617",
        "subtitle": "",
        "isPrimeEligible": "1"
    },
    {
        "ASIN": "B0B2HTX6JF",
        "title": "Aveeno Calm + Restore Nourishing Oat Facial Cleanser for Sensitive Skin, Gentle Face Wash with Nourishing Oat & Calming Feverfew, Hypoallergenic, Fragrance-Free, Refill Pouch, 16 fl. Oz",
        "price": "$15.99 ($1.00 / Fl Oz)",
        "listPrice": "$20.69 ($1.29 / Fl Oz)",
        "imageUrl": "https://m.media-amazon.com/images/I/31TI3LhDMTL._SL160_.jpg",
        "detailPageURL": "https://www.amazon.com/dp/B0B2HTX6JF",
        "rating": "4.8",
        "totalReviews": "204",
        "subtitle": "Aveeno",
        "isPrimeEligible": "1"
    },
    {
        "ASIN": "B08ZCR6WZY",
        "title": "Clear Collective Exfoliating Jelly Cleanser from Hero Cosmetics - Gentle Daily Jelly-to-Foam Facial Cleanser, Eliminates Excess Oil and Removes Dead Skin, Fragrance and Paraben Free (5.07 fl oz)",
        "price": "$12.99 ($2.56 / Fl Oz)",
        "listPrice": "",
        "imageUrl": "https://m.media-amazon.com/images/I/31HBcAjzxGL._SL160_.jpg",
        "detailPageURL": "https://www.amazon.com/dp/B08ZCR6WZY",
        "rating": "4.4",
        "totalReviews": "2517",
        "subtitle": "Mighty Patch",
        "isPrimeEligible": "1"
    },
    {
        "ASIN": "B082G1SBGX",
        "title": "Acure Resurfacing Glycolic + True Unicorn Root Cleanser, 100% Vegan, Amethyst, Lactic, Resurface, Refine & Hydrates, All Skin Types, Rose, 4 Fl Oz",
        "price": "$13.28 ($3.32 / Fl Oz)",
        "listPrice": "",
        "imageUrl": "https://m.media-amazon.com/images/I/31BkhBsvJUL._SL160_.jpg",
        "detailPageURL": "https://www.amazon.com/dp/B082G1SBGX",
        "rating": "4.7",
        "totalReviews": "664",
        "subtitle": "Acure",
        "isPrimeEligible": "0"
    },
    {
        "ASIN": "B0C7J55374",
        "title": "CeraVe Hydrating Foaming Oil Cleanser | Foaming Oil Wash with Squalane Oil, Triglyceride, Hyaluronic Acid and Ceramides | For Dry to Very Dry Skin | 8 Oz",
        "price": "$12.37 ($1.55 / Fl Oz)",
        "listPrice": "$15.99 ($2.00 / Fl Oz)",
        "imageUrl": "https://m.media-amazon.com/images/I/416+0cXwuaL._SL160_.jpg",
        "detailPageURL": "https://www.amazon.com/dp/B0C7J55374",
        "rating": "4.6",
        "totalReviews": "201",
        "subtitle": "CeraVe",
        "isPrimeEligible": "1"
    },
    {
        "ASIN": "B00OZ6W8DW",
        "title": "[Cosrx] Salicylic Acid Daily Gentle Cleanser 150milliliter / Foam Cleanser for Blemish Skin",
        "price": "$13.99 ($2.76 / Fl Oz)",
        "listPrice": "",
        "imageUrl": "https://m.media-amazon.com/images/I/31fYbzBafXL._SL160_.jpg",
        "detailPageURL": "https://www.amazon.com/dp/B00OZ6W8DW",
        "rating": "4.6",
        "totalReviews": "1581",
        "subtitle": "COSRX",
        "isPrimeEligible": "1"
    },
    {
        "ASIN": "B095J9J1F1",
        "title": "Good Light Cosmic Dew Water Cleanser. Celestial Gel-to-Foam, Multi-Purpose Cleanser to Remove Impurities and Hydrate. Made with Glycerin and Hyaluronic Acid. Sensitive Skin Safe (3.38 fl oz)",
        "price": "$18.00 ($5.33 / Fl Oz)",
        "listPrice": "",
        "imageUrl": "https://m.media-amazon.com/images/I/31tRQTUQOLL._SL160_.jpg",
        "detailPageURL": "https://www.amazon.com/dp/B095J9J1F1",
        "rating": "4.6",
        "totalReviews": "101",
        "subtitle": "Good Light",
        "isPrimeEligible": "1"
    },
    {
        "ASIN": "B08H6PHF2N",
        "title": "COSRX Advanced Snail Mucin Gel Cleanser, 5.07 Fl Oz / 150 mL | Rich Daily Deep Cleansing Gel for Dry & Sensitive Skin | Korean Skincare, Not Tested on Animals, No Parabens",
        "price": "$18.00 ($3.55 / Ounce)",
        "listPrice": "",
        "imageUrl": "https://m.media-amazon.com/images/I/31i-9Pt0KJL._SL160_.jpg",
        "detailPageURL": "https://www.amazon.com/dp/B08H6PHF2N",
        "rating": "4.6",
        "totalReviews": "1030",
        "subtitle": "COSRX",
        "isPrimeEligible": "1"
    },
    {
        "ASIN": "B00JFV5X3E",
        "title": "Clean & Clear 2-Pack Day and Night Face Cleanser Citrus Morning Burst Facial Cleanser with Vitamin C and Cucumber, Relaxing Night Facial Cleanser with Sea Minerals, Oil Free & Hypoallergenic Face Wash",
        "price": "$9.78 ($1.22 / Fl Oz)",
        "listPrice": "$14.59 ($1.82 / Fl Oz)",
        "imageUrl": "https://m.media-amazon.com/images/I/41GccZLKviL._SL160_.jpg",
        "detailPageURL": "https://www.amazon.com/dp/B00JFV5X3E",
        "rating": "4.6",
        "totalReviews": "35910",
        "subtitle": "Clean & Clear",
        "isPrimeEligible": "1"
    },
    {
        "ASIN": "B004HLSZYQ",
        "title": "EltaMD Foaming Facial Cleanser, Foaming Face Wash for Oily Skin, Gently Cleanses and Helps Remove Oil and Dead Skin Cells, Daily Face Wash for Morning and Night Use, For All Skin Types, 7 oz Pump",
        "price": "$32.00 ($4.57 / Fl Oz)",
        "listPrice": "",
        "imageUrl": "https://m.media-amazon.com/images/I/31KXj2UGrOL._SL160_.jpg",
        "detailPageURL": "https://www.amazon.com/dp/B004HLSZYQ",
        "rating": "4.6",
        "totalReviews": "8617",
        "subtitle": "",
        "isPrimeEligible": "1"
    },
    {
        "ASIN": "B0B2HTX6JF",
        "title": "Aveeno Calm + Restore Nourishing Oat Facial Cleanser for Sensitive Skin, Gentle Face Wash with Nourishing Oat & Calming Feverfew, Hypoallergenic, Fragrance-Free, Refill Pouch, 16 fl. Oz",
        "price": "$15.99 ($1.00 / Fl Oz)",
        "listPrice": "$20.69 ($1.29 / Fl Oz)",
        "imageUrl": "https://m.media-amazon.com/images/I/31TI3LhDMTL._SL160_.jpg",
        "detailPageURL": "https://www.amazon.com/dp/B0B2HTX6JF",
        "rating": "4.8",
        "totalReviews": "204",
        "subtitle": "Aveeno",
        "isPrimeEligible": "1"
    },
    {
        "ASIN": "B08ZCR6WZY",
        "title": "Clear Collective Exfoliating Jelly Cleanser from Hero Cosmetics - Gentle Daily Jelly-to-Foam Facial Cleanser, Eliminates Excess Oil and Removes Dead Skin, Fragrance and Paraben Free (5.07 fl oz)",
        "price": "$12.99 ($2.56 / Fl Oz)",
        "listPrice": "",
        "imageUrl": "https://m.media-amazon.com/images/I/31HBcAjzxGL._SL160_.jpg",
        "detailPageURL": "https://www.amazon.com/dp/B08ZCR6WZY",
        "rating": "4.4",
        "totalReviews": "2517",
        "subtitle": "Mighty Patch",
        "isPrimeEligible": "1"
    },
    {
        "ASIN": "B082G1SBGX",
        "title": "Acure Resurfacing Glycolic + True Unicorn Root Cleanser, 100% Vegan, Amethyst, Lactic, Resurface, Refine & Hydrates, All Skin Types, Rose, 4 Fl Oz",
        "price": "$13.28 ($3.32 / Fl Oz)",
        "listPrice": "",
        "imageUrl": "https://m.media-amazon.com/images/I/31BkhBsvJUL._SL160_.jpg",
        "detailPageURL": "https://www.amazon.com/dp/B082G1SBGX",
        "rating": "4.7",
        "totalReviews": "664",
        "subtitle": "Acure",
        "isPrimeEligible": "0"
    },
    {
        "ASIN": "B0C7J55374",
        "title": "CeraVe Hydrating Foaming Oil Cleanser | Foaming Oil Wash with Squalane Oil, Triglyceride, Hyaluronic Acid and Ceramides | For Dry to Very Dry Skin | 8 Oz",
        "price": "$12.37 ($1.55 / Fl Oz)",
        "listPrice": "$15.99 ($2.00 / Fl Oz)",
        "imageUrl": "https://m.media-amazon.com/images/I/416+0cXwuaL._SL160_.jpg",
        "detailPageURL": "https://www.amazon.com/dp/B0C7J55374",
        "rating": "4.6",
        "totalReviews": "201",
        "subtitle": "CeraVe",
        "isPrimeEligible": "1"
    },
    {
        "ASIN": "B00OZ6W8DW",
        "title": "[Cosrx] Salicylic Acid Daily Gentle Cleanser 150milliliter / Foam Cleanser for Blemish Skin",
        "price": "$13.99 ($2.76 / Fl Oz)",
        "listPrice": "",
        "imageUrl": "https://m.media-amazon.com/images/I/31fYbzBafXL._SL160_.jpg",
        "detailPageURL": "https://www.amazon.com/dp/B00OZ6W8DW",
        "rating": "4.6",
        "totalReviews": "1581",
        "subtitle": "COSRX",
        "isPrimeEligible": "1"
    },
    {
        "ASIN": "B0BLCZPFSM",
        "title": "innisfree Green Tea Hyaluronic Acid Face Cleanser: Antioxidant, Amino Acid Rich, Hydration, Non-Stripping Foam",
        "price": "$12.00 ($2.37 / Fl Oz)",
        "listPrice": "",
        "imageUrl": "https://m.media-amazon.com/images/I/31RmbOmELLL._SL160_.jpg",
        "detailPageURL": "https://www.amazon.com/dp/B0BLCZPFSM",
        "rating": "4.6",
        "totalReviews": "317",
        "subtitle": "",
        "isPrimeEligible": "1"
    },
    {
        "ASIN": "B08H6PHF2N",
        "title": "COSRX Advanced Snail Mucin Gel Cleanser, 5.07 Fl Oz / 150 mL | Rich Daily Deep Cleansing Gel for Dry & Sensitive Skin | Korean Skincare, Not Tested on Animals, No Parabens",
        "price": "$18.00 ($3.55 / Ounce)",
        "listPrice": "",
        "imageUrl": "https://m.media-amazon.com/images/I/31i-9Pt0KJL._SL160_.jpg",
        "detailPageURL": "https://www.amazon.com/dp/B08H6PHF2N",
        "rating": "4.6",
        "totalReviews": "1030",
        "subtitle": "COSRX",
        "isPrimeEligible": "1"
    },
    {
        "ASIN": "B00JFV5X3E",
        "title": "Clean & Clear 2-Pack Day and Night Face Cleanser Citrus Morning Burst Facial Cleanser with Vitamin C and Cucumber, Relaxing Night Facial Cleanser with Sea Minerals, Oil Free & Hypoallergenic Face Wash",
        "price": "$9.78 ($1.22 / Fl Oz)",
        "listPrice": "$14.59 ($1.82 / Fl Oz)",
        "imageUrl": "https://m.media-amazon.com/images/I/41GccZLKviL._SL160_.jpg",
        "detailPageURL": "https://www.amazon.com/dp/B00JFV5X3E",
        "rating": "4.6",
        "totalReviews": "35910",
        "subtitle": "Clean & Clear",
        "isPrimeEligible": "1"
    },
    {
        "ASIN": "B004HLSZYQ",
        "title": "EltaMD Foaming Facial Cleanser, Foaming Face Wash for Oily Skin, Gently Cleanses and Helps Remove Oil and Dead Skin Cells, Daily Face Wash for Morning and Night Use, For All Skin Types, 7 oz Pump",
        "price": "$32.00 ($4.57 / Fl Oz)",
        "listPrice": "",
        "imageUrl": "https://m.media-amazon.com/images/I/31KXj2UGrOL._SL160_.jpg",
        "detailPageURL": "https://www.amazon.com/dp/B004HLSZYQ",
        "rating": "4.6",
        "totalReviews": "8617",
        "subtitle": "",
        "isPrimeEligible": "1"
    },
    {
        "ASIN": "B0B2HTX6JF",
        "title": "Aveeno Calm + Restore Nourishing Oat Facial Cleanser for Sensitive Skin, Gentle Face Wash with Nourishing Oat & Calming Feverfew, Hypoallergenic, Fragrance-Free, Refill Pouch, 16 fl. Oz",
        "price": "$15.99 ($1.00 / Fl Oz)",
        "listPrice": "$20.69 ($1.29 / Fl Oz)",
        "imageUrl": "https://m.media-amazon.com/images/I/31TI3LhDMTL._SL160_.jpg",
        "detailPageURL": "https://www.amazon.com/dp/B0B2HTX6JF",
        "rating": "4.8",
        "totalReviews": "204",
        "subtitle": "Aveeno",
        "isPrimeEligible": "1"
    },
    {
        "ASIN": "B08ZCR6WZY",
        "title": "Clear Collective Exfoliating Jelly Cleanser from Hero Cosmetics - Gentle Daily Jelly-to-Foam Facial Cleanser, Eliminates Excess Oil and Removes Dead Skin, Fragrance and Paraben Free (5.07 fl oz)",
        "price": "$12.99 ($2.56 / Fl Oz)",
        "listPrice": "",
        "imageUrl": "https://m.media-amazon.com/images/I/31HBcAjzxGL._SL160_.jpg",
        "detailPageURL": "https://www.amazon.com/dp/B08ZCR6WZY",
        "rating": "4.4",
        "totalReviews": "2517",
        "subtitle": "Mighty Patch",
        "isPrimeEligible": "1"
    },
    {
        "ASIN": "B082G1SBGX",
        "title": "Acure Resurfacing Glycolic + True Unicorn Root Cleanser, 100% Vegan, Amethyst, Lactic, Resurface, Refine & Hydrates, All Skin Types, Rose, 4 Fl Oz",
        "price": "$13.28 ($3.32 / Fl Oz)",
        "listPrice": "",
        "imageUrl": "https://m.media-amazon.com/images/I/31BkhBsvJUL._SL160_.jpg",
        "detailPageURL": "https://www.amazon.com/dp/B082G1SBGX",
        "rating": "4.7",
        "totalReviews": "664",
        "subtitle": "Acure",
        "isPrimeEligible": "0"
    },
    {
        "ASIN": "B0C7J55374",
        "title": "CeraVe Hydrating Foaming Oil Cleanser | Foaming Oil Wash with Squalane Oil, Triglyceride, Hyaluronic Acid and Ceramides | For Dry to Very Dry Skin | 8 Oz",
        "price": "$12.37 ($1.55 / Fl Oz)",
        "listPrice": "$15.99 ($2.00 / Fl Oz)",
        "imageUrl": "https://m.media-amazon.com/images/I/416+0cXwuaL._SL160_.jpg",
        "detailPageURL": "https://www.amazon.com/dp/B0C7J55374",
        "rating": "4.6",
        "totalReviews": "201",
        "subtitle": "CeraVe",
        "isPrimeEligible": "1"
    },
    {
        "ASIN": "B00OZ6W8DW",
        "title": "[Cosrx] Salicylic Acid Daily Gentle Cleanser 150milliliter / Foam Cleanser for Blemish Skin",
        "price": "$13.99 ($2.76 / Fl Oz)",
        "listPrice": "",
        "imageUrl": "https://m.media-amazon.com/images/I/31fYbzBafXL._SL160_.jpg",
        "detailPageURL": "https://www.amazon.com/dp/B00OZ6W8DW",
        "rating": "4.6",
        "totalReviews": "1581",
        "subtitle": "COSRX",
        "isPrimeEligible": "1"
    },
    {
        "ASIN": "B0BLCZPFSM",
        "title": "innisfree Green Tea Hyaluronic Acid Face Cleanser: Antioxidant, Amino Acid Rich, Hydration, Non-Stripping Foam",
        "price": "$12.00 ($2.37 / Fl Oz)",
        "listPrice": "",
        "imageUrl": "https://m.media-amazon.com/images/I/31RmbOmELLL._SL160_.jpg",
        "detailPageURL": "https://www.amazon.com/dp/B0BLCZPFSM",
        "rating": "4.6",
        "totalReviews": "317",
        "subtitle": "",
        "isPrimeEligible": "1"
    },
    {
        "ASIN": "B00BEUDWJQ",
        "title": "Rubbermaid Reveal Cordless Battery Power Scrubber, Gray/Red, Multi-Purpose Scrub Brush Cleaner for Grout/Tile/Bathroom/Shower/Bathtub, Water Resistant, Lightweight, Ergonomic Grip (1839685)",
        "price": "$17.38",
        "listPrice": "$19.99",
        "imageUrl": "https://m.media-amazon.com/images/I/21tLyEdEIEL._SL160_.jpg",
        "detailPageURL": "https://www.amazon.com/dp/B00BEUDWJQ",
        "rating": "4.5",
        "totalReviews": "20988",
        "subtitle": "",
        "isPrimeEligible": "1"
    },
    {
        "ASIN": "B00JFV5X3E",
        "title": "Clean & Clear 2-Pack Day and Night Face Cleanser Citrus Morning Burst Facial Cleanser with Vitamin C and Cucumber, Relaxing Night Facial Cleanser with Sea Minerals, Oil Free & Hypoallergenic Face Wash",
        "price": "$9.78 ($1.22 / Fl Oz)",
        "listPrice": "$14.59 ($1.82 / Fl Oz)",
        "imageUrl": "https://m.media-amazon.com/images/I/41GccZLKviL._SL160_.jpg",
        "detailPageURL": "https://www.amazon.com/dp/B00JFV5X3E",
        "rating": "4.6",
        "totalReviews": "35910",
        "subtitle": "Clean & Clear",
        "isPrimeEligible": "1"
    },
    {
        "ASIN": "B004HLSZYQ",
        "title": "EltaMD Foaming Facial Cleanser, Foaming Face Wash for Oily Skin, Gently Cleanses and Helps Remove Oil and Dead Skin Cells, Daily Face Wash for Morning and Night Use, For All Skin Types, 7 oz Pump",
        "price": "$32.00 ($4.57 / Fl Oz)",
        "listPrice": "",
        "imageUrl": "https://m.media-amazon.com/images/I/31KXj2UGrOL._SL160_.jpg",
        "detailPageURL": "https://www.amazon.com/dp/B004HLSZYQ",
        "rating": "4.6",
        "totalReviews": "8617",
        "subtitle": "",
        "isPrimeEligible": "1"
    },
    {
        "ASIN": "B0B2HTX6JF",
        "title": "Aveeno Calm + Restore Nourishing Oat Facial Cleanser for Sensitive Skin, Gentle Face Wash with Nourishing Oat & Calming Feverfew, Hypoallergenic, Fragrance-Free, Refill Pouch, 16 fl. Oz",
        "price": "$15.99 ($1.00 / Fl Oz)",
        "listPrice": "$20.69 ($1.29 / Fl Oz)",
        "imageUrl": "https://m.media-amazon.com/images/I/31TI3LhDMTL._SL160_.jpg",
        "detailPageURL": "https://www.amazon.com/dp/B0B2HTX6JF",
        "rating": "4.8",
        "totalReviews": "204",
        "subtitle": "Aveeno",
        "isPrimeEligible": "1"
    },
    {
        "ASIN": "B08ZCR6WZY",
        "title": "Clear Collective Exfoliating Jelly Cleanser from Hero Cosmetics - Gentle Daily Jelly-to-Foam Facial Cleanser, Eliminates Excess Oil and Removes Dead Skin, Fragrance and Paraben Free (5.07 fl oz)",
        "price": "$12.99 ($2.56 / Fl Oz)",
        "listPrice": "",
        "imageUrl": "https://m.media-amazon.com/images/I/31HBcAjzxGL._SL160_.jpg",
        "detailPageURL": "https://www.amazon.com/dp/B08ZCR6WZY",
        "rating": "4.4",
        "totalReviews": "2517",
        "subtitle": "Mighty Patch",
        "isPrimeEligible": "1"
    },
    {
        "ASIN": "B082G1SBGX",
        "title": "Acure Resurfacing Glycolic + True Unicorn Root Cleanser, 100% Vegan, Amethyst, Lactic, Resurface, Refine & Hydrates, All Skin Types, Rose, 4 Fl Oz",
        "price": "$13.28 ($3.32 / Fl Oz)",
        "listPrice": "",
        "imageUrl": "https://m.media-amazon.com/images/I/31BkhBsvJUL._SL160_.jpg",
        "detailPageURL": "https://www.amazon.com/dp/B082G1SBGX",
        "rating": "4.7",
        "totalReviews": "664",
        "subtitle": "Acure",
        "isPrimeEligible": "0"
    },
    {
        "ASIN": "B0C7J55374",
        "title": "CeraVe Hydrating Foaming Oil Cleanser | Foaming Oil Wash with Squalane Oil, Triglyceride, Hyaluronic Acid and Ceramides | For Dry to Very Dry Skin | 8 Oz",
        "price": "$12.37 ($1.55 / Fl Oz)",
        "listPrice": "$15.99 ($2.00 / Fl Oz)",
        "imageUrl": "https://m.media-amazon.com/images/I/416+0cXwuaL._SL160_.jpg",
        "detailPageURL": "https://www.amazon.com/dp/B0C7J55374",
        "rating": "4.6",
        "totalReviews": "201",
        "subtitle": "CeraVe",
        "isPrimeEligible": "1"
    },
    {
        "ASIN": "B00OZ6W8DW",
        "title": "[Cosrx] Salicylic Acid Daily Gentle Cleanser 150milliliter / Foam Cleanser for Blemish Skin",
        "price": "$13.99 ($2.76 / Fl Oz)",
        "listPrice": "",
        "imageUrl": "https://m.media-amazon.com/images/I/31fYbzBafXL._SL160_.jpg",
        "detailPageURL": "https://www.amazon.com/dp/B00OZ6W8DW",
        "rating": "4.6",
        "totalReviews": "1581",
        "subtitle": "COSRX",
        "isPrimeEligible": "1"
    },
    {
        "ASIN": "B0BLCZPFSM",
        "title": "innisfree Green Tea Hyaluronic Acid Face Cleanser: Antioxidant, Amino Acid Rich, Hydration, Non-Stripping Foam",
        "price": "$12.00 ($2.37 / Fl Oz)",
        "listPrice": "",
        "imageUrl": "https://m.media-amazon.com/images/I/31RmbOmELLL._SL160_.jpg",
        "detailPageURL": "https://www.amazon.com/dp/B0BLCZPFSM",
        "rating": "4.6",
        "totalReviews": "317",
        "subtitle": "",
        "isPrimeEligible": "1"
    },
    {
        "ASIN": "B00BEUDWJQ",
        "title": "Rubbermaid Reveal Cordless Battery Power Scrubber, Gray/Red, Multi-Purpose Scrub Brush Cleaner for Grout/Tile/Bathroom/Shower/Bathtub, Water Resistant, Lightweight, Ergonomic Grip (1839685)",
        "price": "$17.38",
        "listPrice": "$19.99",
        "imageUrl": "https://m.media-amazon.com/images/I/21tLyEdEIEL._SL160_.jpg",
        "detailPageURL": "https://www.amazon.com/dp/B00BEUDWJQ",
        "rating": "4.5",
        "totalReviews": "20988",
        "subtitle": "",
        "isPrimeEligible": "1"
    },
    {
        "ASIN": "B084G2D2DX",
        "title": "KORRES Greek Yoghurt Foaming Cream Cleanser 150 Ml, 5.01 fl. oz.",
        "price": "$28.00 ($5.59 / Fl Oz)",
        "listPrice": "",
        "imageUrl": "https://m.media-amazon.com/images/I/41Jaxn3We7L._SL160_.jpg",
        "detailPageURL": "https://www.amazon.com/dp/B084G2D2DX",
        "rating": "4.7",
        "totalReviews": "1363",
        "subtitle": "",
        "isPrimeEligible": "1"
    },
    {
        "ASIN": "B004HLSZYQ",
        "title": "EltaMD Foaming Facial Cleanser, Foaming Face Wash for Oily Skin, Gently Cleanses and Helps Remove Oil and Dead Skin Cells, Daily Face Wash for Morning and Night Use, For All Skin Types, 7 oz Pump",
        "price": "$32.00 ($4.57 / Fl Oz)",
        "listPrice": "",
        "imageUrl": "https://m.media-amazon.com/images/I/31KXj2UGrOL._SL160_.jpg",
        "detailPageURL": "https://www.amazon.com/dp/B004HLSZYQ",
        "rating": "4.6",
        "totalReviews": "8617",
        "subtitle": "",
        "isPrimeEligible": "1"
    },
    {
        "ASIN": "B0B2HTX6JF",
        "title": "Aveeno Calm + Restore Nourishing Oat Facial Cleanser for Sensitive Skin, Gentle Face Wash with Nourishing Oat & Calming Feverfew, Hypoallergenic, Fragrance-Free, Refill Pouch, 16 fl. Oz",
        "price": "$15.99 ($1.00 / Fl Oz)",
        "listPrice": "$20.69 ($1.29 / Fl Oz)",
        "imageUrl": "https://m.media-amazon.com/images/I/31TI3LhDMTL._SL160_.jpg",
        "detailPageURL": "https://www.amazon.com/dp/B0B2HTX6JF",
        "rating": "4.8",
        "totalReviews": "204",
        "subtitle": "Aveeno",
        "isPrimeEligible": "1"
    },
    {
        "ASIN": "B08ZCR6WZY",
        "title": "Clear Collective Exfoliating Jelly Cleanser from Hero Cosmetics - Gentle Daily Jelly-to-Foam Facial Cleanser, Eliminates Excess Oil and Removes Dead Skin, Fragrance and Paraben Free (5.07 fl oz)",
        "price": "$12.99 ($2.56 / Fl Oz)",
        "listPrice": "",
        "imageUrl": "https://m.media-amazon.com/images/I/31HBcAjzxGL._SL160_.jpg",
        "detailPageURL": "https://www.amazon.com/dp/B08ZCR6WZY",
        "rating": "4.4",
        "totalReviews": "2517",
        "subtitle": "Mighty Patch",
        "isPrimeEligible": "1"
    },
    {
        "ASIN": "B082G1SBGX",
        "title": "Acure Resurfacing Glycolic + True Unicorn Root Cleanser, 100% Vegan, Amethyst, Lactic, Resurface, Refine & Hydrates, All Skin Types, Rose, 4 Fl Oz",
        "price": "$13.28 ($3.32 / Fl Oz)",
        "listPrice": "",
        "imageUrl": "https://m.media-amazon.com/images/I/31BkhBsvJUL._SL160_.jpg",
        "detailPageURL": "https://www.amazon.com/dp/B082G1SBGX",
        "rating": "4.7",
        "totalReviews": "664",
        "subtitle": "Acure",
        "isPrimeEligible": "0"
    },
    {
        "ASIN": "B0C7J55374",
        "title": "CeraVe Hydrating Foaming Oil Cleanser | Foaming Oil Wash with Squalane Oil, Triglyceride, Hyaluronic Acid and Ceramides | For Dry to Very Dry Skin | 8 Oz",
        "price": "$12.37 ($1.55 / Fl Oz)",
        "listPrice": "$15.99 ($2.00 / Fl Oz)",
        "imageUrl": "https://m.media-amazon.com/images/I/416+0cXwuaL._SL160_.jpg",
        "detailPageURL": "https://www.amazon.com/dp/B0C7J55374",
        "rating": "4.6",
        "totalReviews": "201",
        "subtitle": "CeraVe",
        "isPrimeEligible": "1"
    },
    {
        "ASIN": "B00OZ6W8DW",
        "title": "[Cosrx] Salicylic Acid Daily Gentle Cleanser 150milliliter / Foam Cleanser for Blemish Skin",
        "price": "$13.99 ($2.76 / Fl Oz)",
        "listPrice": "",
        "imageUrl": "https://m.media-amazon.com/images/I/31fYbzBafXL._SL160_.jpg",
        "detailPageURL": "https://www.amazon.com/dp/B00OZ6W8DW",
        "rating": "4.6",
        "totalReviews": "1581",
        "subtitle": "COSRX",
        "isPrimeEligible": "1"
    },
    {
        "ASIN": "B0BLCZPFSM",
        "title": "innisfree Green Tea Hyaluronic Acid Face Cleanser: Antioxidant, Amino Acid Rich, Hydration, Non-Stripping Foam",
        "price": "$12.00 ($2.37 / Fl Oz)",
        "listPrice": "",
        "imageUrl": "https://m.media-amazon.com/images/I/31RmbOmELLL._SL160_.jpg",
        "detailPageURL": "https://www.amazon.com/dp/B0BLCZPFSM",
        "rating": "4.6",
        "totalReviews": "317",
        "subtitle": "",
        "isPrimeEligible": "1"
    },
    {
        "ASIN": "B00BEUDWJQ",
        "title": "Rubbermaid Reveal Cordless Battery Power Scrubber, Gray/Red, Multi-Purpose Scrub Brush Cleaner for Grout/Tile/Bathroom/Shower/Bathtub, Water Resistant, Lightweight, Ergonomic Grip (1839685)",
        "price": "$17.38",
        "listPrice": "$19.99",
        "imageUrl": "https://m.media-amazon.com/images/I/21tLyEdEIEL._SL160_.jpg",
        "detailPageURL": "https://www.amazon.com/dp/B00BEUDWJQ",
        "rating": "4.5",
        "totalReviews": "20988",
        "subtitle": "",
        "isPrimeEligible": "1"
    },
    {
        "ASIN": "B084G2D2DX",
        "title": "KORRES Greek Yoghurt Foaming Cream Cleanser 150 Ml, 5.01 fl. oz.",
        "price": "$28.00 ($5.59 / Fl Oz)",
        "listPrice": "",
        "imageUrl": "https://m.media-amazon.com/images/I/41Jaxn3We7L._SL160_.jpg",
        "detailPageURL": "https://www.amazon.com/dp/B084G2D2DX",
        "rating": "4.7",
        "totalReviews": "1363",
        "subtitle": "",
        "isPrimeEligible": "1"
    },
    {
        "ASIN": "B004OQHZ2M",
        "title": "ROHTO Hadalabo Gokujun Cleansing Oil 200ml",
        "price": "$11.88 ($1.76 / Ounce)",
        "listPrice": "$18.99 ($2.81 / Ounce)",
        "imageUrl": "https://m.media-amazon.com/images/I/310Kj-uSprS._SL160_.jpg",
        "detailPageURL": "https://www.amazon.com/dp/B004OQHZ2M",
        "rating": "4.6",
        "totalReviews": "4838",
        "subtitle": "Rohto",
        "isPrimeEligible": "1"
    },
    {
        "ASIN": "B0B2HTX6JF",
        "title": "Aveeno Calm + Restore Nourishing Oat Facial Cleanser for Sensitive Skin, Gentle Face Wash with Nourishing Oat & Calming Feverfew, Hypoallergenic, Fragrance-Free, Refill Pouch, 16 fl. Oz",
        "price": "$15.99 ($1.00 / Fl Oz)",
        "listPrice": "$20.69 ($1.29 / Fl Oz)",
        "imageUrl": "https://m.media-amazon.com/images/I/31TI3LhDMTL._SL160_.jpg",
        "detailPageURL": "https://www.amazon.com/dp/B0B2HTX6JF",
        "rating": "4.8",
        "totalReviews": "204",
        "subtitle": "Aveeno",
        "isPrimeEligible": "1"
    },
    {
        "ASIN": "B08ZCR6WZY",
        "title": "Clear Collective Exfoliating Jelly Cleanser from Hero Cosmetics - Gentle Daily Jelly-to-Foam Facial Cleanser, Eliminates Excess Oil and Removes Dead Skin, Fragrance and Paraben Free (5.07 fl oz)",
        "price": "$12.99 ($2.56 / Fl Oz)",
        "listPrice": "",
        "imageUrl": "https://m.media-amazon.com/images/I/31HBcAjzxGL._SL160_.jpg",
        "detailPageURL": "https://www.amazon.com/dp/B08ZCR6WZY",
        "rating": "4.4",
        "totalReviews": "2517",
        "subtitle": "Mighty Patch",
        "isPrimeEligible": "1"
    },
    {
        "ASIN": "B082G1SBGX",
        "title": "Acure Resurfacing Glycolic + True Unicorn Root Cleanser, 100% Vegan, Amethyst, Lactic, Resurface, Refine & Hydrates, All Skin Types, Rose, 4 Fl Oz",
        "price": "$13.28 ($3.32 / Fl Oz)",
        "listPrice": "",
        "imageUrl": "https://m.media-amazon.com/images/I/31BkhBsvJUL._SL160_.jpg",
        "detailPageURL": "https://www.amazon.com/dp/B082G1SBGX",
        "rating": "4.7",
        "totalReviews": "664",
        "subtitle": "Acure",
        "isPrimeEligible": "0"
    },
    {
        "ASIN": "B0C7J55374",
        "title": "CeraVe Hydrating Foaming Oil Cleanser | Foaming Oil Wash with Squalane Oil, Triglyceride, Hyaluronic Acid and Ceramides | For Dry to Very Dry Skin | 8 Oz",
        "price": "$12.37 ($1.55 / Fl Oz)",
        "listPrice": "$15.99 ($2.00 / Fl Oz)",
        "imageUrl": "https://m.media-amazon.com/images/I/416+0cXwuaL._SL160_.jpg",
        "detailPageURL": "https://www.amazon.com/dp/B0C7J55374",
        "rating": "4.6",
        "totalReviews": "201",
        "subtitle": "CeraVe",
        "isPrimeEligible": "1"
    },
    {
        "ASIN": "B00OZ6W8DW",
        "title": "[Cosrx] Salicylic Acid Daily Gentle Cleanser 150milliliter / Foam Cleanser for Blemish Skin",
        "price": "$13.99 ($2.76 / Fl Oz)",
        "listPrice": "",
        "imageUrl": "https://m.media-amazon.com/images/I/31fYbzBafXL._SL160_.jpg",
        "detailPageURL": "https://www.amazon.com/dp/B00OZ6W8DW",
        "rating": "4.6",
        "totalReviews": "1581",
        "subtitle": "COSRX",
        "isPrimeEligible": "1"
    },
    {
        "ASIN": "B0BLCZPFSM",
        "title": "innisfree Green Tea Hyaluronic Acid Face Cleanser: Antioxidant, Amino Acid Rich, Hydration, Non-Stripping Foam",
        "price": "$12.00 ($2.37 / Fl Oz)",
        "listPrice": "",
        "imageUrl": "https://m.media-amazon.com/images/I/31RmbOmELLL._SL160_.jpg",
        "detailPageURL": "https://www.amazon.com/dp/B0BLCZPFSM",
        "rating": "4.6",
        "totalReviews": "317",
        "subtitle": "",
        "isPrimeEligible": "1"
    },
    {
        "ASIN": "B00BEUDWJQ",
        "title": "Rubbermaid Reveal Cordless Battery Power Scrubber, Gray/Red, Multi-Purpose Scrub Brush Cleaner for Grout/Tile/Bathroom/Shower/Bathtub, Water Resistant, Lightweight, Ergonomic Grip (1839685)",
        "price": "$17.38",
        "listPrice": "$19.99",
        "imageUrl": "https://m.media-amazon.com/images/I/21tLyEdEIEL._SL160_.jpg",
        "detailPageURL": "https://www.amazon.com/dp/B00BEUDWJQ",
        "rating": "4.5",
        "totalReviews": "20988",
        "subtitle": "",
        "isPrimeEligible": "1"
    },
    {
        "ASIN": "B084G2D2DX",
        "title": "KORRES Greek Yoghurt Foaming Cream Cleanser 150 Ml, 5.01 fl. oz.",
        "price": "$28.00 ($5.59 / Fl Oz)",
        "listPrice": "",
        "imageUrl": "https://m.media-amazon.com/images/I/41Jaxn3We7L._SL160_.jpg",
        "detailPageURL": "https://www.amazon.com/dp/B084G2D2DX",
        "rating": "4.7",
        "totalReviews": "1363",
        "subtitle": "",
        "isPrimeEligible": "1"
    },
    {
        "ASIN": "B004OQHZ2M",
        "title": "ROHTO Hadalabo Gokujun Cleansing Oil 200ml",
        "price": "$11.88 ($1.76 / Ounce)",
        "listPrice": "$18.99 ($2.81 / Ounce)",
        "imageUrl": "https://m.media-amazon.com/images/I/310Kj-uSprS._SL160_.jpg",
        "detailPageURL": "https://www.amazon.com/dp/B004OQHZ2M",
        "rating": "4.6",
        "totalReviews": "4838",
        "subtitle": "Rohto",
        "isPrimeEligible": "1"
    },
    {
        "ASIN": "B098JLJTDJ",
        "title": "B_LAB Matcha Hydrating Foam Cleanser 120ml",
        "price": "$9.00 ($2.20 / Fl Oz)",
        "listPrice": "",
        "imageUrl": "https://m.media-amazon.com/images/I/21UuOKS7QCL._SL160_.jpg",
        "detailPageURL": "https://www.amazon.com/dp/B098JLJTDJ",
        "rating": "4.4",
        "totalReviews": "644",
        "subtitle": "B_LAB",
        "isPrimeEligible": "1"
    },
    {
        "ASIN": "B082G1SBGX",
        "title": "Acure Resurfacing Glycolic + True Unicorn Root Cleanser, 100% Vegan, Amethyst, Lactic, Resurface, Refine & Hydrates, All Skin Types, Rose, 4 Fl Oz",
        "price": "$13.24 ($3.31 / Fl Oz)",
        "listPrice": "",
        "imageUrl": "https://m.media-amazon.com/images/I/31BkhBsvJUL._SL160_.jpg",
        "detailPageURL": "https://www.amazon.com/dp/B082G1SBGX",
        "rating": "4.7",
        "totalReviews": "664",
        "subtitle": "Acure",
        "isPrimeEligible": "0"
    },
    {
        "ASIN": "B08ZCR6WZY",
        "title": "Clear Collective Exfoliating Jelly Cleanser from Hero Cosmetics - Gentle Daily Jelly-to-Foam Facial Cleanser, Eliminates Excess Oil and Removes Dead Skin, Fragrance and Paraben Free (5.07 fl oz)",
        "price": "$12.99 ($2.56 / Fl Oz)",
        "listPrice": "",
        "imageUrl": "https://m.media-amazon.com/images/I/31HBcAjzxGL._SL160_.jpg",
        "detailPageURL": "https://www.amazon.com/dp/B08ZCR6WZY",
        "rating": "4.4",
        "totalReviews": "2517",
        "subtitle": "Mighty Patch",
        "isPrimeEligible": "1"
    },
    {
        "ASIN": "B0C7J55374",
        "title": "CeraVe Hydrating Foaming Oil Cleanser | Foaming Oil Wash with Squalane Oil, Triglyceride, Hyaluronic Acid and Ceramides | For Dry to Very Dry Skin | 8 Oz",
        "price": "$12.37 ($1.55 / Fl Oz)",
        "listPrice": "$15.99 ($2.00 / Fl Oz)",
        "imageUrl": "https://m.media-amazon.com/images/I/416+0cXwuaL._SL160_.jpg",
        "detailPageURL": "https://www.amazon.com/dp/B0C7J55374",
        "rating": "4.6",
        "totalReviews": "201",
        "subtitle": "CeraVe",
        "isPrimeEligible": "1"
    },
    {
        "ASIN": "B086CLPYGL",
        "title": "philosophy Purity Made Simple One-Step Facial Cleanser, 16 Fl. Oz.",
        "price": "$38.00 ($2.38 / Fl Oz)",
        "listPrice": "$42.00 ($2.62 / Fl Oz)",
        "imageUrl": "https://m.media-amazon.com/images/I/31UajuqGgeL._SL160_.jpg",
        "detailPageURL": "https://www.amazon.com/dp/B086CLPYGL",
        "rating": "4.8",
        "totalReviews": "2729",
        "subtitle": "",
        "isPrimeEligible": "1"
    },
    {
        "ASIN": "B00OZ6W8DW",
        "title": "[Cosrx] Salicylic Acid Daily Gentle Cleanser 150milliliter / Foam Cleanser for Blemish Skin",
        "price": "$13.99 ($2.76 / Fl Oz)",
        "listPrice": "",
        "imageUrl": "https://m.media-amazon.com/images/I/31fYbzBafXL._SL160_.jpg",
        "detailPageURL": "https://www.amazon.com/dp/B00OZ6W8DW",
        "rating": "4.6",
        "totalReviews": "1581",
        "subtitle": "COSRX",
        "isPrimeEligible": "1"
    },
    {
        "ASIN": "B00BEUDWJQ",
        "title": "Rubbermaid Reveal Cordless Battery Power Scrubber, Gray/Red, Multi-Purpose Scrub Brush Cleaner for Grout/Tile/Bathroom/Shower/Bathtub, Water Resistant, Lightweight, Ergonomic Grip (1839685)",
        "price": "$17.38",
        "listPrice": "$19.99",
        "imageUrl": "https://m.media-amazon.com/images/I/21tLyEdEIEL._SL160_.jpg",
        "detailPageURL": "https://www.amazon.com/dp/B00BEUDWJQ",
        "rating": "4.5",
        "totalReviews": "20988",
        "subtitle": "",
        "isPrimeEligible": "1"
    },
    {
        "ASIN": "B08CQDF382",
        "title": "CeraVe Hydrating Cream-to-Foam Cleanser | Hydrating Makeup Remover and Face Wash With Hyaluronic Acid | Fragrance Free Non-Comedogenic | 19 Fluid Ounce",
        "price": "$17.30 ($0.91 / Fl Oz)",
        "listPrice": "$19.99 ($1.05 / Fl Oz)",
        "imageUrl": "https://m.media-amazon.com/images/I/41L8-DlKDLL._SL160_.jpg",
        "detailPageURL": "https://www.amazon.com/dp/B08CQDF382",
        "rating": "4.7",
        "totalReviews": "19133",
        "subtitle": "CeraVe",
        "isPrimeEligible": "1"
    },
    {
        "ASIN": "B004OQHZ2M",
        "title": "ROHTO Hadalabo Gokujun Cleansing Oil 200ml",
        "price": "$11.88 ($1.76 / Ounce)",
        "listPrice": "$18.99 ($2.81 / Ounce)",
        "imageUrl": "https://m.media-amazon.com/images/I/310Kj-uSprS._SL160_.jpg",
        "detailPageURL": "https://www.amazon.com/dp/B004OQHZ2M",
        "rating": "4.6",
        "totalReviews": "4838",
        "subtitle": "Rohto",
        "isPrimeEligible": "1"
    },
    {
        "ASIN": "B0BLCZPFSM",
        "title": "innisfree Green Tea Hyaluronic Acid Face Cleanser: Antioxidant, Amino Acid Rich, Hydration, Non-Stripping Foam",
        "price": "$12.00 ($2.37 / Fl Oz)",
        "listPrice": "",
        "imageUrl": "https://m.media-amazon.com/images/I/31RmbOmELLL._SL160_.jpg",
        "detailPageURL": "https://www.amazon.com/dp/B0BLCZPFSM",
        "rating": "4.6",
        "totalReviews": "317",
        "subtitle": "",
        "isPrimeEligible": "1"
    },
    {
        "ASIN": "B098JLJTDJ",
        "title": "B_LAB Matcha Hydrating Foam Cleanser 120ml",
        "price": "$9.00 ($2.20 / Fl Oz)",
        "listPrice": "",
        "imageUrl": "https://m.media-amazon.com/images/I/21UuOKS7QCL._SL160_.jpg",
        "detailPageURL": "https://www.amazon.com/dp/B098JLJTDJ",
        "rating": "4.4",
        "totalReviews": "644",
        "subtitle": "B_LAB",
        "isPrimeEligible": "1"
    },
    {
        "ASIN": "B08ZCR6WZY",
        "title": "Clear Collective Exfoliating Jelly Cleanser from Hero Cosmetics - Gentle Daily Jelly-to-Foam Facial Cleanser, Eliminates Excess Oil and Removes Dead Skin, Fragrance and Paraben Free (5.07 fl oz)",
        "price": "$12.99 ($2.56 / Fl Oz)",
        "listPrice": "",
        "imageUrl": "https://m.media-amazon.com/images/I/31HBcAjzxGL._SL160_.jpg",
        "detailPageURL": "https://www.amazon.com/dp/B08ZCR6WZY",
        "rating": "4.4",
        "totalReviews": "2517",
        "subtitle": "Mighty Patch",
        "isPrimeEligible": "1"
    },
    {
        "ASIN": "B0C7J55374",
        "title": "CeraVe Hydrating Foaming Oil Cleanser | Foaming Oil Wash with Squalane Oil, Triglyceride, Hyaluronic Acid and Ceramides | For Dry to Very Dry Skin | 8 Oz",
        "price": "$12.37 ($1.55 / Fl Oz)",
        "listPrice": "$15.99 ($2.00 / Fl Oz)",
        "imageUrl": "https://m.media-amazon.com/images/I/416+0cXwuaL._SL160_.jpg",
        "detailPageURL": "https://www.amazon.com/dp/B0C7J55374",
        "rating": "4.6",
        "totalReviews": "201",
        "subtitle": "CeraVe",
        "isPrimeEligible": "1"
    },
    {
        "ASIN": "B086CLPYGL",
        "title": "philosophy Purity Made Simple One-Step Facial Cleanser, 16 Fl. Oz.",
        "price": "$38.00 ($2.38 / Fl Oz)",
        "listPrice": "$42.00 ($2.62 / Fl Oz)",
        "imageUrl": "https://m.media-amazon.com/images/I/31UajuqGgeL._SL160_.jpg",
        "detailPageURL": "https://www.amazon.com/dp/B086CLPYGL",
        "rating": "4.8",
        "totalReviews": "2729",
        "subtitle": "",
        "isPrimeEligible": "1"
    },
    {
        "ASIN": "B00OZ6W8DW",
        "title": "[Cosrx] Salicylic Acid Daily Gentle Cleanser 150milliliter / Foam Cleanser for Blemish Skin",
        "price": "$13.99 ($2.76 / Fl Oz)",
        "listPrice": "",
        "imageUrl": "https://m.media-amazon.com/images/I/31fYbzBafXL._SL160_.jpg",
        "detailPageURL": "https://www.amazon.com/dp/B00OZ6W8DW",
        "rating": "4.6",
        "totalReviews": "1581",
        "subtitle": "COSRX",
        "isPrimeEligible": "1"
    },
    {
        "ASIN": "B00BEUDWJQ",
        "title": "Rubbermaid Reveal Cordless Battery Power Scrubber, Gray/Red, Multi-Purpose Scrub Brush Cleaner for Grout/Tile/Bathroom/Shower/Bathtub, Water Resistant, Lightweight, Ergonomic Grip (1839685)",
        "price": "$17.38",
        "listPrice": "$19.99",
        "imageUrl": "https://m.media-amazon.com/images/I/21tLyEdEIEL._SL160_.jpg",
        "detailPageURL": "https://www.amazon.com/dp/B00BEUDWJQ",
        "rating": "4.5",
        "totalReviews": "20988",
        "subtitle": "",
        "isPrimeEligible": "1"
    },
    {
        "ASIN": "B08CQDF382",
        "title": "CeraVe Hydrating Cream-to-Foam Cleanser | Hydrating Makeup Remover and Face Wash With Hyaluronic Acid | Fragrance Free Non-Comedogenic | 19 Fluid Ounce",
        "price": "$17.30 ($0.91 / Fl Oz)",
        "listPrice": "$19.99 ($1.05 / Fl Oz)",
        "imageUrl": "https://m.media-amazon.com/images/I/41L8-DlKDLL._SL160_.jpg",
        "detailPageURL": "https://www.amazon.com/dp/B08CQDF382",
        "rating": "4.7",
        "totalReviews": "19133",
        "subtitle": "CeraVe",
        "isPrimeEligible": "1"
    },
    {
        "ASIN": "B004OQHZ2M",
        "title": "ROHTO Hadalabo Gokujun Cleansing Oil 200ml",
        "price": "$11.88 ($1.76 / Ounce)",
        "listPrice": "$18.99 ($2.81 / Ounce)",
        "imageUrl": "https://m.media-amazon.com/images/I/310Kj-uSprS._SL160_.jpg",
        "detailPageURL": "https://www.amazon.com/dp/B004OQHZ2M",
        "rating": "4.6",
        "totalReviews": "4838",
        "subtitle": "Rohto",
        "isPrimeEligible": "1"
    },
    {
        "ASIN": "B0BLCZPFSM",
        "title": "innisfree Green Tea Hyaluronic Acid Face Cleanser: Antioxidant, Amino Acid Rich, Hydration, Non-Stripping Foam",
        "price": "$12.00 ($2.37 / Fl Oz)",
        "listPrice": "",
        "imageUrl": "https://m.media-amazon.com/images/I/31RmbOmELLL._SL160_.jpg",
        "detailPageURL": "https://www.amazon.com/dp/B0BLCZPFSM",
        "rating": "4.6",
        "totalReviews": "317",
        "subtitle": "",
        "isPrimeEligible": "1"
    },
    {
        "ASIN": "B098JLJTDJ",
        "title": "B_LAB Matcha Hydrating Foam Cleanser 120ml",
        "price": "$9.00 ($2.20 / Fl Oz)",
        "listPrice": "",
        "imageUrl": "https://m.media-amazon.com/images/I/21UuOKS7QCL._SL160_.jpg",
        "detailPageURL": "https://www.amazon.com/dp/B098JLJTDJ",
        "rating": "4.4",
        "totalReviews": "644",
        "subtitle": "B_LAB",
        "isPrimeEligible": "1"
    },
    {
        "ASIN": "B084G2D2DX",
        "title": "KORRES Greek Yoghurt Foaming Cream Cleanser 150 Ml, 5.01 fl. oz.",
        "price": "$28.00 ($5.59 / Fl Oz)",
        "listPrice": "",
        "imageUrl": "https://m.media-amazon.com/images/I/41Jaxn3We7L._SL160_.jpg",
        "detailPageURL": "https://www.amazon.com/dp/B084G2D2DX",
        "rating": "4.7",
        "totalReviews": "1363",
        "subtitle": "",
        "isPrimeEligible": "1"
    },
    {
        "ASIN": "B0C7J55374",
        "title": "CeraVe Hydrating Foaming Oil Cleanser | Foaming Oil Wash with Squalane Oil, Triglyceride, Hyaluronic Acid and Ceramides | For Dry to Very Dry Skin | 8 Oz",
        "price": "$12.37 ($1.55 / Fl Oz)",
        "listPrice": "$15.99 ($2.00 / Fl Oz)",
        "imageUrl": "https://m.media-amazon.com/images/I/416+0cXwuaL._SL160_.jpg",
        "detailPageURL": "https://www.amazon.com/dp/B0C7J55374",
        "rating": "4.6",
        "totalReviews": "201",
        "subtitle": "CeraVe",
        "isPrimeEligible": "1"
    },
    {
        "ASIN": "B086CLPYGL",
        "title": "philosophy Purity Made Simple One-Step Facial Cleanser, 16 Fl. Oz.",
        "price": "$38.00 ($2.38 / Fl Oz)",
        "listPrice": "$42.00 ($2.62 / Fl Oz)",
        "imageUrl": "https://m.media-amazon.com/images/I/31UajuqGgeL._SL160_.jpg",
        "detailPageURL": "https://www.amazon.com/dp/B086CLPYGL",
        "rating": "4.8",
        "totalReviews": "2729",
        "subtitle": "",
        "isPrimeEligible": "1"
    },
    {
        "ASIN": "B00OZ6W8DW",
        "title": "[Cosrx] Salicylic Acid Daily Gentle Cleanser 150milliliter / Foam Cleanser for Blemish Skin",
        "price": "$13.99 ($2.76 / Fl Oz)",
        "listPrice": "",
        "imageUrl": "https://m.media-amazon.com/images/I/31fYbzBafXL._SL160_.jpg",
        "detailPageURL": "https://www.amazon.com/dp/B00OZ6W8DW",
        "rating": "4.6",
        "totalReviews": "1581",
        "subtitle": "COSRX",
        "isPrimeEligible": "1"
    },
    {
        "ASIN": "B00BEUDWJQ",
        "title": "Rubbermaid Reveal Cordless Battery Power Scrubber, Gray/Red, Multi-Purpose Scrub Brush Cleaner for Grout/Tile/Bathroom/Shower/Bathtub, Water Resistant, Lightweight, Ergonomic Grip (1839685)",
        "price": "$17.38",
        "listPrice": "$19.99",
        "imageUrl": "https://m.media-amazon.com/images/I/21tLyEdEIEL._SL160_.jpg",
        "detailPageURL": "https://www.amazon.com/dp/B00BEUDWJQ",
        "rating": "4.5",
        "totalReviews": "20988",
        "subtitle": "",
        "isPrimeEligible": "1"
    },
    {
        "ASIN": "B08CQDF382",
        "title": "CeraVe Hydrating Cream-to-Foam Cleanser | Hydrating Makeup Remover and Face Wash With Hyaluronic Acid | Fragrance Free Non-Comedogenic | 19 Fluid Ounce",
        "price": "$17.30 ($0.91 / Fl Oz)",
        "listPrice": "$19.99 ($1.05 / Fl Oz)",
        "imageUrl": "https://m.media-amazon.com/images/I/41L8-DlKDLL._SL160_.jpg",
        "detailPageURL": "https://www.amazon.com/dp/B08CQDF382",
        "rating": "4.7",
        "totalReviews": "19133",
        "subtitle": "CeraVe",
        "isPrimeEligible": "1"
    },
    {
        "ASIN": "B004OQHZ2M",
        "title": "ROHTO Hadalabo Gokujun Cleansing Oil 200ml",
        "price": "$11.88 ($1.76 / Ounce)",
        "listPrice": "$18.99 ($2.81 / Ounce)",
        "imageUrl": "https://m.media-amazon.com/images/I/310Kj-uSprS._SL160_.jpg",
        "detailPageURL": "https://www.amazon.com/dp/B004OQHZ2M",
        "rating": "4.6",
        "totalReviews": "4838",
        "subtitle": "Rohto",
        "isPrimeEligible": "1"
    },
    {
        "ASIN": "B0BLCZPFSM",
        "title": "innisfree Green Tea Hyaluronic Acid Face Cleanser: Antioxidant, Amino Acid Rich, Hydration, Non-Stripping Foam",
        "price": "$12.00 ($2.37 / Fl Oz)",
        "listPrice": "",
        "imageUrl": "https://m.media-amazon.com/images/I/31RmbOmELLL._SL160_.jpg",
        "detailPageURL": "https://www.amazon.com/dp/B0BLCZPFSM",
        "rating": "4.6",
        "totalReviews": "317",
        "subtitle": "",
        "isPrimeEligible": "1"
    },
    {
        "ASIN": "B098JLJTDJ",
        "title": "B_LAB Matcha Hydrating Foam Cleanser 120ml",
        "price": "$9.00 ($2.20 / Fl Oz)",
        "listPrice": "",
        "imageUrl": "https://m.media-amazon.com/images/I/21UuOKS7QCL._SL160_.jpg",
        "detailPageURL": "https://www.amazon.com/dp/B098JLJTDJ",
        "rating": "4.4",
        "totalReviews": "644",
        "subtitle": "B_LAB",
        "isPrimeEligible": "1"
    },
    {
        "ASIN": "B084G2D2DX",
        "title": "KORRES Greek Yoghurt Foaming Cream Cleanser 150 Ml, 5.01 fl. oz.",
        "price": "$28.00 ($5.59 / Fl Oz)",
        "listPrice": "",
        "imageUrl": "https://m.media-amazon.com/images/I/41Jaxn3We7L._SL160_.jpg",
        "detailPageURL": "https://www.amazon.com/dp/B084G2D2DX",
        "rating": "4.7",
        "totalReviews": "1363",
        "subtitle": "",
        "isPrimeEligible": "1"
    },
    {
        "ASIN": "B06ZYNQZKF",
        "title": "Paula's Choice CLEAR Pore Normalizing Cleanser, Salicylic Acid Acne Face Wash, Redness & Blackheads, 6 Ounce",
        "price": "$15.00",
        "listPrice": "",
        "imageUrl": "https://m.media-amazon.com/images/I/31k+Mm+-w0L._SL160_.jpg",
        "detailPageURL": "https://www.amazon.com/dp/B06ZYNQZKF",
        "rating": "4.6",
        "totalReviews": "5857",
        "subtitle": "Paula's Choice",
        "isPrimeEligible": "1"
    },
    {
        "ASIN": "B086CLPYGL",
        "title": "philosophy Purity Made Simple One-Step Facial Cleanser, 16 Fl. Oz.",
        "price": "$38.00 ($2.38 / Fl Oz)",
        "listPrice": "$42.00 ($2.62 / Fl Oz)",
        "imageUrl": "https://m.media-amazon.com/images/I/31UajuqGgeL._SL160_.jpg",
        "detailPageURL": "https://www.amazon.com/dp/B086CLPYGL",
        "rating": "4.8",
        "totalReviews": "2729",
        "subtitle": "",
        "isPrimeEligible": "1"
    },
    {
        "ASIN": "B00OZ6W8DW",
        "title": "[Cosrx] Salicylic Acid Daily Gentle Cleanser 150milliliter / Foam Cleanser for Blemish Skin",
        "price": "$13.99 ($2.76 / Fl Oz)",
        "listPrice": "",
        "imageUrl": "https://m.media-amazon.com/images/I/31fYbzBafXL._SL160_.jpg",
        "detailPageURL": "https://www.amazon.com/dp/B00OZ6W8DW",
        "rating": "4.6",
        "totalReviews": "1581",
        "subtitle": "COSRX",
        "isPrimeEligible": "1"
    },
    {
        "ASIN": "B00BEUDWJQ",
        "title": "Rubbermaid Reveal Cordless Battery Power Scrubber, Gray/Red, Multi-Purpose Scrub Brush Cleaner for Grout/Tile/Bathroom/Shower/Bathtub, Water Resistant, Lightweight, Ergonomic Grip (1839685)",
        "price": "$17.38",
        "listPrice": "$19.99",
        "imageUrl": "https://m.media-amazon.com/images/I/21tLyEdEIEL._SL160_.jpg",
        "detailPageURL": "https://www.amazon.com/dp/B00BEUDWJQ",
        "rating": "4.5",
        "totalReviews": "20988",
        "subtitle": "",
        "isPrimeEligible": "1"
    },
    {
        "ASIN": "B08CQDF382",
        "title": "CeraVe Hydrating Cream-to-Foam Cleanser | Hydrating Makeup Remover and Face Wash With Hyaluronic Acid | Fragrance Free Non-Comedogenic | 19 Fluid Ounce",
        "price": "$17.30 ($0.91 / Fl Oz)",
        "listPrice": "$19.99 ($1.05 / Fl Oz)",
        "imageUrl": "https://m.media-amazon.com/images/I/41L8-DlKDLL._SL160_.jpg",
        "detailPageURL": "https://www.amazon.com/dp/B08CQDF382",
        "rating": "4.7",
        "totalReviews": "19133",
        "subtitle": "CeraVe",
        "isPrimeEligible": "1"
    },
    {
        "ASIN": "B004OQHZ2M",
        "title": "ROHTO Hadalabo Gokujun Cleansing Oil 200ml",
        "price": "$11.88 ($1.76 / Ounce)",
        "listPrice": "$18.99 ($2.81 / Ounce)",
        "imageUrl": "https://m.media-amazon.com/images/I/310Kj-uSprS._SL160_.jpg",
        "detailPageURL": "https://www.amazon.com/dp/B004OQHZ2M",
        "rating": "4.6",
        "totalReviews": "4838",
        "subtitle": "Rohto",
        "isPrimeEligible": "1"
    },
    {
        "ASIN": "B0BLCZPFSM",
        "title": "innisfree Green Tea Hyaluronic Acid Face Cleanser: Antioxidant, Amino Acid Rich, Hydration, Non-Stripping Foam",
        "price": "$12.00 ($2.37 / Fl Oz)",
        "listPrice": "",
        "imageUrl": "https://m.media-amazon.com/images/I/31RmbOmELLL._SL160_.jpg",
        "detailPageURL": "https://www.amazon.com/dp/B0BLCZPFSM",
        "rating": "4.6",
        "totalReviews": "317",
        "subtitle": "",
        "isPrimeEligible": "1"
    },
    {
        "ASIN": "B098JLJTDJ",
        "title": "B_LAB Matcha Hydrating Foam Cleanser 120ml",
        "price": "$9.00 ($2.20 / Fl Oz)",
        "listPrice": "",
        "imageUrl": "https://m.media-amazon.com/images/I/21UuOKS7QCL._SL160_.jpg",
        "detailPageURL": "https://www.amazon.com/dp/B098JLJTDJ",
        "rating": "4.4",
        "totalReviews": "644",
        "subtitle": "B_LAB",
        "isPrimeEligible": "1"
    },
    {
        "ASIN": "B084G2D2DX",
        "title": "KORRES Greek Yoghurt Foaming Cream Cleanser 150 Ml, 5.01 fl. oz.",
        "price": "$28.00 ($5.59 / Fl Oz)",
        "listPrice": "",
        "imageUrl": "https://m.media-amazon.com/images/I/41Jaxn3We7L._SL160_.jpg",
        "detailPageURL": "https://www.amazon.com/dp/B084G2D2DX",
        "rating": "4.7",
        "totalReviews": "1363",
        "subtitle": "",
        "isPrimeEligible": "1"
    },
    {
        "ASIN": "B06ZYNQZKF",
        "title": "Paula's Choice CLEAR Pore Normalizing Cleanser, Salicylic Acid Acne Face Wash, Redness & Blackheads, 6 Ounce",
        "price": "$15.00",
        "listPrice": "",
        "imageUrl": "https://m.media-amazon.com/images/I/31k+Mm+-w0L._SL160_.jpg",
        "detailPageURL": "https://www.amazon.com/dp/B06ZYNQZKF",
        "rating": "4.6",
        "totalReviews": "5857",
        "subtitle": "Paula's Choice",
        "isPrimeEligible": "1"
    },
    {
        "ASIN": "B00LO1DNXU",
        "title": "La Roche-Posay Effaclar Medicated Gel Facial Cleanser, Foaming Acne Face Wash with Salicylic Acid, Helps Clear Acne Breakouts and with Oily Skin Control, Oil Free, Fragrance Free",
        "price": "$15.99 ($2.35 / Fl Oz)",
        "listPrice": "$16.99 ($2.50 / Fl Oz)",
        "imageUrl": "https://m.media-amazon.com/images/I/41Cpx+JKj1L._SL160_.jpg",
        "detailPageURL": "https://www.amazon.com/dp/B00LO1DNXU",
        "rating": "4.6",
        "totalReviews": "14476",
        "subtitle": "",
        "isPrimeEligible": "1"
    },
    {
        "ASIN": "B00OZ6W8DW",
        "title": "[Cosrx] Salicylic Acid Daily Gentle Cleanser 150milliliter / Foam Cleanser for Blemish Skin",
        "price": "$13.99 ($2.76 / Fl Oz)",
        "listPrice": "",
        "imageUrl": "https://m.media-amazon.com/images/I/31fYbzBafXL._SL160_.jpg",
        "detailPageURL": "https://www.amazon.com/dp/B00OZ6W8DW",
        "rating": "4.6",
        "totalReviews": "1581",
        "subtitle": "COSRX",
        "isPrimeEligible": "1"
    },
    {
        "ASIN": "B00BEUDWJQ",
        "title": "Rubbermaid Reveal Cordless Battery Power Scrubber, Gray/Red, Multi-Purpose Scrub Brush Cleaner for Grout/Tile/Bathroom/Shower/Bathtub, Water Resistant, Lightweight, Ergonomic Grip (1839685)",
        "price": "$17.38",
        "listPrice": "$19.99",
        "imageUrl": "https://m.media-amazon.com/images/I/21tLyEdEIEL._SL160_.jpg",
        "detailPageURL": "https://www.amazon.com/dp/B00BEUDWJQ",
        "rating": "4.5",
        "totalReviews": "20988",
        "subtitle": "",
        "isPrimeEligible": "1"
    },
    {
        "ASIN": "B08CQDF382",
        "title": "CeraVe Hydrating Cream-to-Foam Cleanser | Hydrating Makeup Remover and Face Wash With Hyaluronic Acid | Fragrance Free Non-Comedogenic | 19 Fluid Ounce",
        "price": "$17.30 ($0.91 / Fl Oz)",
        "listPrice": "$19.99 ($1.05 / Fl Oz)",
        "imageUrl": "https://m.media-amazon.com/images/I/41L8-DlKDLL._SL160_.jpg",
        "detailPageURL": "https://www.amazon.com/dp/B08CQDF382",
        "rating": "4.7",
        "totalReviews": "19133",
        "subtitle": "CeraVe",
        "isPrimeEligible": "1"
    },
    {
        "ASIN": "B004OQHZ2M",
        "title": "ROHTO Hadalabo Gokujun Cleansing Oil 200ml",
        "price": "$11.88 ($1.76 / Ounce)",
        "listPrice": "$18.99 ($2.81 / Ounce)",
        "imageUrl": "https://m.media-amazon.com/images/I/310Kj-uSprS._SL160_.jpg",
        "detailPageURL": "https://www.amazon.com/dp/B004OQHZ2M",
        "rating": "4.6",
        "totalReviews": "4838",
        "subtitle": "Rohto",
        "isPrimeEligible": "1"
    },
    {
        "ASIN": "B0BLCZPFSM",
        "title": "innisfree Green Tea Hyaluronic Acid Face Cleanser: Antioxidant, Amino Acid Rich, Hydration, Non-Stripping Foam",
        "price": "$12.00 ($2.37 / Fl Oz)",
        "listPrice": "",
        "imageUrl": "https://m.media-amazon.com/images/I/31RmbOmELLL._SL160_.jpg",
        "detailPageURL": "https://www.amazon.com/dp/B0BLCZPFSM",
        "rating": "4.6",
        "totalReviews": "317",
        "subtitle": "",
        "isPrimeEligible": "1"
    },
    {
        "ASIN": "B098JLJTDJ",
        "title": "B_LAB Matcha Hydrating Foam Cleanser 120ml",
        "price": "$9.00 ($2.20 / Fl Oz)",
        "listPrice": "",
        "imageUrl": "https://m.media-amazon.com/images/I/21UuOKS7QCL._SL160_.jpg",
        "detailPageURL": "https://www.amazon.com/dp/B098JLJTDJ",
        "rating": "4.4",
        "totalReviews": "644",
        "subtitle": "B_LAB",
        "isPrimeEligible": "1"
    },
    {
        "ASIN": "B084G2D2DX",
        "title": "KORRES Greek Yoghurt Foaming Cream Cleanser 150 Ml, 5.01 fl. oz.",
        "price": "$28.00 ($5.59 / Fl Oz)",
        "listPrice": "",
        "imageUrl": "https://m.media-amazon.com/images/I/41Jaxn3We7L._SL160_.jpg",
        "detailPageURL": "https://www.amazon.com/dp/B084G2D2DX",
        "rating": "4.7",
        "totalReviews": "1363",
        "subtitle": "",
        "isPrimeEligible": "1"
    },
    {
        "ASIN": "B06ZYNQZKF",
        "title": "Paula's Choice CLEAR Pore Normalizing Cleanser, Salicylic Acid Acne Face Wash, Redness & Blackheads, 6 Ounce",
        "price": "$15.00",
        "listPrice": "",
        "imageUrl": "https://m.media-amazon.com/images/I/31k+Mm+-w0L._SL160_.jpg",
        "detailPageURL": "https://www.amazon.com/dp/B06ZYNQZKF",
        "rating": "4.6",
        "totalReviews": "5857",
        "subtitle": "Paula's Choice",
        "isPrimeEligible": "1"
    },
    {
        "ASIN": "B00LO1DNXU",
        "title": "La Roche-Posay Effaclar Medicated Gel Facial Cleanser, Foaming Acne Face Wash with Salicylic Acid, Helps Clear Acne Breakouts and with Oily Skin Control, Oil Free, Fragrance Free",
        "price": "$15.99 ($2.35 / Fl Oz)",
        "listPrice": "$16.99 ($2.50 / Fl Oz)",
        "imageUrl": "https://m.media-amazon.com/images/I/41Cpx+JKj1L._SL160_.jpg",
        "detailPageURL": "https://www.amazon.com/dp/B00LO1DNXU",
        "rating": "4.6",
        "totalReviews": "14476",
        "subtitle": "",
        "isPrimeEligible": "1"
    },
    {
        "ASIN": "B099N3NM61",
        "title": "Cetaphil Face Wash, Hydrating Gentle Skin Cleanser for Dry to Normal Sensitive Skin, NEW 20oz, Fragrance Free, Soap Free and Non-Foaming",
        "price": "$13.97 ($0.70 / Fl Oz)",
        "listPrice": "$15.49 ($0.77 / Fl Oz)",
        "imageUrl": "https://m.media-amazon.com/images/I/310RH+QdOuL._SL160_.jpg",
        "detailPageURL": "https://www.amazon.com/dp/B099N3NM61",
        "rating": "4.6",
        "totalReviews": "8107",
        "subtitle": "Cetaphil",
        "isPrimeEligible": "1"
    },
    {
        "ASIN": "B00BEUDWJQ",
        "title": "Rubbermaid Reveal Cordless Battery Power Scrubber, Gray/Red, Multi-Purpose Scrub Brush Cleaner for Grout/Tile/Bathroom/Shower/Bathtub, Water Resistant, Lightweight, Ergonomic Grip (1839685)",
        "price": "$17.38",
        "listPrice": "$19.99",
        "imageUrl": "https://m.media-amazon.com/images/I/21tLyEdEIEL._SL160_.jpg",
        "detailPageURL": "https://www.amazon.com/dp/B00BEUDWJQ",
        "rating": "4.5",
        "totalReviews": "20988",
        "subtitle": "",
        "isPrimeEligible": "1"
    },
    {
        "ASIN": "B08CQDF382",
        "title": "CeraVe Hydrating Cream-to-Foam Cleanser | Hydrating Makeup Remover and Face Wash With Hyaluronic Acid | Fragrance Free Non-Comedogenic | 19 Fluid Ounce",
        "price": "$17.30 ($0.91 / Fl Oz)",
        "listPrice": "$19.99 ($1.05 / Fl Oz)",
        "imageUrl": "https://m.media-amazon.com/images/I/41L8-DlKDLL._SL160_.jpg",
        "detailPageURL": "https://www.amazon.com/dp/B08CQDF382",
        "rating": "4.7",
        "totalReviews": "19133",
        "subtitle": "CeraVe",
        "isPrimeEligible": "1"
    },
    {
        "ASIN": "B004OQHZ2M",
        "title": "ROHTO Hadalabo Gokujun Cleansing Oil 200ml",
        "price": "$11.88 ($1.76 / Ounce)",
        "listPrice": "$18.99 ($2.81 / Ounce)",
        "imageUrl": "https://m.media-amazon.com/images/I/310Kj-uSprS._SL160_.jpg",
        "detailPageURL": "https://www.amazon.com/dp/B004OQHZ2M",
        "rating": "4.6",
        "totalReviews": "4838",
        "subtitle": "Rohto",
        "isPrimeEligible": "1"
    },
    {
        "ASIN": "B0BLCZPFSM",
        "title": "innisfree Green Tea Hyaluronic Acid Face Cleanser: Antioxidant, Amino Acid Rich, Hydration, Non-Stripping Foam",
        "price": "$12.00 ($2.37 / Fl Oz)",
        "listPrice": "",
        "imageUrl": "https://m.media-amazon.com/images/I/31RmbOmELLL._SL160_.jpg",
        "detailPageURL": "https://www.amazon.com/dp/B0BLCZPFSM",
        "rating": "4.6",
        "totalReviews": "317",
        "subtitle": "",
        "isPrimeEligible": "1"
    },
    {
        "ASIN": "B098JLJTDJ",
        "title": "B_LAB Matcha Hydrating Foam Cleanser 120ml",
        "price": "$9.00 ($2.20 / Fl Oz)",
        "listPrice": "",
        "imageUrl": "https://m.media-amazon.com/images/I/21UuOKS7QCL._SL160_.jpg",
        "detailPageURL": "https://www.amazon.com/dp/B098JLJTDJ",
        "rating": "4.4",
        "totalReviews": "644",
        "subtitle": "B_LAB",
        "isPrimeEligible": "1"
    },
    {
        "ASIN": "B084G2D2DX",
        "title": "KORRES Greek Yoghurt Foaming Cream Cleanser 150 Ml, 5.01 fl. oz.",
        "price": "$28.00 ($5.59 / Fl Oz)",
        "listPrice": "",
        "imageUrl": "https://m.media-amazon.com/images/I/41Jaxn3We7L._SL160_.jpg",
        "detailPageURL": "https://www.amazon.com/dp/B084G2D2DX",
        "rating": "4.7",
        "totalReviews": "1363",
        "subtitle": "",
        "isPrimeEligible": "1"
    },
    {
        "ASIN": "B06ZYNQZKF",
        "title": "Paula's Choice CLEAR Pore Normalizing Cleanser, Salicylic Acid Acne Face Wash, Redness & Blackheads, 6 Ounce",
        "price": "$15.00",
        "listPrice": "",
        "imageUrl": "https://m.media-amazon.com/images/I/31k+Mm+-w0L._SL160_.jpg",
        "detailPageURL": "https://www.amazon.com/dp/B06ZYNQZKF",
        "rating": "4.6",
        "totalReviews": "5857",
        "subtitle": "Paula's Choice",
        "isPrimeEligible": "1"
    },
    {
        "ASIN": "B00LO1DNXU",
        "title": "La Roche-Posay Effaclar Medicated Gel Facial Cleanser, Foaming Acne Face Wash with Salicylic Acid, Helps Clear Acne Breakouts and with Oily Skin Control, Oil Free, Fragrance Free",
        "price": "$15.99 ($2.35 / Fl Oz)",
        "listPrice": "$16.99 ($2.50 / Fl Oz)",
        "imageUrl": "https://m.media-amazon.com/images/I/41Cpx+JKj1L._SL160_.jpg",
        "detailPageURL": "https://www.amazon.com/dp/B00LO1DNXU",
        "rating": "4.6",
        "totalReviews": "14476",
        "subtitle": "",
        "isPrimeEligible": "1"
    },
    {
        "ASIN": "B099N3NM61",
        "title": "Cetaphil Face Wash, Hydrating Gentle Skin Cleanser for Dry to Normal Sensitive Skin, NEW 20oz, Fragrance Free, Soap Free and Non-Foaming",
        "price": "$13.97 ($0.70 / Fl Oz)",
        "listPrice": "$15.49 ($0.77 / Fl Oz)",
        "imageUrl": "https://m.media-amazon.com/images/I/310RH+QdOuL._SL160_.jpg",
        "detailPageURL": "https://www.amazon.com/dp/B099N3NM61",
        "rating": "4.6",
        "totalReviews": "8107",
        "subtitle": "Cetaphil",
        "isPrimeEligible": "1"
    },
    {
        "ASIN": "B097WFJ5H2",
        "title": "CeraVe Face Wash Acne Treatment | 2% Salicylic Acid Cleanser with Purifying Clay for Oily Skin | Blackhead Remover and Clogged Pore Control | Fragrance Free, Paraben Free & Non Comedogenic| 8 Ounce",
        "price": "$13.49 ($1.69 / Fl Oz)",
        "listPrice": "$17.99 ($2.25 / Fl Oz)",
        "imageUrl": "https://m.media-amazon.com/images/I/41ZNMxu5StL._SL160_.jpg",
        "detailPageURL": "https://www.amazon.com/dp/B097WFJ5H2",
        "rating": "4.7",
        "totalReviews": "9833",
        "subtitle": "CeraVe",
        "isPrimeEligible": "1"
    },
    {
        "ASIN": "B08CQDF382",
        "title": "CeraVe Hydrating Cream-to-Foam Cleanser | Hydrating Makeup Remover and Face Wash With Hyaluronic Acid | Fragrance Free Non-Comedogenic | 19 Fluid Ounce",
        "price": "$17.30 ($0.91 / Fl Oz)",
        "listPrice": "$19.99 ($1.05 / Fl Oz)",
        "imageUrl": "https://m.media-amazon.com/images/I/41L8-DlKDLL._SL160_.jpg",
        "detailPageURL": "https://www.amazon.com/dp/B08CQDF382",
        "rating": "4.7",
        "totalReviews": "19133",
        "subtitle": "CeraVe",
        "isPrimeEligible": "1"
    },
    {
        "ASIN": "B004OQHZ2M",
        "title": "ROHTO Hadalabo Gokujun Cleansing Oil 200ml",
        "price": "$11.88 ($1.76 / Ounce)",
        "listPrice": "$18.99 ($2.81 / Ounce)",
        "imageUrl": "https://m.media-amazon.com/images/I/310Kj-uSprS._SL160_.jpg",
        "detailPageURL": "https://www.amazon.com/dp/B004OQHZ2M",
        "rating": "4.6",
        "totalReviews": "4838",
        "subtitle": "Rohto",
        "isPrimeEligible": "1"
    },
    {
        "ASIN": "B0BLCZPFSM",
        "title": "innisfree Green Tea Hyaluronic Acid Face Cleanser: Antioxidant, Amino Acid Rich, Hydration, Non-Stripping Foam",
        "price": "$12.00 ($2.37 / Fl Oz)",
        "listPrice": "",
        "imageUrl": "https://m.media-amazon.com/images/I/31RmbOmELLL._SL160_.jpg",
        "detailPageURL": "https://www.amazon.com/dp/B0BLCZPFSM",
        "rating": "4.6",
        "totalReviews": "317",
        "subtitle": "",
        "isPrimeEligible": "1"
    },
    {
        "ASIN": "B098JLJTDJ",
        "title": "B_LAB Matcha Hydrating Foam Cleanser 120ml",
        "price": "$9.00 ($2.20 / Fl Oz)",
        "listPrice": "",
        "imageUrl": "https://m.media-amazon.com/images/I/21UuOKS7QCL._SL160_.jpg",
        "detailPageURL": "https://www.amazon.com/dp/B098JLJTDJ",
        "rating": "4.4",
        "totalReviews": "644",
        "subtitle": "B_LAB",
        "isPrimeEligible": "1"
    },
    {
        "ASIN": "B084G2D2DX",
        "title": "KORRES Greek Yoghurt Foaming Cream Cleanser 150 Ml, 5.01 fl. oz.",
        "price": "$28.00 ($5.59 / Fl Oz)",
        "listPrice": "",
        "imageUrl": "https://m.media-amazon.com/images/I/41Jaxn3We7L._SL160_.jpg",
        "detailPageURL": "https://www.amazon.com/dp/B084G2D2DX",
        "rating": "4.7",
        "totalReviews": "1363",
        "subtitle": "",
        "isPrimeEligible": "1"
    },
    {
        "ASIN": "B06ZYNQZKF",
        "title": "Paula's Choice CLEAR Pore Normalizing Cleanser, Salicylic Acid Acne Face Wash, Redness & Blackheads, 6 Ounce",
        "price": "$15.00",
        "listPrice": "",
        "imageUrl": "https://m.media-amazon.com/images/I/31k+Mm+-w0L._SL160_.jpg",
        "detailPageURL": "https://www.amazon.com/dp/B06ZYNQZKF",
        "rating": "4.6",
        "totalReviews": "5857",
        "subtitle": "Paula's Choice",
        "isPrimeEligible": "1"
    },
    {
        "ASIN": "B00LO1DNXU",
        "title": "La Roche-Posay Effaclar Medicated Gel Facial Cleanser, Foaming Acne Face Wash with Salicylic Acid, Helps Clear Acne Breakouts and with Oily Skin Control, Oil Free, Fragrance Free",
        "price": "$15.99 ($2.35 / Fl Oz)",
        "listPrice": "$16.99 ($2.50 / Fl Oz)",
        "imageUrl": "https://m.media-amazon.com/images/I/41Cpx+JKj1L._SL160_.jpg",
        "detailPageURL": "https://www.amazon.com/dp/B00LO1DNXU",
        "rating": "4.6",
        "totalReviews": "14476",
        "subtitle": "",
        "isPrimeEligible": "1"
    },
    {
        "ASIN": "B099N3NM61",
        "title": "Cetaphil Face Wash, Hydrating Gentle Skin Cleanser for Dry to Normal Sensitive Skin, NEW 20oz, Fragrance Free, Soap Free and Non-Foaming",
        "price": "$13.97 ($0.70 / Fl Oz)",
        "listPrice": "$15.49 ($0.77 / Fl Oz)",
        "imageUrl": "https://m.media-amazon.com/images/I/310RH+QdOuL._SL160_.jpg",
        "detailPageURL": "https://www.amazon.com/dp/B099N3NM61",
        "rating": "4.6",
        "totalReviews": "8107",
        "subtitle": "Cetaphil",
        "isPrimeEligible": "1"
    },
    {
        "ASIN": "B097WFJ5H2",
        "title": "CeraVe Face Wash Acne Treatment | 2% Salicylic Acid Cleanser with Purifying Clay for Oily Skin | Blackhead Remover and Clogged Pore Control | Fragrance Free, Paraben Free & Non Comedogenic| 8 Ounce",
        "price": "$13.49 ($1.69 / Fl Oz)",
        "listPrice": "$17.99 ($2.25 / Fl Oz)",
        "imageUrl": "https://m.media-amazon.com/images/I/41ZNMxu5StL._SL160_.jpg",
        "detailPageURL": "https://www.amazon.com/dp/B097WFJ5H2",
        "rating": "4.7",
        "totalReviews": "9833",
        "subtitle": "CeraVe",
        "isPrimeEligible": "1"
    },
    {
        "ASIN": "B00KO8685Y",
        "title": "Dyson DC41 Upright Ball Vacuum (Certified Refurbished)",
        "price": "$349.00",
        "listPrice": "",
        "imageUrl": "https://m.media-amazon.com/images/I/31T6FyrZ0ML._SL160_.jpg",
        "detailPageURL": "https://www.amazon.com/dp/B00KO8685Y",
        "rating": "3.7",
        "totalReviews": "70",
        "subtitle": "",
        "isPrimeEligible": "0"
    },
    {
        "ASIN": "B004OQHZ2M",
        "title": "ROHTO Hadalabo Gokujun Cleansing Oil 200ml",
        "price": "$11.88 ($1.76 / Ounce)",
        "listPrice": "$18.99 ($2.81 / Ounce)",
        "imageUrl": "https://m.media-amazon.com/images/I/310Kj-uSprS._SL160_.jpg",
        "detailPageURL": "https://www.amazon.com/dp/B004OQHZ2M",
        "rating": "4.6",
        "totalReviews": "4838",
        "subtitle": "Rohto",
        "isPrimeEligible": "1"
    },
    {
        "ASIN": "B0BLCZPFSM",
        "title": "innisfree Green Tea Hyaluronic Acid Face Cleanser: Antioxidant, Amino Acid Rich, Hydration, Non-Stripping Foam",
        "price": "$12.00 ($2.37 / Fl Oz)",
        "listPrice": "",
        "imageUrl": "https://m.media-amazon.com/images/I/31RmbOmELLL._SL160_.jpg",
        "detailPageURL": "https://www.amazon.com/dp/B0BLCZPFSM",
        "rating": "4.6",
        "totalReviews": "317",
        "subtitle": "",
        "isPrimeEligible": "1"
    },
    {
        "ASIN": "B098JLJTDJ",
        "title": "B_LAB Matcha Hydrating Foam Cleanser 120ml",
        "price": "$9.00 ($2.20 / Fl Oz)",
        "listPrice": "",
        "imageUrl": "https://m.media-amazon.com/images/I/21UuOKS7QCL._SL160_.jpg",
        "detailPageURL": "https://www.amazon.com/dp/B098JLJTDJ",
        "rating": "4.4",
        "totalReviews": "644",
        "subtitle": "B_LAB",
        "isPrimeEligible": "1"
    },
    {
        "ASIN": "B084G2D2DX",
        "title": "KORRES Greek Yoghurt Foaming Cream Cleanser 150 Ml, 5.01 fl. oz.",
        "price": "$28.00 ($5.59 / Fl Oz)",
        "listPrice": "",
        "imageUrl": "https://m.media-amazon.com/images/I/41Jaxn3We7L._SL160_.jpg",
        "detailPageURL": "https://www.amazon.com/dp/B084G2D2DX",
        "rating": "4.7",
        "totalReviews": "1363",
        "subtitle": "",
        "isPrimeEligible": "1"
    },
    {
        "ASIN": "B06ZYNQZKF",
        "title": "Paula's Choice CLEAR Pore Normalizing Cleanser, Salicylic Acid Acne Face Wash, Redness & Blackheads, 6 Ounce",
        "price": "$15.00",
        "listPrice": "",
        "imageUrl": "https://m.media-amazon.com/images/I/31k+Mm+-w0L._SL160_.jpg",
        "detailPageURL": "https://www.amazon.com/dp/B06ZYNQZKF",
        "rating": "4.6",
        "totalReviews": "5857",
        "subtitle": "Paula's Choice",
        "isPrimeEligible": "1"
    },
    {
        "ASIN": "B00LO1DNXU",
        "title": "La Roche-Posay Effaclar Medicated Gel Facial Cleanser, Foaming Acne Face Wash with Salicylic Acid, Helps Clear Acne Breakouts and with Oily Skin Control, Oil Free, Fragrance Free",
        "price": "$15.99 ($2.35 / Fl Oz)",
        "listPrice": "$16.99 ($2.50 / Fl Oz)",
        "imageUrl": "https://m.media-amazon.com/images/I/41Cpx+JKj1L._SL160_.jpg",
        "detailPageURL": "https://www.amazon.com/dp/B00LO1DNXU",
        "rating": "4.6",
        "totalReviews": "14476",
        "subtitle": "",
        "isPrimeEligible": "1"
    },
    {
        "ASIN": "B099N3NM61",
        "title": "Cetaphil Face Wash, Hydrating Gentle Skin Cleanser for Dry to Normal Sensitive Skin, NEW 20oz, Fragrance Free, Soap Free and Non-Foaming",
        "price": "$13.97 ($0.70 / Fl Oz)",
        "listPrice": "$15.49 ($0.77 / Fl Oz)",
        "imageUrl": "https://m.media-amazon.com/images/I/310RH+QdOuL._SL160_.jpg",
        "detailPageURL": "https://www.amazon.com/dp/B099N3NM61",
        "rating": "4.6",
        "totalReviews": "8107",
        "subtitle": "Cetaphil",
        "isPrimeEligible": "1"
    },
    {
        "ASIN": "B097WFJ5H2",
        "title": "CeraVe Face Wash Acne Treatment | 2% Salicylic Acid Cleanser with Purifying Clay for Oily Skin | Blackhead Remover and Clogged Pore Control | Fragrance Free, Paraben Free & Non Comedogenic| 8 Ounce",
        "price": "$13.49 ($1.69 / Fl Oz)",
        "listPrice": "$17.99 ($2.25 / Fl Oz)",
        "imageUrl": "https://m.media-amazon.com/images/I/41ZNMxu5StL._SL160_.jpg",
        "detailPageURL": "https://www.amazon.com/dp/B097WFJ5H2",
        "rating": "4.7",
        "totalReviews": "9833",
        "subtitle": "CeraVe",
        "isPrimeEligible": "1"
    },
    {
        "ASIN": "B00KO8685Y",
        "title": "Dyson DC41 Upright Ball Vacuum (Certified Refurbished)",
        "price": "$349.00",
        "listPrice": "",
        "imageUrl": "https://m.media-amazon.com/images/I/31T6FyrZ0ML._SL160_.jpg",
        "detailPageURL": "https://www.amazon.com/dp/B00KO8685Y",
        "rating": "3.7",
        "totalReviews": "70",
        "subtitle": "",
        "isPrimeEligible": "0"
    },
    {
        "ASIN": "B01E2H32FG",
        "title": "ROVECTIN] Conditioning Cleanser - pH Balanced Hypoallergenic Face Wash For Sensitive Skin (5.9 fl. oz)",
        "price": "$17.00 ($2.88 / Fl Oz)",
        "listPrice": "$18.00 ($3.05 / Fl Oz)",
        "imageUrl": "https://m.media-amazon.com/images/I/21qUo3nmJ2S._SL160_.jpg",
        "detailPageURL": "https://www.amazon.com/dp/B01E2H32FG",
        "rating": "4.5",
        "totalReviews": "584",
        "subtitle": "ROVECTIN",
        "isPrimeEligible": "1"
    },
    {
        "ASIN": "B0BLCZPFSM",
        "title": "innisfree Green Tea Hyaluronic Acid Face Cleanser: Antioxidant, Amino Acid Rich, Hydration, Non-Stripping Foam",
        "price": "$12.00 ($2.37 / Fl Oz)",
        "listPrice": "",
        "imageUrl": "https://m.media-amazon.com/images/I/31RmbOmELLL._SL160_.jpg",
        "detailPageURL": "https://www.amazon.com/dp/B0BLCZPFSM",
        "rating": "4.6",
        "totalReviews": "317",
        "subtitle": "",
        "isPrimeEligible": "1"
    },
    {
        "ASIN": "B098JLJTDJ",
        "title": "B_LAB Matcha Hydrating Foam Cleanser 120ml",
        "price": "$9.00 ($2.20 / Fl Oz)",
        "listPrice": "",
        "imageUrl": "https://m.media-amazon.com/images/I/21UuOKS7QCL._SL160_.jpg",
        "detailPageURL": "https://www.amazon.com/dp/B098JLJTDJ",
        "rating": "4.4",
        "totalReviews": "644",
        "subtitle": "B_LAB",
        "isPrimeEligible": "1"
    },
    {
        "ASIN": "B084G2D2DX",
        "title": "KORRES Greek Yoghurt Foaming Cream Cleanser 150 Ml, 5.01 fl. oz.",
        "price": "$28.00 ($5.59 / Fl Oz)",
        "listPrice": "",
        "imageUrl": "https://m.media-amazon.com/images/I/41Jaxn3We7L._SL160_.jpg",
        "detailPageURL": "https://www.amazon.com/dp/B084G2D2DX",
        "rating": "4.7",
        "totalReviews": "1363",
        "subtitle": "",
        "isPrimeEligible": "1"
    },
    {
        "ASIN": "B06ZYNQZKF",
        "title": "Paula's Choice CLEAR Pore Normalizing Cleanser, Salicylic Acid Acne Face Wash, Redness & Blackheads, 6 Ounce",
        "price": "$15.00",
        "listPrice": "",
        "imageUrl": "https://m.media-amazon.com/images/I/31k+Mm+-w0L._SL160_.jpg",
        "detailPageURL": "https://www.amazon.com/dp/B06ZYNQZKF",
        "rating": "4.6",
        "totalReviews": "5857",
        "subtitle": "Paula's Choice",
        "isPrimeEligible": "1"
    },
    {
        "ASIN": "B00LO1DNXU",
        "title": "La Roche-Posay Effaclar Medicated Gel Facial Cleanser, Foaming Acne Face Wash with Salicylic Acid, Helps Clear Acne Breakouts and with Oily Skin Control, Oil Free, Fragrance Free",
        "price": "$15.99 ($2.35 / Fl Oz)",
        "listPrice": "$16.99 ($2.50 / Fl Oz)",
        "imageUrl": "https://m.media-amazon.com/images/I/41Cpx+JKj1L._SL160_.jpg",
        "detailPageURL": "https://www.amazon.com/dp/B00LO1DNXU",
        "rating": "4.6",
        "totalReviews": "14476",
        "subtitle": "",
        "isPrimeEligible": "1"
    },
    {
        "ASIN": "B099N3NM61",
        "title": "Cetaphil Face Wash, Hydrating Gentle Skin Cleanser for Dry to Normal Sensitive Skin, NEW 20oz, Fragrance Free, Soap Free and Non-Foaming",
        "price": "$13.97 ($0.70 / Fl Oz)",
        "listPrice": "$15.49 ($0.77 / Fl Oz)",
        "imageUrl": "https://m.media-amazon.com/images/I/310RH+QdOuL._SL160_.jpg",
        "detailPageURL": "https://www.amazon.com/dp/B099N3NM61",
        "rating": "4.6",
        "totalReviews": "8107",
        "subtitle": "Cetaphil",
        "isPrimeEligible": "1"
    },
    {
        "ASIN": "B097WFJ5H2",
        "title": "CeraVe Face Wash Acne Treatment | 2% Salicylic Acid Cleanser with Purifying Clay for Oily Skin | Blackhead Remover and Clogged Pore Control | Fragrance Free, Paraben Free & Non Comedogenic| 8 Ounce",
        "price": "$13.49 ($1.69 / Fl Oz)",
        "listPrice": "$17.99 ($2.25 / Fl Oz)",
        "imageUrl": "https://m.media-amazon.com/images/I/41ZNMxu5StL._SL160_.jpg",
        "detailPageURL": "https://www.amazon.com/dp/B097WFJ5H2",
        "rating": "4.7",
        "totalReviews": "9833",
        "subtitle": "CeraVe",
        "isPrimeEligible": "1"
    },
    {
        "ASIN": "B00KO8685Y",
        "title": "Dyson DC41 Upright Ball Vacuum (Certified Refurbished)",
        "price": "$349.00",
        "listPrice": "",
        "imageUrl": "https://m.media-amazon.com/images/I/31T6FyrZ0ML._SL160_.jpg",
        "detailPageURL": "https://www.amazon.com/dp/B00KO8685Y",
        "rating": "3.7",
        "totalReviews": "70",
        "subtitle": "",
        "isPrimeEligible": "0"
    },
    {
        "ASIN": "B01E2H32FG",
        "title": "ROVECTIN] Conditioning Cleanser - pH Balanced Hypoallergenic Face Wash For Sensitive Skin (5.9 fl. oz)",
        "price": "$17.00 ($2.88 / Fl Oz)",
        "listPrice": "$18.00 ($3.05 / Fl Oz)",
        "imageUrl": "https://m.media-amazon.com/images/I/21qUo3nmJ2S._SL160_.jpg",
        "detailPageURL": "https://www.amazon.com/dp/B01E2H32FG",
        "rating": "4.5",
        "totalReviews": "584",
        "subtitle": "ROVECTIN",
        "isPrimeEligible": "1"
    },
    {
        "ASIN": "B09Y4H2KSS",
        "title": "Cetaphil Cream to Foam Face Wash, Hydrating Foaming Cream Cleanser, 16 oz, For Normal to Dry, Sensitive Skin, with Soothing Prebiotic Aloe, Hypoallergenic, Fragrance Free",
        "price": "$12.43 ($0.78 / Ounce)",
        "listPrice": "$14.99 ($0.94 / Ounce)",
        "imageUrl": "https://m.media-amazon.com/images/I/31c00KpIqgL._SL160_.jpg",
        "detailPageURL": "https://www.amazon.com/dp/B09Y4H2KSS",
        "rating": "4.7",
        "totalReviews": "2386",
        "subtitle": "Cetaphil",
        "isPrimeEligible": "1"
    },
    {
        "ASIN": "B098JLJTDJ",
        "title": "B_LAB Matcha Hydrating Foam Cleanser 120ml",
        "price": "$9.00 ($2.20 / Fl Oz)",
        "listPrice": "",
        "imageUrl": "https://m.media-amazon.com/images/I/21UuOKS7QCL._SL160_.jpg",
        "detailPageURL": "https://www.amazon.com/dp/B098JLJTDJ",
        "rating": "4.4",
        "totalReviews": "644",
        "subtitle": "B_LAB",
        "isPrimeEligible": "1"
    },
    {
        "ASIN": "B084G2D2DX",
        "title": "KORRES Greek Yoghurt Foaming Cream Cleanser 150 Ml, 5.01 fl. oz.",
        "price": "$28.00 ($5.59 / Fl Oz)",
        "listPrice": "",
        "imageUrl": "https://m.media-amazon.com/images/I/41Jaxn3We7L._SL160_.jpg",
        "detailPageURL": "https://www.amazon.com/dp/B084G2D2DX",
        "rating": "4.7",
        "totalReviews": "1363",
        "subtitle": "",
        "isPrimeEligible": "1"
    },
    {
        "ASIN": "B06ZYNQZKF",
        "title": "Paula's Choice CLEAR Pore Normalizing Cleanser, Salicylic Acid Acne Face Wash, Redness & Blackheads, 6 Ounce",
        "price": "$15.00",
        "listPrice": "",
        "imageUrl": "https://m.media-amazon.com/images/I/31k+Mm+-w0L._SL160_.jpg",
        "detailPageURL": "https://www.amazon.com/dp/B06ZYNQZKF",
        "rating": "4.6",
        "totalReviews": "5857",
        "subtitle": "Paula's Choice",
        "isPrimeEligible": "1"
    },
    {
        "ASIN": "B00LO1DNXU",
        "title": "La Roche-Posay Effaclar Medicated Gel Facial Cleanser, Foaming Acne Face Wash with Salicylic Acid, Helps Clear Acne Breakouts and with Oily Skin Control, Oil Free, Fragrance Free",
        "price": "$15.99 ($2.35 / Fl Oz)",
        "listPrice": "$16.99 ($2.50 / Fl Oz)",
        "imageUrl": "https://m.media-amazon.com/images/I/41Cpx+JKj1L._SL160_.jpg",
        "detailPageURL": "https://www.amazon.com/dp/B00LO1DNXU",
        "rating": "4.6",
        "totalReviews": "14476",
        "subtitle": "",
        "isPrimeEligible": "1"
    },
    {
        "ASIN": "B099N3NM61",
        "title": "Cetaphil Face Wash, Hydrating Gentle Skin Cleanser for Dry to Normal Sensitive Skin, NEW 20oz, Fragrance Free, Soap Free and Non-Foaming",
        "price": "$13.97 ($0.70 / Fl Oz)",
        "listPrice": "$15.49 ($0.77 / Fl Oz)",
        "imageUrl": "https://m.media-amazon.com/images/I/310RH+QdOuL._SL160_.jpg",
        "detailPageURL": "https://www.amazon.com/dp/B099N3NM61",
        "rating": "4.6",
        "totalReviews": "8107",
        "subtitle": "Cetaphil",
        "isPrimeEligible": "1"
    },
    {
        "ASIN": "B097WFJ5H2",
        "title": "CeraVe Face Wash Acne Treatment | 2% Salicylic Acid Cleanser with Purifying Clay for Oily Skin | Blackhead Remover and Clogged Pore Control | Fragrance Free, Paraben Free & Non Comedogenic| 8 Ounce",
        "price": "$13.49 ($1.69 / Fl Oz)",
        "listPrice": "$17.99 ($2.25 / Fl Oz)",
        "imageUrl": "https://m.media-amazon.com/images/I/41ZNMxu5StL._SL160_.jpg",
        "detailPageURL": "https://www.amazon.com/dp/B097WFJ5H2",
        "rating": "4.7",
        "totalReviews": "9833",
        "subtitle": "CeraVe",
        "isPrimeEligible": "1"
    },
    {
        "ASIN": "B00KO8685Y",
        "title": "Dyson DC41 Upright Ball Vacuum (Certified Refurbished)",
        "price": "$349.00",
        "listPrice": "",
        "imageUrl": "https://m.media-amazon.com/images/I/31T6FyrZ0ML._SL160_.jpg",
        "detailPageURL": "https://www.amazon.com/dp/B00KO8685Y",
        "rating": "3.7",
        "totalReviews": "70",
        "subtitle": "",
        "isPrimeEligible": "0"
    },
    {
        "ASIN": "B01E2H32FG",
        "title": "ROVECTIN] Conditioning Cleanser - pH Balanced Hypoallergenic Face Wash For Sensitive Skin (5.9 fl. oz)",
        "price": "$17.00 ($2.88 / Fl Oz)",
        "listPrice": "$18.00 ($3.05 / Fl Oz)",
        "imageUrl": "https://m.media-amazon.com/images/I/21qUo3nmJ2S._SL160_.jpg",
        "detailPageURL": "https://www.amazon.com/dp/B01E2H32FG",
        "rating": "4.5",
        "totalReviews": "584",
        "subtitle": "ROVECTIN",
        "isPrimeEligible": "1"
    },
    {
        "ASIN": "B09Y4H2KSS",
        "title": "Cetaphil Cream to Foam Face Wash, Hydrating Foaming Cream Cleanser, 16 oz, For Normal to Dry, Sensitive Skin, with Soothing Prebiotic Aloe, Hypoallergenic, Fragrance Free",
        "price": "$12.43 ($0.78 / Ounce)",
        "listPrice": "$14.99 ($0.94 / Ounce)",
        "imageUrl": "https://m.media-amazon.com/images/I/31c00KpIqgL._SL160_.jpg",
        "detailPageURL": "https://www.amazon.com/dp/B09Y4H2KSS",
        "rating": "4.7",
        "totalReviews": "2386",
        "subtitle": "Cetaphil",
        "isPrimeEligible": "1"
    },
    {
        "ASIN": "B0814364T5",
        "title": "Naturium Mixed Greens Nutrient-Rich Facial Cleanser, With Vitamin C, Green Tea & Aloe, 7.1 oz",
        "price": "$15.99 ($2.25 / Fl Oz)",
        "listPrice": "",
        "imageUrl": "https://m.media-amazon.com/images/I/31qvbXIwOqL._SL160_.jpg",
        "detailPageURL": "https://www.amazon.com/dp/B0814364T5",
        "rating": "4.6",
        "totalReviews": "1015",
        "subtitle": "Naturium",
        "isPrimeEligible": "1"
    },
    {
        "ASIN": "B084G2D2DX",
        "title": "KORRES Greek Yoghurt Foaming Cream Cleanser 150 Ml, 5.01 fl. oz.",
        "price": "$28.00 ($5.59 / Fl Oz)",
        "listPrice": "",
        "imageUrl": "https://m.media-amazon.com/images/I/41Jaxn3We7L._SL160_.jpg",
        "detailPageURL": "https://www.amazon.com/dp/B084G2D2DX",
        "rating": "4.7",
        "totalReviews": "1363",
        "subtitle": "",
        "isPrimeEligible": "1"
    },
    {
        "ASIN": "B06ZYNQZKF",
        "title": "Paula's Choice CLEAR Pore Normalizing Cleanser, Salicylic Acid Acne Face Wash, Redness & Blackheads, 6 Ounce",
        "price": "$15.00",
        "listPrice": "",
        "imageUrl": "https://m.media-amazon.com/images/I/31k+Mm+-w0L._SL160_.jpg",
        "detailPageURL": "https://www.amazon.com/dp/B06ZYNQZKF",
        "rating": "4.6",
        "totalReviews": "5857",
        "subtitle": "Paula's Choice",
        "isPrimeEligible": "1"
    },
    {
        "ASIN": "B00LO1DNXU",
        "title": "La Roche-Posay Effaclar Medicated Gel Facial Cleanser, Foaming Acne Face Wash with Salicylic Acid, Helps Clear Acne Breakouts and with Oily Skin Control, Oil Free, Fragrance Free",
        "price": "$15.99 ($2.35 / Fl Oz)",
        "listPrice": "$16.99 ($2.50 / Fl Oz)",
        "imageUrl": "https://m.media-amazon.com/images/I/41Cpx+JKj1L._SL160_.jpg",
        "detailPageURL": "https://www.amazon.com/dp/B00LO1DNXU",
        "rating": "4.6",
        "totalReviews": "14476",
        "subtitle": "",
        "isPrimeEligible": "1"
    },
    {
        "ASIN": "B099N3NM61",
        "title": "Cetaphil Face Wash, Hydrating Gentle Skin Cleanser for Dry to Normal Sensitive Skin, NEW 20oz, Fragrance Free, Soap Free and Non-Foaming",
        "price": "$13.97 ($0.70 / Fl Oz)",
        "listPrice": "$15.49 ($0.77 / Fl Oz)",
        "imageUrl": "https://m.media-amazon.com/images/I/310RH+QdOuL._SL160_.jpg",
        "detailPageURL": "https://www.amazon.com/dp/B099N3NM61",
        "rating": "4.6",
        "totalReviews": "8107",
        "subtitle": "Cetaphil",
        "isPrimeEligible": "1"
    },
    {
        "ASIN": "B097WFJ5H2",
        "title": "CeraVe Face Wash Acne Treatment | 2% Salicylic Acid Cleanser with Purifying Clay for Oily Skin | Blackhead Remover and Clogged Pore Control | Fragrance Free, Paraben Free & Non Comedogenic| 8 Ounce",
        "price": "$13.49 ($1.69 / Fl Oz)",
        "listPrice": "$17.99 ($2.25 / Fl Oz)",
        "imageUrl": "https://m.media-amazon.com/images/I/41ZNMxu5StL._SL160_.jpg",
        "detailPageURL": "https://www.amazon.com/dp/B097WFJ5H2",
        "rating": "4.7",
        "totalReviews": "9833",
        "subtitle": "CeraVe",
        "isPrimeEligible": "1"
    },
    {
        "ASIN": "B00KO8685Y",
        "title": "Dyson DC41 Upright Ball Vacuum (Certified Refurbished)",
        "price": "$349.00",
        "listPrice": "",
        "imageUrl": "https://m.media-amazon.com/images/I/31T6FyrZ0ML._SL160_.jpg",
        "detailPageURL": "https://www.amazon.com/dp/B00KO8685Y",
        "rating": "3.7",
        "totalReviews": "70",
        "subtitle": "",
        "isPrimeEligible": "0"
    },
    {
        "ASIN": "B01E2H32FG",
        "title": "ROVECTIN] Conditioning Cleanser - pH Balanced Hypoallergenic Face Wash For Sensitive Skin (5.9 fl. oz)",
        "price": "$17.00 ($2.88 / Fl Oz)",
        "listPrice": "$18.00 ($3.05 / Fl Oz)",
        "imageUrl": "https://m.media-amazon.com/images/I/21qUo3nmJ2S._SL160_.jpg",
        "detailPageURL": "https://www.amazon.com/dp/B01E2H32FG",
        "rating": "4.5",
        "totalReviews": "584",
        "subtitle": "ROVECTIN",
        "isPrimeEligible": "1"
    },
    {
        "ASIN": "B09Y4H2KSS",
        "title": "Cetaphil Cream to Foam Face Wash, Hydrating Foaming Cream Cleanser, 16 oz, For Normal to Dry, Sensitive Skin, with Soothing Prebiotic Aloe, Hypoallergenic, Fragrance Free",
        "price": "$12.43 ($0.78 / Ounce)",
        "listPrice": "$14.99 ($0.94 / Ounce)",
        "imageUrl": "https://m.media-amazon.com/images/I/31c00KpIqgL._SL160_.jpg",
        "detailPageURL": "https://www.amazon.com/dp/B09Y4H2KSS",
        "rating": "4.7",
        "totalReviews": "2386",
        "subtitle": "Cetaphil",
        "isPrimeEligible": "1"
    },
    {
        "ASIN": "B0814364T5",
        "title": "Naturium Mixed Greens Nutrient-Rich Facial Cleanser, With Vitamin C, Green Tea & Aloe, 7.1 oz",
        "price": "$15.99 ($2.25 / Fl Oz)",
        "listPrice": "",
        "imageUrl": "https://m.media-amazon.com/images/I/31qvbXIwOqL._SL160_.jpg",
        "detailPageURL": "https://www.amazon.com/dp/B0814364T5",
        "rating": "4.6",
        "totalReviews": "1015",
        "subtitle": "Naturium",
        "isPrimeEligible": "1"
    },
    {
        "ASIN": "B0BHTY6RZ5",
        "title": "Paula's Choice CALM Ultra-Gentle Cleanser for Sensitive Skin, Calms + Soothes Redness, Daily Face Wash for Rosacea-Prone & Eczema-Prone Skin, Fragrance-Free & Paraben-Free, 6.7 Fl Oz.",
        "price": "$19.00 ($2.84 / Fl Oz)",
        "listPrice": "",
        "imageUrl": "https://m.media-amazon.com/images/I/21-Bv1mKIkL._SL160_.jpg",
        "detailPageURL": "https://www.amazon.com/dp/B0BHTY6RZ5",
        "rating": "4.6",
        "totalReviews": "147",
        "subtitle": "Paula's Choice",
        "isPrimeEligible": "1"
    },
    {
        "ASIN": "B06ZYNQZKF",
        "title": "Paula's Choice CLEAR Pore Normalizing Cleanser, Salicylic Acid Acne Face Wash, Redness & Blackheads, 6 Ounce",
        "price": "$15.00",
        "listPrice": "",
        "imageUrl": "https://m.media-amazon.com/images/I/31k+Mm+-w0L._SL160_.jpg",
        "detailPageURL": "https://www.amazon.com/dp/B06ZYNQZKF",
        "rating": "4.6",
        "totalReviews": "5857",
        "subtitle": "Paula's Choice",
        "isPrimeEligible": "1"
    },
    {
        "ASIN": "B00LO1DNXU",
        "title": "La Roche-Posay Effaclar Medicated Gel Facial Cleanser, Foaming Acne Face Wash with Salicylic Acid, Helps Clear Acne Breakouts and with Oily Skin Control, Oil Free, Fragrance Free",
        "price": "$15.99 ($2.35 / Fl Oz)",
        "listPrice": "$16.99 ($2.50 / Fl Oz)",
        "imageUrl": "https://m.media-amazon.com/images/I/41Cpx+JKj1L._SL160_.jpg",
        "detailPageURL": "https://www.amazon.com/dp/B00LO1DNXU",
        "rating": "4.6",
        "totalReviews": "14476",
        "subtitle": "",
        "isPrimeEligible": "1"
    },
    {
        "ASIN": "B099N3NM61",
        "title": "Cetaphil Face Wash, Hydrating Gentle Skin Cleanser for Dry to Normal Sensitive Skin, NEW 20oz, Fragrance Free, Soap Free and Non-Foaming",
        "price": "$13.97 ($0.70 / Fl Oz)",
        "listPrice": "$15.49 ($0.77 / Fl Oz)",
        "imageUrl": "https://m.media-amazon.com/images/I/310RH+QdOuL._SL160_.jpg",
        "detailPageURL": "https://www.amazon.com/dp/B099N3NM61",
        "rating": "4.6",
        "totalReviews": "8107",
        "subtitle": "Cetaphil",
        "isPrimeEligible": "1"
    },
    {
        "ASIN": "B097WFJ5H2",
        "title": "CeraVe Face Wash Acne Treatment | 2% Salicylic Acid Cleanser with Purifying Clay for Oily Skin | Blackhead Remover and Clogged Pore Control | Fragrance Free, Paraben Free & Non Comedogenic| 8 Ounce",
        "price": "$13.49 ($1.69 / Fl Oz)",
        "listPrice": "$17.99 ($2.25 / Fl Oz)",
        "imageUrl": "https://m.media-amazon.com/images/I/41ZNMxu5StL._SL160_.jpg",
        "detailPageURL": "https://www.amazon.com/dp/B097WFJ5H2",
        "rating": "4.7",
        "totalReviews": "9833",
        "subtitle": "CeraVe",
        "isPrimeEligible": "1"
    },
    {
        "ASIN": "B00KO8685Y",
        "title": "Dyson DC41 Upright Ball Vacuum (Certified Refurbished)",
        "price": "$349.00",
        "listPrice": "",
        "imageUrl": "https://m.media-amazon.com/images/I/31T6FyrZ0ML._SL160_.jpg",
        "detailPageURL": "https://www.amazon.com/dp/B00KO8685Y",
        "rating": "3.7",
        "totalReviews": "70",
        "subtitle": "",
        "isPrimeEligible": "0"
    },
    {
        "ASIN": "B01E2H32FG",
        "title": "ROVECTIN] Conditioning Cleanser - pH Balanced Hypoallergenic Face Wash For Sensitive Skin (5.9 fl. oz)",
        "price": "$17.00 ($2.88 / Fl Oz)",
        "listPrice": "$18.00 ($3.05 / Fl Oz)",
        "imageUrl": "https://m.media-amazon.com/images/I/21qUo3nmJ2S._SL160_.jpg",
        "detailPageURL": "https://www.amazon.com/dp/B01E2H32FG",
        "rating": "4.5",
        "totalReviews": "584",
        "subtitle": "ROVECTIN",
        "isPrimeEligible": "1"
    },
    {
        "ASIN": "B09Y4H2KSS",
        "title": "Cetaphil Cream to Foam Face Wash, Hydrating Foaming Cream Cleanser, 16 oz, For Normal to Dry, Sensitive Skin, with Soothing Prebiotic Aloe, Hypoallergenic, Fragrance Free",
        "price": "$12.43 ($0.78 / Ounce)",
        "listPrice": "$14.99 ($0.94 / Ounce)",
        "imageUrl": "https://m.media-amazon.com/images/I/31c00KpIqgL._SL160_.jpg",
        "detailPageURL": "https://www.amazon.com/dp/B09Y4H2KSS",
        "rating": "4.7",
        "totalReviews": "2386",
        "subtitle": "Cetaphil",
        "isPrimeEligible": "1"
    },
    {
        "ASIN": "B0814364T5",
        "title": "Naturium Mixed Greens Nutrient-Rich Facial Cleanser, With Vitamin C, Green Tea & Aloe, 7.1 oz",
        "price": "$15.99 ($2.25 / Fl Oz)",
        "listPrice": "",
        "imageUrl": "https://m.media-amazon.com/images/I/31qvbXIwOqL._SL160_.jpg",
        "detailPageURL": "https://www.amazon.com/dp/B0814364T5",
        "rating": "4.6",
        "totalReviews": "1015",
        "subtitle": "Naturium",
        "isPrimeEligible": "1"
    },
    {
        "ASIN": "B0BHTY6RZ5",
        "title": "Paula's Choice CALM Ultra-Gentle Cleanser for Sensitive Skin, Calms + Soothes Redness, Daily Face Wash for Rosacea-Prone & Eczema-Prone Skin, Fragrance-Free & Paraben-Free, 6.7 Fl Oz.",
        "price": "$19.00 ($2.84 / Fl Oz)",
        "listPrice": "",
        "imageUrl": "https://m.media-amazon.com/images/I/21-Bv1mKIkL._SL160_.jpg",
        "detailPageURL": "https://www.amazon.com/dp/B0BHTY6RZ5",
        "rating": "4.6",
        "totalReviews": "147",
        "subtitle": "Paula's Choice",
        "isPrimeEligible": "1"
    },
    {
        "ASIN": "B00VMYKCL0",
        "title": "InstaNatural Vitamin C Cleanser Face Wash, Brightens and Reduces Signs of Aging, Fine Lines and Uneven Texture, with Coconut Water and Aloe Vera, 6.7 FL Oz",
        "price": "$24.95 ($3.72 / Fl Oz)",
        "listPrice": "$29.00 ($4.33 / Fl Oz)",
        "imageUrl": "https://m.media-amazon.com/images/I/41z7U1BNXvL._SL160_.jpg",
        "detailPageURL": "https://www.amazon.com/dp/B00VMYKCL0",
        "rating": "4.4",
        "totalReviews": "18177",
        "subtitle": "InstaNatural",
        "isPrimeEligible": "1"
    },
    {
        "ASIN": "B00LO1DNXU",
        "title": "La Roche-Posay Effaclar Medicated Gel Facial Cleanser, Foaming Acne Face Wash with Salicylic Acid, Helps Clear Acne Breakouts and with Oily Skin Control, Oil Free, Fragrance Free",
        "price": "$15.99 ($2.35 / Fl Oz)",
        "listPrice": "$16.99 ($2.50 / Fl Oz)",
        "imageUrl": "https://m.media-amazon.com/images/I/41Cpx+JKj1L._SL160_.jpg",
        "detailPageURL": "https://www.amazon.com/dp/B00LO1DNXU",
        "rating": "4.6",
        "totalReviews": "14476",
        "subtitle": "",
        "isPrimeEligible": "1"
    },
    {
        "ASIN": "B099N3NM61",
        "title": "Cetaphil Face Wash, Hydrating Gentle Skin Cleanser for Dry to Normal Sensitive Skin, NEW 20oz, Fragrance Free, Soap Free and Non-Foaming",
        "price": "$13.97 ($0.70 / Fl Oz)",
        "listPrice": "$15.49 ($0.77 / Fl Oz)",
        "imageUrl": "https://m.media-amazon.com/images/I/310RH+QdOuL._SL160_.jpg",
        "detailPageURL": "https://www.amazon.com/dp/B099N3NM61",
        "rating": "4.6",
        "totalReviews": "8107",
        "subtitle": "Cetaphil",
        "isPrimeEligible": "1"
    },
    {
        "ASIN": "B097WFJ5H2",
        "title": "CeraVe Face Wash Acne Treatment | 2% Salicylic Acid Cleanser with Purifying Clay for Oily Skin | Blackhead Remover and Clogged Pore Control | Fragrance Free, Paraben Free & Non Comedogenic| 8 Ounce",
        "price": "$13.49 ($1.69 / Fl Oz)",
        "listPrice": "$17.99 ($2.25 / Fl Oz)",
        "imageUrl": "https://m.media-amazon.com/images/I/41ZNMxu5StL._SL160_.jpg",
        "detailPageURL": "https://www.amazon.com/dp/B097WFJ5H2",
        "rating": "4.7",
        "totalReviews": "9833",
        "subtitle": "CeraVe",
        "isPrimeEligible": "1"
    },
    {
        "ASIN": "B00KO8685Y",
        "title": "Dyson DC41 Upright Ball Vacuum (Certified Refurbished)",
        "price": "$349.00",
        "listPrice": "",
        "imageUrl": "https://m.media-amazon.com/images/I/31T6FyrZ0ML._SL160_.jpg",
        "detailPageURL": "https://www.amazon.com/dp/B00KO8685Y",
        "rating": "3.7",
        "totalReviews": "70",
        "subtitle": "",
        "isPrimeEligible": "0"
    },
    {
        "ASIN": "B01E2H32FG",
        "title": "ROVECTIN] Conditioning Cleanser - pH Balanced Hypoallergenic Face Wash For Sensitive Skin (5.9 fl. oz)",
        "price": "$17.00 ($2.88 / Fl Oz)",
        "listPrice": "$18.00 ($3.05 / Fl Oz)",
        "imageUrl": "https://m.media-amazon.com/images/I/21qUo3nmJ2S._SL160_.jpg",
        "detailPageURL": "https://www.amazon.com/dp/B01E2H32FG",
        "rating": "4.5",
        "totalReviews": "584",
        "subtitle": "ROVECTIN",
        "isPrimeEligible": "1"
    },
    {
        "ASIN": "B09Y4H2KSS",
        "title": "Cetaphil Cream to Foam Face Wash, Hydrating Foaming Cream Cleanser, 16 oz, For Normal to Dry, Sensitive Skin, with Soothing Prebiotic Aloe, Hypoallergenic, Fragrance Free",
        "price": "$12.43 ($0.78 / Ounce)",
        "listPrice": "$14.99 ($0.94 / Ounce)",
        "imageUrl": "https://m.media-amazon.com/images/I/31c00KpIqgL._SL160_.jpg",
        "detailPageURL": "https://www.amazon.com/dp/B09Y4H2KSS",
        "rating": "4.7",
        "totalReviews": "2386",
        "subtitle": "Cetaphil",
        "isPrimeEligible": "1"
    },
    {
        "ASIN": "B0814364T5",
        "title": "Naturium Mixed Greens Nutrient-Rich Facial Cleanser, With Vitamin C, Green Tea & Aloe, 7.1 oz",
        "price": "$15.99 ($2.25 / Fl Oz)",
        "listPrice": "",
        "imageUrl": "https://m.media-amazon.com/images/I/31qvbXIwOqL._SL160_.jpg",
        "detailPageURL": "https://www.amazon.com/dp/B0814364T5",
        "rating": "4.6",
        "totalReviews": "1015",
        "subtitle": "Naturium",
        "isPrimeEligible": "1"
    },
    {
        "ASIN": "B0BHTY6RZ5",
        "title": "Paula's Choice CALM Ultra-Gentle Cleanser for Sensitive Skin, Calms + Soothes Redness, Daily Face Wash for Rosacea-Prone & Eczema-Prone Skin, Fragrance-Free & Paraben-Free, 6.7 Fl Oz.",
        "price": "$19.00 ($2.84 / Fl Oz)",
        "listPrice": "",
        "imageUrl": "https://m.media-amazon.com/images/I/21-Bv1mKIkL._SL160_.jpg",
        "detailPageURL": "https://www.amazon.com/dp/B0BHTY6RZ5",
        "rating": "4.6",
        "totalReviews": "147",
        "subtitle": "Paula's Choice",
        "isPrimeEligible": "1"
    },
    {
        "ASIN": "B00VMYKCL0",
        "title": "InstaNatural Vitamin C Cleanser Face Wash, Brightens and Reduces Signs of Aging, Fine Lines and Uneven Texture, with Coconut Water and Aloe Vera, 6.7 FL Oz",
        "price": "$24.95 ($3.72 / Fl Oz)",
        "listPrice": "$29.00 ($4.33 / Fl Oz)",
        "imageUrl": "https://m.media-amazon.com/images/I/41z7U1BNXvL._SL160_.jpg",
        "detailPageURL": "https://www.amazon.com/dp/B00VMYKCL0",
        "rating": "4.4",
        "totalReviews": "18177",
        "subtitle": "InstaNatural",
        "isPrimeEligible": "1"
    },
    {
        "ASIN": "B017PCGABI",
        "title": "Garnier SkinActive Micellar Water for All Skin Types, Facial Cleanser & Makeup Remover, 13.5 Fl Oz (400mL), 1 Count (Packaging May Vary)",
        "price": "$8.93 ($0.66 / Fl Oz)",
        "listPrice": "$11.99 ($0.89 / Fl Oz)",
        "imageUrl": "https://m.media-amazon.com/images/I/318vJJpwKEL._SL160_.jpg",
        "detailPageURL": "https://www.amazon.com/dp/B017PCGABI",
        "rating": "4.7",
        "totalReviews": "58786",
        "subtitle": "Garnier",
        "isPrimeEligible": "1"
    },
    {
        "ASIN": "B099N3NM61",
        "title": "Cetaphil Face Wash, Hydrating Gentle Skin Cleanser for Dry to Normal Sensitive Skin, NEW 20oz, Fragrance Free, Soap Free and Non-Foaming",
        "price": "$13.97 ($0.70 / Fl Oz)",
        "listPrice": "$15.49 ($0.77 / Fl Oz)",
        "imageUrl": "https://m.media-amazon.com/images/I/310RH+QdOuL._SL160_.jpg",
        "detailPageURL": "https://www.amazon.com/dp/B099N3NM61",
        "rating": "4.6",
        "totalReviews": "8107",
        "subtitle": "Cetaphil",
        "isPrimeEligible": "1"
    },
    {
        "ASIN": "B097WFJ5H2",
        "title": "CeraVe Face Wash Acne Treatment | 2% Salicylic Acid Cleanser with Purifying Clay for Oily Skin | Blackhead Remover and Clogged Pore Control | Fragrance Free, Paraben Free & Non Comedogenic| 8 Ounce",
        "price": "$13.49 ($1.69 / Fl Oz)",
        "listPrice": "$17.99 ($2.25 / Fl Oz)",
        "imageUrl": "https://m.media-amazon.com/images/I/41ZNMxu5StL._SL160_.jpg",
        "detailPageURL": "https://www.amazon.com/dp/B097WFJ5H2",
        "rating": "4.7",
        "totalReviews": "9833",
        "subtitle": "CeraVe",
        "isPrimeEligible": "1"
    },
    {
        "ASIN": "B00KO8685Y",
        "title": "Dyson DC41 Upright Ball Vacuum (Certified Refurbished)",
        "price": "$349.00",
        "listPrice": "",
        "imageUrl": "https://m.media-amazon.com/images/I/31T6FyrZ0ML._SL160_.jpg",
        "detailPageURL": "https://www.amazon.com/dp/B00KO8685Y",
        "rating": "3.7",
        "totalReviews": "70",
        "subtitle": "",
        "isPrimeEligible": "0"
    },
    {
        "ASIN": "B01E2H32FG",
        "title": "ROVECTIN] Conditioning Cleanser - pH Balanced Hypoallergenic Face Wash For Sensitive Skin (5.9 fl. oz)",
        "price": "$17.00 ($2.88 / Fl Oz)",
        "listPrice": "$18.00 ($3.05 / Fl Oz)",
        "imageUrl": "https://m.media-amazon.com/images/I/21qUo3nmJ2S._SL160_.jpg",
        "detailPageURL": "https://www.amazon.com/dp/B01E2H32FG",
        "rating": "4.5",
        "totalReviews": "584",
        "subtitle": "ROVECTIN",
        "isPrimeEligible": "1"
    },
    {
        "ASIN": "B09Y4H2KSS",
        "title": "Cetaphil Cream to Foam Face Wash, Hydrating Foaming Cream Cleanser, 16 oz, For Normal to Dry, Sensitive Skin, with Soothing Prebiotic Aloe, Hypoallergenic, Fragrance Free",
        "price": "$12.43 ($0.78 / Ounce)",
        "listPrice": "$14.99 ($0.94 / Ounce)",
        "imageUrl": "https://m.media-amazon.com/images/I/31c00KpIqgL._SL160_.jpg",
        "detailPageURL": "https://www.amazon.com/dp/B09Y4H2KSS",
        "rating": "4.7",
        "totalReviews": "2386",
        "subtitle": "Cetaphil",
        "isPrimeEligible": "1"
    },
    {
        "ASIN": "B0814364T5",
        "title": "Naturium Mixed Greens Nutrient-Rich Facial Cleanser, With Vitamin C, Green Tea & Aloe, 7.1 oz",
        "price": "$15.99 ($2.25 / Fl Oz)",
        "listPrice": "",
        "imageUrl": "https://m.media-amazon.com/images/I/31qvbXIwOqL._SL160_.jpg",
        "detailPageURL": "https://www.amazon.com/dp/B0814364T5",
        "rating": "4.6",
        "totalReviews": "1015",
        "subtitle": "Naturium",
        "isPrimeEligible": "1"
    },
    {
        "ASIN": "B0BHTY6RZ5",
        "title": "Paula's Choice CALM Ultra-Gentle Cleanser for Sensitive Skin, Calms + Soothes Redness, Daily Face Wash for Rosacea-Prone & Eczema-Prone Skin, Fragrance-Free & Paraben-Free, 6.7 Fl Oz.",
        "price": "$19.00 ($2.84 / Fl Oz)",
        "listPrice": "",
        "imageUrl": "https://m.media-amazon.com/images/I/21-Bv1mKIkL._SL160_.jpg",
        "detailPageURL": "https://www.amazon.com/dp/B0BHTY6RZ5",
        "rating": "4.6",
        "totalReviews": "147",
        "subtitle": "Paula's Choice",
        "isPrimeEligible": "1"
    },
    {
        "ASIN": "B00VMYKCL0",
        "title": "InstaNatural Vitamin C Cleanser Face Wash, Brightens and Reduces Signs of Aging, Fine Lines and Uneven Texture, with Coconut Water and Aloe Vera, 6.7 FL Oz",
        "price": "$24.95 ($3.72 / Fl Oz)",
        "listPrice": "$29.00 ($4.33 / Fl Oz)",
        "imageUrl": "https://m.media-amazon.com/images/I/41z7U1BNXvL._SL160_.jpg",
        "detailPageURL": "https://www.amazon.com/dp/B00VMYKCL0",
        "rating": "4.4",
        "totalReviews": "18177",
        "subtitle": "InstaNatural",
        "isPrimeEligible": "1"
    },
    {
        "ASIN": "B017PCGABI",
        "title": "Garnier SkinActive Micellar Water for All Skin Types, Facial Cleanser & Makeup Remover, 13.5 Fl Oz (400mL), 1 Count (Packaging May Vary)",
        "price": "$8.93 ($0.66 / Fl Oz)",
        "listPrice": "$11.99 ($0.89 / Fl Oz)",
        "imageUrl": "https://m.media-amazon.com/images/I/318vJJpwKEL._SL160_.jpg",
        "detailPageURL": "https://www.amazon.com/dp/B017PCGABI",
        "rating": "4.7",
        "totalReviews": "58786",
        "subtitle": "Garnier",
        "isPrimeEligible": "1"
    },
    {
        "ASIN": "B07HFBQ2NH",
        "title": "Sunday Riley Ceramic Slip Cleanser,5 Fl Oz (Pack of 1)",
        "price": "$35.00 ($7.00 / Fl Oz)",
        "listPrice": "",
        "imageUrl": "https://m.media-amazon.com/images/I/41LyHxJf9LL._SL160_.jpg",
        "detailPageURL": "https://www.amazon.com/dp/B07HFBQ2NH",
        "rating": "4.7",
        "totalReviews": "890",
        "subtitle": "",
        "isPrimeEligible": "1"
    },
    {
        "ASIN": "B097WFJ5H2",
        "title": "CeraVe Face Wash Acne Treatment | 2% Salicylic Acid Cleanser with Purifying Clay for Oily Skin | Blackhead Remover and Clogged Pore Control | Fragrance Free, Paraben Free & Non Comedogenic| 8 Ounce",
        "price": "$13.49 ($1.69 / Fl Oz)",
        "listPrice": "$17.99 ($2.25 / Fl Oz)",
        "imageUrl": "https://m.media-amazon.com/images/I/41ZNMxu5StL._SL160_.jpg",
        "detailPageURL": "https://www.amazon.com/dp/B097WFJ5H2",
        "rating": "4.7",
        "totalReviews": "9833",
        "subtitle": "CeraVe",
        "isPrimeEligible": "1"
    },
    {
        "ASIN": "B00KO8685Y",
        "title": "Dyson DC41 Upright Ball Vacuum (Certified Refurbished)",
        "price": "$349.00",
        "listPrice": "",
        "imageUrl": "https://m.media-amazon.com/images/I/31T6FyrZ0ML._SL160_.jpg",
        "detailPageURL": "https://www.amazon.com/dp/B00KO8685Y",
        "rating": "3.7",
        "totalReviews": "70",
        "subtitle": "",
        "isPrimeEligible": "0"
    },
    {
        "ASIN": "B01E2H32FG",
        "title": "ROVECTIN] Conditioning Cleanser - pH Balanced Hypoallergenic Face Wash For Sensitive Skin (5.9 fl. oz)",
        "price": "$17.00 ($2.88 / Fl Oz)",
        "listPrice": "$18.00 ($3.05 / Fl Oz)",
        "imageUrl": "https://m.media-amazon.com/images/I/21qUo3nmJ2S._SL160_.jpg",
        "detailPageURL": "https://www.amazon.com/dp/B01E2H32FG",
        "rating": "4.5",
        "totalReviews": "584",
        "subtitle": "ROVECTIN",
        "isPrimeEligible": "1"
    },
    {
        "ASIN": "B09Y4H2KSS",
        "title": "Cetaphil Cream to Foam Face Wash, Hydrating Foaming Cream Cleanser, 16 oz, For Normal to Dry, Sensitive Skin, with Soothing Prebiotic Aloe, Hypoallergenic, Fragrance Free",
        "price": "$12.43 ($0.78 / Ounce)",
        "listPrice": "$14.99 ($0.94 / Ounce)",
        "imageUrl": "https://m.media-amazon.com/images/I/31c00KpIqgL._SL160_.jpg",
        "detailPageURL": "https://www.amazon.com/dp/B09Y4H2KSS",
        "rating": "4.7",
        "totalReviews": "2386",
        "subtitle": "Cetaphil",
        "isPrimeEligible": "1"
    },
    {
        "ASIN": "B0814364T5",
        "title": "Naturium Mixed Greens Nutrient-Rich Facial Cleanser, With Vitamin C, Green Tea & Aloe, 7.1 oz",
        "price": "$15.99 ($2.25 / Fl Oz)",
        "listPrice": "",
        "imageUrl": "https://m.media-amazon.com/images/I/31qvbXIwOqL._SL160_.jpg",
        "detailPageURL": "https://www.amazon.com/dp/B0814364T5",
        "rating": "4.6",
        "totalReviews": "1015",
        "subtitle": "Naturium",
        "isPrimeEligible": "1"
    },
    {
        "ASIN": "B0BHTY6RZ5",
        "title": "Paula's Choice CALM Ultra-Gentle Cleanser for Sensitive Skin, Calms + Soothes Redness, Daily Face Wash for Rosacea-Prone & Eczema-Prone Skin, Fragrance-Free & Paraben-Free, 6.7 Fl Oz.",
        "price": "$19.00 ($2.84 / Fl Oz)",
        "listPrice": "",
        "imageUrl": "https://m.media-amazon.com/images/I/21-Bv1mKIkL._SL160_.jpg",
        "detailPageURL": "https://www.amazon.com/dp/B0BHTY6RZ5",
        "rating": "4.6",
        "totalReviews": "147",
        "subtitle": "Paula's Choice",
        "isPrimeEligible": "1"
    },
    {
        "ASIN": "B00VMYKCL0",
        "title": "InstaNatural Vitamin C Cleanser Face Wash, Brightens and Reduces Signs of Aging, Fine Lines and Uneven Texture, with Coconut Water and Aloe Vera, 6.7 FL Oz",
        "price": "$24.95 ($3.72 / Fl Oz)",
        "listPrice": "$29.00 ($4.33 / Fl Oz)",
        "imageUrl": "https://m.media-amazon.com/images/I/41z7U1BNXvL._SL160_.jpg",
        "detailPageURL": "https://www.amazon.com/dp/B00VMYKCL0",
        "rating": "4.4",
        "totalReviews": "18177",
        "subtitle": "InstaNatural",
        "isPrimeEligible": "1"
    },
    {
        "ASIN": "B017PCGABI",
        "title": "Garnier SkinActive Micellar Water for All Skin Types, Facial Cleanser & Makeup Remover, 13.5 Fl Oz (400mL), 1 Count (Packaging May Vary)",
        "price": "$8.93 ($0.66 / Fl Oz)",
        "listPrice": "$11.99 ($0.89 / Fl Oz)",
        "imageUrl": "https://m.media-amazon.com/images/I/318vJJpwKEL._SL160_.jpg",
        "detailPageURL": "https://www.amazon.com/dp/B017PCGABI",
        "rating": "4.7",
        "totalReviews": "58786",
        "subtitle": "Garnier",
        "isPrimeEligible": "1"
    },
    {
        "ASIN": "B07HFBQ2NH",
        "title": "Sunday Riley Ceramic Slip Cleanser,5 Fl Oz (Pack of 1)",
        "price": "$35.00 ($7.00 / Fl Oz)",
        "listPrice": "",
        "imageUrl": "https://m.media-amazon.com/images/I/41LyHxJf9LL._SL160_.jpg",
        "detailPageURL": "https://www.amazon.com/dp/B07HFBQ2NH",
        "rating": "4.7",
        "totalReviews": "890",
        "subtitle": "",
        "isPrimeEligible": "1"
    },
    {
        "ASIN": "B000052ZB5",
        "title": "Neutrogena Deep Clean Daily Facial Cream Cleanser with Beta Hydroxy Acid to Remove Dirt, Oil & Makeup, Alcohol-Free, Oil-Free & Non-Comedogenic, 7 fl. oz",
        "price": "$5.74 ($0.82 / Fl Oz)",
        "listPrice": "$8.09 ($1.16 / Fl Oz)",
        "imageUrl": "https://m.media-amazon.com/images/I/31ItNDNYdIL._SL160_.jpg",
        "detailPageURL": "https://www.amazon.com/dp/B000052ZB5",
        "rating": "4.6",
        "totalReviews": "2561",
        "subtitle": "Neutrogena",
        "isPrimeEligible": "1"
    },
    {
        "ASIN": "B00KO8685Y",
        "title": "Dyson DC41 Upright Ball Vacuum (Certified Refurbished)",
        "price": "$349.00",
        "listPrice": "",
        "imageUrl": "https://m.media-amazon.com/images/I/31T6FyrZ0ML._SL160_.jpg",
        "detailPageURL": "https://www.amazon.com/dp/B00KO8685Y",
        "rating": "3.7",
        "totalReviews": "70",
        "subtitle": "",
        "isPrimeEligible": "0"
    },
    {
        "ASIN": "B01E2H32FG",
        "title": "ROVECTIN] Conditioning Cleanser - pH Balanced Hypoallergenic Face Wash For Sensitive Skin (5.9 fl. oz)",
        "price": "$17.00 ($2.88 / Fl Oz)",
        "listPrice": "$18.00 ($3.05 / Fl Oz)",
        "imageUrl": "https://m.media-amazon.com/images/I/21qUo3nmJ2S._SL160_.jpg",
        "detailPageURL": "https://www.amazon.com/dp/B01E2H32FG",
        "rating": "4.5",
        "totalReviews": "584",
        "subtitle": "ROVECTIN",
        "isPrimeEligible": "1"
    },
    {
        "ASIN": "B09Y4H2KSS",
        "title": "Cetaphil Cream to Foam Face Wash, Hydrating Foaming Cream Cleanser, 16 oz, For Normal to Dry, Sensitive Skin, with Soothing Prebiotic Aloe, Hypoallergenic, Fragrance Free",
        "price": "$12.43 ($0.78 / Ounce)",
        "listPrice": "$14.99 ($0.94 / Ounce)",
        "imageUrl": "https://m.media-amazon.com/images/I/31c00KpIqgL._SL160_.jpg",
        "detailPageURL": "https://www.amazon.com/dp/B09Y4H2KSS",
        "rating": "4.7",
        "totalReviews": "2386",
        "subtitle": "Cetaphil",
        "isPrimeEligible": "1"
    },
    {
        "ASIN": "B0814364T5",
        "title": "Naturium Mixed Greens Nutrient-Rich Facial Cleanser, With Vitamin C, Green Tea & Aloe, 7.1 oz",
        "price": "$15.99 ($2.25 / Fl Oz)",
        "listPrice": "",
        "imageUrl": "https://m.media-amazon.com/images/I/31qvbXIwOqL._SL160_.jpg",
        "detailPageURL": "https://www.amazon.com/dp/B0814364T5",
        "rating": "4.6",
        "totalReviews": "1015",
        "subtitle": "Naturium",
        "isPrimeEligible": "1"
    },
    {
        "ASIN": "B0BHTY6RZ5",
        "title": "Paula's Choice CALM Ultra-Gentle Cleanser for Sensitive Skin, Calms + Soothes Redness, Daily Face Wash for Rosacea-Prone & Eczema-Prone Skin, Fragrance-Free & Paraben-Free, 6.7 Fl Oz.",
        "price": "$19.00 ($2.84 / Fl Oz)",
        "listPrice": "",
        "imageUrl": "https://m.media-amazon.com/images/I/21-Bv1mKIkL._SL160_.jpg",
        "detailPageURL": "https://www.amazon.com/dp/B0BHTY6RZ5",
        "rating": "4.6",
        "totalReviews": "147",
        "subtitle": "Paula's Choice",
        "isPrimeEligible": "1"
    },
    {
        "ASIN": "B00VMYKCL0",
        "title": "InstaNatural Vitamin C Cleanser Face Wash, Brightens and Reduces Signs of Aging, Fine Lines and Uneven Texture, with Coconut Water and Aloe Vera, 6.7 FL Oz",
        "price": "$24.95 ($3.72 / Fl Oz)",
        "listPrice": "$29.00 ($4.33 / Fl Oz)",
        "imageUrl": "https://m.media-amazon.com/images/I/41z7U1BNXvL._SL160_.jpg",
        "detailPageURL": "https://www.amazon.com/dp/B00VMYKCL0",
        "rating": "4.4",
        "totalReviews": "18177",
        "subtitle": "InstaNatural",
        "isPrimeEligible": "1"
    },
    {
        "ASIN": "B017PCGABI",
        "title": "Garnier SkinActive Micellar Water for All Skin Types, Facial Cleanser & Makeup Remover, 13.5 Fl Oz (400mL), 1 Count (Packaging May Vary)",
        "price": "$8.93 ($0.66 / Fl Oz)",
        "listPrice": "$11.99 ($0.89 / Fl Oz)",
        "imageUrl": "https://m.media-amazon.com/images/I/318vJJpwKEL._SL160_.jpg",
        "detailPageURL": "https://www.amazon.com/dp/B017PCGABI",
        "rating": "4.7",
        "totalReviews": "58786",
        "subtitle": "Garnier",
        "isPrimeEligible": "1"
    },
    {
        "ASIN": "B07HFBQ2NH",
        "title": "Sunday Riley Ceramic Slip Cleanser,5 Fl Oz (Pack of 1)",
        "price": "$35.00 ($7.00 / Fl Oz)",
        "listPrice": "",
        "imageUrl": "https://m.media-amazon.com/images/I/41LyHxJf9LL._SL160_.jpg",
        "detailPageURL": "https://www.amazon.com/dp/B07HFBQ2NH",
        "rating": "4.7",
        "totalReviews": "890",
        "subtitle": "",
        "isPrimeEligible": "1"
    },
    {
        "ASIN": "B000052ZB5",
        "title": "Neutrogena Deep Clean Daily Facial Cream Cleanser with Beta Hydroxy Acid to Remove Dirt, Oil & Makeup, Alcohol-Free, Oil-Free & Non-Comedogenic, 7 fl. oz",
        "price": "$5.74 ($0.82 / Fl Oz)",
        "listPrice": "$8.09 ($1.16 / Fl Oz)",
        "imageUrl": "https://m.media-amazon.com/images/I/31ItNDNYdIL._SL160_.jpg",
        "detailPageURL": "https://www.amazon.com/dp/B000052ZB5",
        "rating": "4.6",
        "totalReviews": "2561",
        "subtitle": "Neutrogena",
        "isPrimeEligible": "1"
    },
    {
        "ASIN": "B085S7FZTM",
        "title": "Neutrogena Ultra Gentle Foaming and Hydrating Face Wash for Sensitive Skin, Gently Cleanses Without Over Drying, Oil-Free, Soap-Free, 16 fl. oz",
        "price": "$9.14 ($0.57 / Fl Oz)",
        "listPrice": "$14.59 ($0.91 / Fl Oz)",
        "imageUrl": "https://m.media-amazon.com/images/I/31bUf5ykZtL._SL160_.jpg",
        "detailPageURL": "https://www.amazon.com/dp/B085S7FZTM",
        "rating": "4.7",
        "totalReviews": "3741",
        "subtitle": "Neutrogena",
        "isPrimeEligible": "1"
    },
    {
        "ASIN": "B01E2H32FG",
        "title": "ROVECTIN] Conditioning Cleanser - pH Balanced Hypoallergenic Face Wash For Sensitive Skin (5.9 fl. oz)",
        "price": "$17.00 ($2.88 / Fl Oz)",
        "listPrice": "$18.00 ($3.05 / Fl Oz)",
        "imageUrl": "https://m.media-amazon.com/images/I/21qUo3nmJ2S._SL160_.jpg",
        "detailPageURL": "https://www.amazon.com/dp/B01E2H32FG",
        "rating": "4.5",
        "totalReviews": "584",
        "subtitle": "ROVECTIN",
        "isPrimeEligible": "1"
    },
    {
        "ASIN": "B09Y4H2KSS",
        "title": "Cetaphil Cream to Foam Face Wash, Hydrating Foaming Cream Cleanser, 16 oz, For Normal to Dry, Sensitive Skin, with Soothing Prebiotic Aloe, Hypoallergenic, Fragrance Free",
        "price": "$12.43 ($0.78 / Ounce)",
        "listPrice": "$14.99 ($0.94 / Ounce)",
        "imageUrl": "https://m.media-amazon.com/images/I/31c00KpIqgL._SL160_.jpg",
        "detailPageURL": "https://www.amazon.com/dp/B09Y4H2KSS",
        "rating": "4.7",
        "totalReviews": "2386",
        "subtitle": "Cetaphil",
        "isPrimeEligible": "1"
    },
    {
        "ASIN": "B0814364T5",
        "title": "Naturium Mixed Greens Nutrient-Rich Facial Cleanser, With Vitamin C, Green Tea & Aloe, 7.1 oz",
        "price": "$15.99 ($2.25 / Fl Oz)",
        "listPrice": "",
        "imageUrl": "https://m.media-amazon.com/images/I/31qvbXIwOqL._SL160_.jpg",
        "detailPageURL": "https://www.amazon.com/dp/B0814364T5",
        "rating": "4.6",
        "totalReviews": "1015",
        "subtitle": "Naturium",
        "isPrimeEligible": "1"
    },
    {
        "ASIN": "B0BHTY6RZ5",
        "title": "Paula's Choice CALM Ultra-Gentle Cleanser for Sensitive Skin, Calms + Soothes Redness, Daily Face Wash for Rosacea-Prone & Eczema-Prone Skin, Fragrance-Free & Paraben-Free, 6.7 Fl Oz.",
        "price": "$19.00 ($2.84 / Fl Oz)",
        "listPrice": "",
        "imageUrl": "https://m.media-amazon.com/images/I/21-Bv1mKIkL._SL160_.jpg",
        "detailPageURL": "https://www.amazon.com/dp/B0BHTY6RZ5",
        "rating": "4.6",
        "totalReviews": "147",
        "subtitle": "Paula's Choice",
        "isPrimeEligible": "1"
    },
    {
        "ASIN": "B00VMYKCL0",
        "title": "InstaNatural Vitamin C Cleanser Face Wash, Brightens and Reduces Signs of Aging, Fine Lines and Uneven Texture, with Coconut Water and Aloe Vera, 6.7 FL Oz",
        "price": "$24.95 ($3.72 / Fl Oz)",
        "listPrice": "$29.00 ($4.33 / Fl Oz)",
        "imageUrl": "https://m.media-amazon.com/images/I/41z7U1BNXvL._SL160_.jpg",
        "detailPageURL": "https://www.amazon.com/dp/B00VMYKCL0",
        "rating": "4.4",
        "totalReviews": "18177",
        "subtitle": "InstaNatural",
        "isPrimeEligible": "1"
    },
    {
        "ASIN": "B017PCGABI",
        "title": "Garnier SkinActive Micellar Water for All Skin Types, Facial Cleanser & Makeup Remover, 13.5 Fl Oz (400mL), 1 Count (Packaging May Vary)",
        "price": "$8.93 ($0.66 / Fl Oz)",
        "listPrice": "$11.99 ($0.89 / Fl Oz)",
        "imageUrl": "https://m.media-amazon.com/images/I/318vJJpwKEL._SL160_.jpg",
        "detailPageURL": "https://www.amazon.com/dp/B017PCGABI",
        "rating": "4.7",
        "totalReviews": "58786",
        "subtitle": "Garnier",
        "isPrimeEligible": "1"
    },
    {
        "ASIN": "B07HFBQ2NH",
        "title": "Sunday Riley Ceramic Slip Cleanser,5 Fl Oz (Pack of 1)",
        "price": "$35.00 ($7.00 / Fl Oz)",
        "listPrice": "",
        "imageUrl": "https://m.media-amazon.com/images/I/41LyHxJf9LL._SL160_.jpg",
        "detailPageURL": "https://www.amazon.com/dp/B07HFBQ2NH",
        "rating": "4.7",
        "totalReviews": "890",
        "subtitle": "",
        "isPrimeEligible": "1"
    },
    {
        "ASIN": "B000052ZB5",
        "title": "Neutrogena Deep Clean Daily Facial Cream Cleanser with Beta Hydroxy Acid to Remove Dirt, Oil & Makeup, Alcohol-Free, Oil-Free & Non-Comedogenic, 7 fl. oz",
        "price": "$5.74 ($0.82 / Fl Oz)",
        "listPrice": "$8.09 ($1.16 / Fl Oz)",
        "imageUrl": "https://m.media-amazon.com/images/I/31ItNDNYdIL._SL160_.jpg",
        "detailPageURL": "https://www.amazon.com/dp/B000052ZB5",
        "rating": "4.6",
        "totalReviews": "2561",
        "subtitle": "Neutrogena",
        "isPrimeEligible": "1"
    },
    {
        "ASIN": "B085S7FZTM",
        "title": "Neutrogena Ultra Gentle Foaming and Hydrating Face Wash for Sensitive Skin, Gently Cleanses Without Over Drying, Oil-Free, Soap-Free, 16 fl. oz",
        "price": "$9.14 ($0.57 / Fl Oz)",
        "listPrice": "$14.59 ($0.91 / Fl Oz)",
        "imageUrl": "https://m.media-amazon.com/images/I/31bUf5ykZtL._SL160_.jpg",
        "detailPageURL": "https://www.amazon.com/dp/B085S7FZTM",
        "rating": "4.7",
        "totalReviews": "3741",
        "subtitle": "Neutrogena",
        "isPrimeEligible": "1"
    },
    {
        "ASIN": "B0BPJ516Y4",
        "title": "THAYERS Milky Hydrating Face Cleanser with Snow Mushroom and Hyaluronic Acid, Dermatologist Recommended Gentle Facial Wash and Hydrating Skincare for Dry and Sensitive Skin, Paraben Free, 8 FL Oz",
        "price": "$13.98 ($1.75 / Fl Oz)",
        "listPrice": "$14.99 ($1.87 / Fl Oz)",
        "imageUrl": "https://m.media-amazon.com/images/I/41f8u3UQXQL._SL160_.jpg",
        "detailPageURL": "https://www.amazon.com/dp/B0BPJ516Y4",
        "rating": "4.6",
        "totalReviews": "1231",
        "subtitle": "THAYERS",
        "isPrimeEligible": "1"
    },
    {
        "ASIN": "B09Y4H2KSS",
        "title": "Cetaphil Cream to Foam Face Wash, Hydrating Foaming Cream Cleanser, 16 oz, For Normal to Dry, Sensitive Skin, with Soothing Prebiotic Aloe, Hypoallergenic, Fragrance Free",
        "price": "$12.43 ($0.78 / Ounce)",
        "listPrice": "$14.99 ($0.94 / Ounce)",
        "imageUrl": "https://m.media-amazon.com/images/I/31c00KpIqgL._SL160_.jpg",
        "detailPageURL": "https://www.amazon.com/dp/B09Y4H2KSS",
        "rating": "4.7",
        "totalReviews": "2386",
        "subtitle": "Cetaphil",
        "isPrimeEligible": "1"
    },
    {
        "ASIN": "B0814364T5",
        "title": "Naturium Mixed Greens Nutrient-Rich Facial Cleanser, With Vitamin C, Green Tea & Aloe, 7.1 oz",
        "price": "$15.99 ($2.25 / Fl Oz)",
        "listPrice": "",
        "imageUrl": "https://m.media-amazon.com/images/I/31qvbXIwOqL._SL160_.jpg",
        "detailPageURL": "https://www.amazon.com/dp/B0814364T5",
        "rating": "4.6",
        "totalReviews": "1015",
        "subtitle": "Naturium",
        "isPrimeEligible": "1"
    },
    {
        "ASIN": "B0BHTY6RZ5",
        "title": "Paula's Choice CALM Ultra-Gentle Cleanser for Sensitive Skin, Calms + Soothes Redness, Daily Face Wash for Rosacea-Prone & Eczema-Prone Skin, Fragrance-Free & Paraben-Free, 6.7 Fl Oz.",
        "price": "$19.00 ($2.84 / Fl Oz)",
        "listPrice": "",
        "imageUrl": "https://m.media-amazon.com/images/I/21-Bv1mKIkL._SL160_.jpg",
        "detailPageURL": "https://www.amazon.com/dp/B0BHTY6RZ5",
        "rating": "4.6",
        "totalReviews": "147",
        "subtitle": "Paula's Choice",
        "isPrimeEligible": "1"
    },
    {
        "ASIN": "B00VMYKCL0",
        "title": "InstaNatural Vitamin C Cleanser Face Wash, Brightens and Reduces Signs of Aging, Fine Lines and Uneven Texture, with Coconut Water and Aloe Vera, 6.7 FL Oz",
        "price": "$24.95 ($3.72 / Fl Oz)",
        "listPrice": "$29.00 ($4.33 / Fl Oz)",
        "imageUrl": "https://m.media-amazon.com/images/I/41z7U1BNXvL._SL160_.jpg",
        "detailPageURL": "https://www.amazon.com/dp/B00VMYKCL0",
        "rating": "4.4",
        "totalReviews": "18177",
        "subtitle": "InstaNatural",
        "isPrimeEligible": "1"
    },
    {
        "ASIN": "B017PCGABI",
        "title": "Garnier SkinActive Micellar Water for All Skin Types, Facial Cleanser & Makeup Remover, 13.5 Fl Oz (400mL), 1 Count (Packaging May Vary)",
        "price": "$8.93 ($0.66 / Fl Oz)",
        "listPrice": "$11.99 ($0.89 / Fl Oz)",
        "imageUrl": "https://m.media-amazon.com/images/I/318vJJpwKEL._SL160_.jpg",
        "detailPageURL": "https://www.amazon.com/dp/B017PCGABI",
        "rating": "4.7",
        "totalReviews": "58786",
        "subtitle": "Garnier",
        "isPrimeEligible": "1"
    },
    {
        "ASIN": "B07HFBQ2NH",
        "title": "Sunday Riley Ceramic Slip Cleanser,5 Fl Oz (Pack of 1)",
        "price": "$35.00 ($7.00 / Fl Oz)",
        "listPrice": "",
        "imageUrl": "https://m.media-amazon.com/images/I/41LyHxJf9LL._SL160_.jpg",
        "detailPageURL": "https://www.amazon.com/dp/B07HFBQ2NH",
        "rating": "4.7",
        "totalReviews": "890",
        "subtitle": "",
        "isPrimeEligible": "1"
    },
    {
        "ASIN": "B000052ZB5",
        "title": "Neutrogena Deep Clean Daily Facial Cream Cleanser with Beta Hydroxy Acid to Remove Dirt, Oil & Makeup, Alcohol-Free, Oil-Free & Non-Comedogenic, 7 fl. oz",
        "price": "$5.74 ($0.82 / Fl Oz)",
        "listPrice": "$8.09 ($1.16 / Fl Oz)",
        "imageUrl": "https://m.media-amazon.com/images/I/31ItNDNYdIL._SL160_.jpg",
        "detailPageURL": "https://www.amazon.com/dp/B000052ZB5",
        "rating": "4.6",
        "totalReviews": "2561",
        "subtitle": "Neutrogena",
        "isPrimeEligible": "1"
    },
    {
        "ASIN": "B085S7FZTM",
        "title": "Neutrogena Ultra Gentle Foaming and Hydrating Face Wash for Sensitive Skin, Gently Cleanses Without Over Drying, Oil-Free, Soap-Free, 16 fl. oz",
        "price": "$9.14 ($0.57 / Fl Oz)",
        "listPrice": "$14.59 ($0.91 / Fl Oz)",
        "imageUrl": "https://m.media-amazon.com/images/I/31bUf5ykZtL._SL160_.jpg",
        "detailPageURL": "https://www.amazon.com/dp/B085S7FZTM",
        "rating": "4.7",
        "totalReviews": "3741",
        "subtitle": "Neutrogena",
        "isPrimeEligible": "1"
    },
    {
        "ASIN": "B0BPJ516Y4",
        "title": "THAYERS Milky Hydrating Face Cleanser with Snow Mushroom and Hyaluronic Acid, Dermatologist Recommended Gentle Facial Wash and Hydrating Skincare for Dry and Sensitive Skin, Paraben Free, 8 FL Oz",
        "price": "$13.98 ($1.75 / Fl Oz)",
        "listPrice": "$14.99 ($1.87 / Fl Oz)",
        "imageUrl": "https://m.media-amazon.com/images/I/41f8u3UQXQL._SL160_.jpg",
        "detailPageURL": "https://www.amazon.com/dp/B0BPJ516Y4",
        "rating": "4.6",
        "totalReviews": "1231",
        "subtitle": "THAYERS",
        "isPrimeEligible": "1"
    },
    {
        "ASIN": "B078VTKKV1",
        "title": "TATCHA The Deep Cleanse | Deep, Gentle Exfoliating Cleanser, Lifts Dirt, Minimizes Excess Oil & Unclogs & Tightens Pores, 150 ml | 5 oz",
        "price": "$40.00 ($8.00 / Ounce)",
        "listPrice": "",
        "imageUrl": "https://m.media-amazon.com/images/I/21i9a-Vk1pL._SL160_.jpg",
        "detailPageURL": "https://www.amazon.com/dp/B078VTKKV1",
        "rating": "4.7",
        "totalReviews": "2353",
        "subtitle": "",
        "isPrimeEligible": "1"
    },
    {
        "ASIN": "B0814364T5",
        "title": "Naturium Mixed Greens Nutrient-Rich Facial Cleanser, With Vitamin C, Green Tea & Aloe, 7.1 oz",
        "price": "$15.99 ($2.25 / Fl Oz)",
        "listPrice": "",
        "imageUrl": "https://m.media-amazon.com/images/I/31qvbXIwOqL._SL160_.jpg",
        "detailPageURL": "https://www.amazon.com/dp/B0814364T5",
        "rating": "4.6",
        "totalReviews": "1015",
        "subtitle": "Naturium",
        "isPrimeEligible": "1"
    },
    {
        "ASIN": "B0BHTY6RZ5",
        "title": "Paula's Choice CALM Ultra-Gentle Cleanser for Sensitive Skin, Calms + Soothes Redness, Daily Face Wash for Rosacea-Prone & Eczema-Prone Skin, Fragrance-Free & Paraben-Free, 6.7 Fl Oz.",
        "price": "$19.00 ($2.84 / Fl Oz)",
        "listPrice": "",
        "imageUrl": "https://m.media-amazon.com/images/I/21-Bv1mKIkL._SL160_.jpg",
        "detailPageURL": "https://www.amazon.com/dp/B0BHTY6RZ5",
        "rating": "4.6",
        "totalReviews": "147",
        "subtitle": "Paula's Choice",
        "isPrimeEligible": "1"
    },
    {
        "ASIN": "B00VMYKCL0",
        "title": "InstaNatural Vitamin C Cleanser Face Wash, Brightens and Reduces Signs of Aging, Fine Lines and Uneven Texture, with Coconut Water and Aloe Vera, 6.7 FL Oz",
        "price": "$24.95 ($3.72 / Fl Oz)",
        "listPrice": "$29.00 ($4.33 / Fl Oz)",
        "imageUrl": "https://m.media-amazon.com/images/I/41z7U1BNXvL._SL160_.jpg",
        "detailPageURL": "https://www.amazon.com/dp/B00VMYKCL0",
        "rating": "4.4",
        "totalReviews": "18177",
        "subtitle": "InstaNatural",
        "isPrimeEligible": "1"
    },
    {
        "ASIN": "B017PCGABI",
        "title": "Garnier SkinActive Micellar Water for All Skin Types, Facial Cleanser & Makeup Remover, 13.5 Fl Oz (400mL), 1 Count (Packaging May Vary)",
        "price": "$8.93 ($0.66 / Fl Oz)",
        "listPrice": "$11.99 ($0.89 / Fl Oz)",
        "imageUrl": "https://m.media-amazon.com/images/I/318vJJpwKEL._SL160_.jpg",
        "detailPageURL": "https://www.amazon.com/dp/B017PCGABI",
        "rating": "4.7",
        "totalReviews": "58786",
        "subtitle": "Garnier",
        "isPrimeEligible": "1"
    },
    {
        "ASIN": "B07HFBQ2NH",
        "title": "Sunday Riley Ceramic Slip Cleanser,5 Fl Oz (Pack of 1)",
        "price": "$35.00 ($7.00 / Fl Oz)",
        "listPrice": "",
        "imageUrl": "https://m.media-amazon.com/images/I/41LyHxJf9LL._SL160_.jpg",
        "detailPageURL": "https://www.amazon.com/dp/B07HFBQ2NH",
        "rating": "4.7",
        "totalReviews": "890",
        "subtitle": "",
        "isPrimeEligible": "1"
    },
    {
        "ASIN": "B000052ZB5",
        "title": "Neutrogena Deep Clean Daily Facial Cream Cleanser with Beta Hydroxy Acid to Remove Dirt, Oil & Makeup, Alcohol-Free, Oil-Free & Non-Comedogenic, 7 fl. oz",
        "price": "$5.74 ($0.82 / Fl Oz)",
        "listPrice": "$8.09 ($1.16 / Fl Oz)",
        "imageUrl": "https://m.media-amazon.com/images/I/31ItNDNYdIL._SL160_.jpg",
        "detailPageURL": "https://www.amazon.com/dp/B000052ZB5",
        "rating": "4.6",
        "totalReviews": "2561",
        "subtitle": "Neutrogena",
        "isPrimeEligible": "1"
    },
    {
        "ASIN": "B085S7FZTM",
        "title": "Neutrogena Ultra Gentle Foaming and Hydrating Face Wash for Sensitive Skin, Gently Cleanses Without Over Drying, Oil-Free, Soap-Free, 16 fl. oz",
        "price": "$9.14 ($0.57 / Fl Oz)",
        "listPrice": "$14.59 ($0.91 / Fl Oz)",
        "imageUrl": "https://m.media-amazon.com/images/I/31bUf5ykZtL._SL160_.jpg",
        "detailPageURL": "https://www.amazon.com/dp/B085S7FZTM",
        "rating": "4.7",
        "totalReviews": "3741",
        "subtitle": "Neutrogena",
        "isPrimeEligible": "1"
    },
    {
        "ASIN": "B0BPJ516Y4",
        "title": "THAYERS Milky Hydrating Face Cleanser with Snow Mushroom and Hyaluronic Acid, Dermatologist Recommended Gentle Facial Wash and Hydrating Skincare for Dry and Sensitive Skin, Paraben Free, 8 FL Oz",
        "price": "$13.98 ($1.75 / Fl Oz)",
        "listPrice": "$14.99 ($1.87 / Fl Oz)",
        "imageUrl": "https://m.media-amazon.com/images/I/41f8u3UQXQL._SL160_.jpg",
        "detailPageURL": "https://www.amazon.com/dp/B0BPJ516Y4",
        "rating": "4.6",
        "totalReviews": "1231",
        "subtitle": "THAYERS",
        "isPrimeEligible": "1"
    },
    {
        "ASIN": "B078VTKKV1",
        "title": "TATCHA The Deep Cleanse | Deep, Gentle Exfoliating Cleanser, Lifts Dirt, Minimizes Excess Oil & Unclogs & Tightens Pores, 150 ml | 5 oz",
        "price": "$40.00 ($8.00 / Ounce)",
        "listPrice": "",
        "imageUrl": "https://m.media-amazon.com/images/I/21i9a-Vk1pL._SL160_.jpg",
        "detailPageURL": "https://www.amazon.com/dp/B078VTKKV1",
        "rating": "4.7",
        "totalReviews": "2353",
        "subtitle": "",
        "isPrimeEligible": "1"
    },
    {
        "ASIN": "B0026TOCK2",
        "title": "iS CLINICAL Cleansing Complex, 3in1 Gentle deep pore cleanser Face Wash and Makeup remover. Helps acne and blemish-prone skin",
        "price": "$45.00 ($7.50 / Fl Oz)",
        "listPrice": "",
        "imageUrl": "https://m.media-amazon.com/images/I/31NSiRXG1eL._SL160_.jpg",
        "detailPageURL": "https://www.amazon.com/dp/B0026TOCK2",
        "rating": "4.6",
        "totalReviews": "2157",
        "subtitle": "",
        "isPrimeEligible": "1"
    },
    {
        "ASIN": "B0BHTY6RZ5",
        "title": "Paula's Choice CALM Ultra-Gentle Cleanser for Sensitive Skin, Calms + Soothes Redness, Daily Face Wash for Rosacea-Prone & Eczema-Prone Skin, Fragrance-Free & Paraben-Free, 6.7 Fl Oz.",
        "price": "$19.00 ($2.84 / Fl Oz)",
        "listPrice": "",
        "imageUrl": "https://m.media-amazon.com/images/I/21-Bv1mKIkL._SL160_.jpg",
        "detailPageURL": "https://www.amazon.com/dp/B0BHTY6RZ5",
        "rating": "4.6",
        "totalReviews": "147",
        "subtitle": "Paula's Choice",
        "isPrimeEligible": "1"
    },
    {
        "ASIN": "B00VMYKCL0",
        "title": "InstaNatural Vitamin C Cleanser Face Wash, Brightens and Reduces Signs of Aging, Fine Lines and Uneven Texture, with Coconut Water and Aloe Vera, 6.7 FL Oz",
        "price": "$24.95 ($3.72 / Fl Oz)",
        "listPrice": "$29.00 ($4.33 / Fl Oz)",
        "imageUrl": "https://m.media-amazon.com/images/I/41z7U1BNXvL._SL160_.jpg",
        "detailPageURL": "https://www.amazon.com/dp/B00VMYKCL0",
        "rating": "4.4",
        "totalReviews": "18177",
        "subtitle": "InstaNatural",
        "isPrimeEligible": "1"
    },
    {
        "ASIN": "B017PCGABI",
        "title": "Garnier SkinActive Micellar Water for All Skin Types, Facial Cleanser & Makeup Remover, 13.5 Fl Oz (400mL), 1 Count (Packaging May Vary)",
        "price": "$8.93 ($0.66 / Fl Oz)",
        "listPrice": "$11.99 ($0.89 / Fl Oz)",
        "imageUrl": "https://m.media-amazon.com/images/I/318vJJpwKEL._SL160_.jpg",
        "detailPageURL": "https://www.amazon.com/dp/B017PCGABI",
        "rating": "4.7",
        "totalReviews": "58786",
        "subtitle": "Garnier",
        "isPrimeEligible": "1"
    },
    {
        "ASIN": "B07HFBQ2NH",
        "title": "Sunday Riley Ceramic Slip Cleanser,5 Fl Oz (Pack of 1)",
        "price": "$35.00 ($7.00 / Fl Oz)",
        "listPrice": "",
        "imageUrl": "https://m.media-amazon.com/images/I/41LyHxJf9LL._SL160_.jpg",
        "detailPageURL": "https://www.amazon.com/dp/B07HFBQ2NH",
        "rating": "4.7",
        "totalReviews": "890",
        "subtitle": "",
        "isPrimeEligible": "1"
    },
    {
        "ASIN": "B000052ZB5",
        "title": "Neutrogena Deep Clean Daily Facial Cream Cleanser with Beta Hydroxy Acid to Remove Dirt, Oil & Makeup, Alcohol-Free, Oil-Free & Non-Comedogenic, 7 fl. oz",
        "price": "$5.74 ($0.82 / Fl Oz)",
        "listPrice": "$8.09 ($1.16 / Fl Oz)",
        "imageUrl": "https://m.media-amazon.com/images/I/31ItNDNYdIL._SL160_.jpg",
        "detailPageURL": "https://www.amazon.com/dp/B000052ZB5",
        "rating": "4.6",
        "totalReviews": "2561",
        "subtitle": "Neutrogena",
        "isPrimeEligible": "1"
    },
    {
        "ASIN": "B085S7FZTM",
        "title": "Neutrogena Ultra Gentle Foaming and Hydrating Face Wash for Sensitive Skin, Gently Cleanses Without Over Drying, Oil-Free, Soap-Free, 16 fl. oz",
        "price": "$9.14 ($0.57 / Fl Oz)",
        "listPrice": "$14.59 ($0.91 / Fl Oz)",
        "imageUrl": "https://m.media-amazon.com/images/I/31bUf5ykZtL._SL160_.jpg",
        "detailPageURL": "https://www.amazon.com/dp/B085S7FZTM",
        "rating": "4.7",
        "totalReviews": "3741",
        "subtitle": "Neutrogena",
        "isPrimeEligible": "1"
    },
    {
        "ASIN": "B0BPJ516Y4",
        "title": "THAYERS Milky Hydrating Face Cleanser with Snow Mushroom and Hyaluronic Acid, Dermatologist Recommended Gentle Facial Wash and Hydrating Skincare for Dry and Sensitive Skin, Paraben Free, 8 FL Oz",
        "price": "$13.98 ($1.75 / Fl Oz)",
        "listPrice": "$14.99 ($1.87 / Fl Oz)",
        "imageUrl": "https://m.media-amazon.com/images/I/41f8u3UQXQL._SL160_.jpg",
        "detailPageURL": "https://www.amazon.com/dp/B0BPJ516Y4",
        "rating": "4.6",
        "totalReviews": "1231",
        "subtitle": "THAYERS",
        "isPrimeEligible": "1"
    },
    {
        "ASIN": "B078VTKKV1",
        "title": "TATCHA The Deep Cleanse | Deep, Gentle Exfoliating Cleanser, Lifts Dirt, Minimizes Excess Oil & Unclogs & Tightens Pores, 150 ml | 5 oz",
        "price": "$40.00 ($8.00 / Ounce)",
        "listPrice": "",
        "imageUrl": "https://m.media-amazon.com/images/I/21i9a-Vk1pL._SL160_.jpg",
        "detailPageURL": "https://www.amazon.com/dp/B078VTKKV1",
        "rating": "4.7",
        "totalReviews": "2353",
        "subtitle": "",
        "isPrimeEligible": "1"
    },
    {
        "ASIN": "B0026TOCK2",
        "title": "iS CLINICAL Cleansing Complex, 3in1 Gentle deep pore cleanser Face Wash and Makeup remover. Helps acne and blemish-prone skin",
        "price": "$45.00 ($7.50 / Fl Oz)",
        "listPrice": "",
        "imageUrl": "https://m.media-amazon.com/images/I/31NSiRXG1eL._SL160_.jpg",
        "detailPageURL": "https://www.amazon.com/dp/B0026TOCK2",
        "rating": "4.6",
        "totalReviews": "2157",
        "subtitle": "",
        "isPrimeEligible": "1"
    },
    {
        "ASIN": "B00T58BLJ2",
        "title": "IMAGE Skincare, CLEAR CELL Salicylic Gel Cleanser, Gentle Foaming Face Wash Removes Excess Oil and Shine for Oily Prone Skin, 6 oz",
        "price": "$36.00 ($6.00 / Fl Oz)",
        "listPrice": "",
        "imageUrl": "https://m.media-amazon.com/images/I/21ksnKgVasL._SL160_.jpg",
        "detailPageURL": "https://www.amazon.com/dp/B00T58BLJ2",
        "rating": "4.7",
        "totalReviews": "1127",
        "subtitle": "",
        "isPrimeEligible": "1"
    },
    {
        "ASIN": "B00VMYKCL0",
        "title": "InstaNatural Vitamin C Cleanser Face Wash, Brightens and Reduces Signs of Aging, Fine Lines and Uneven Texture, with Coconut Water and Aloe Vera, 6.7 FL Oz",
        "price": "$24.95 ($3.72 / Fl Oz)",
        "listPrice": "$29.00 ($4.33 / Fl Oz)",
        "imageUrl": "https://m.media-amazon.com/images/I/41z7U1BNXvL._SL160_.jpg",
        "detailPageURL": "https://www.amazon.com/dp/B00VMYKCL0",
        "rating": "4.4",
        "totalReviews": "18177",
        "subtitle": "InstaNatural",
        "isPrimeEligible": "1"
    },
    {
        "ASIN": "B017PCGABI",
        "title": "Garnier SkinActive Micellar Water for All Skin Types, Facial Cleanser & Makeup Remover, 13.5 Fl Oz (400mL), 1 Count (Packaging May Vary)",
        "price": "$8.93 ($0.66 / Fl Oz)",
        "listPrice": "$11.99 ($0.89 / Fl Oz)",
        "imageUrl": "https://m.media-amazon.com/images/I/318vJJpwKEL._SL160_.jpg",
        "detailPageURL": "https://www.amazon.com/dp/B017PCGABI",
        "rating": "4.7",
        "totalReviews": "58786",
        "subtitle": "Garnier",
        "isPrimeEligible": "1"
    },
    {
        "ASIN": "B07HFBQ2NH",
        "title": "Sunday Riley Ceramic Slip Cleanser,5 Fl Oz (Pack of 1)",
        "price": "$35.00 ($7.00 / Fl Oz)",
        "listPrice": "",
        "imageUrl": "https://m.media-amazon.com/images/I/41LyHxJf9LL._SL160_.jpg",
        "detailPageURL": "https://www.amazon.com/dp/B07HFBQ2NH",
        "rating": "4.7",
        "totalReviews": "890",
        "subtitle": "",
        "isPrimeEligible": "1"
    },
    {
        "ASIN": "B000052ZB5",
        "title": "Neutrogena Deep Clean Daily Facial Cream Cleanser with Beta Hydroxy Acid to Remove Dirt, Oil & Makeup, Alcohol-Free, Oil-Free & Non-Comedogenic, 7 fl. oz",
        "price": "$5.74 ($0.82 / Fl Oz)",
        "listPrice": "$8.09 ($1.16 / Fl Oz)",
        "imageUrl": "https://m.media-amazon.com/images/I/31ItNDNYdIL._SL160_.jpg",
        "detailPageURL": "https://www.amazon.com/dp/B000052ZB5",
        "rating": "4.6",
        "totalReviews": "2561",
        "subtitle": "Neutrogena",
        "isPrimeEligible": "1"
    },
    {
        "ASIN": "B085S7FZTM",
        "title": "Neutrogena Ultra Gentle Foaming and Hydrating Face Wash for Sensitive Skin, Gently Cleanses Without Over Drying, Oil-Free, Soap-Free, 16 fl. oz",
        "price": "$9.14 ($0.57 / Fl Oz)",
        "listPrice": "$14.59 ($0.91 / Fl Oz)",
        "imageUrl": "https://m.media-amazon.com/images/I/31bUf5ykZtL._SL160_.jpg",
        "detailPageURL": "https://www.amazon.com/dp/B085S7FZTM",
        "rating": "4.7",
        "totalReviews": "3741",
        "subtitle": "Neutrogena",
        "isPrimeEligible": "1"
    },
    {
        "ASIN": "B0BPJ516Y4",
        "title": "THAYERS Milky Hydrating Face Cleanser with Snow Mushroom and Hyaluronic Acid, Dermatologist Recommended Gentle Facial Wash and Hydrating Skincare for Dry and Sensitive Skin, Paraben Free, 8 FL Oz",
        "price": "$13.98 ($1.75 / Fl Oz)",
        "listPrice": "$14.99 ($1.87 / Fl Oz)",
        "imageUrl": "https://m.media-amazon.com/images/I/41f8u3UQXQL._SL160_.jpg",
        "detailPageURL": "https://www.amazon.com/dp/B0BPJ516Y4",
        "rating": "4.6",
        "totalReviews": "1231",
        "subtitle": "THAYERS",
        "isPrimeEligible": "1"
    },
    {
        "ASIN": "B078VTKKV1",
        "title": "TATCHA The Deep Cleanse | Deep, Gentle Exfoliating Cleanser, Lifts Dirt, Minimizes Excess Oil & Unclogs & Tightens Pores, 150 ml | 5 oz",
        "price": "$40.00 ($8.00 / Ounce)",
        "listPrice": "",
        "imageUrl": "https://m.media-amazon.com/images/I/21i9a-Vk1pL._SL160_.jpg",
        "detailPageURL": "https://www.amazon.com/dp/B078VTKKV1",
        "rating": "4.7",
        "totalReviews": "2353",
        "subtitle": "",
        "isPrimeEligible": "1"
    },
    {
        "ASIN": "B0026TOCK2",
        "title": "iS CLINICAL Cleansing Complex, 3in1 Gentle deep pore cleanser Face Wash and Makeup remover. Helps acne and blemish-prone skin",
        "price": "$45.00 ($7.50 / Fl Oz)",
        "listPrice": "",
        "imageUrl": "https://m.media-amazon.com/images/I/31NSiRXG1eL._SL160_.jpg",
        "detailPageURL": "https://www.amazon.com/dp/B0026TOCK2",
        "rating": "4.6",
        "totalReviews": "2157",
        "subtitle": "",
        "isPrimeEligible": "1"
    },
    {
        "ASIN": "B00T58BLJ2",
        "title": "IMAGE Skincare, CLEAR CELL Salicylic Gel Cleanser, Gentle Foaming Face Wash Removes Excess Oil and Shine for Oily Prone Skin, 6 oz",
        "price": "$36.00 ($6.00 / Fl Oz)",
        "listPrice": "",
        "imageUrl": "https://m.media-amazon.com/images/I/21ksnKgVasL._SL160_.jpg",
        "detailPageURL": "https://www.amazon.com/dp/B00T58BLJ2",
        "rating": "4.7",
        "totalReviews": "1127",
        "subtitle": "",
        "isPrimeEligible": "1"
    },
    {
        "ASIN": "B0C87JTLCJ",
        "title": "Pond's Clear Solution, Foaming Face Wash, Removes Excess Oil, Face Cleanser, 3-Pack of 1.07 Fl Oz Each",
        "price": "$3.89",
        "listPrice": "",
        "imageUrl": "https://m.media-amazon.com/images/I/41PiUdtrqbL._SL160_.jpg",
        "detailPageURL": "https://www.amazon.com/dp/B0C87JTLCJ",
        "rating": "4.8",
        "totalReviews": "6",
        "subtitle": "Pond's",
        "isPrimeEligible": "1"
    },
    {
        "ASIN": "B017PCGABI",
        "title": "Garnier SkinActive Micellar Water for All Skin Types, Facial Cleanser & Makeup Remover, 13.5 Fl Oz (400mL), 1 Count (Packaging May Vary)",
        "price": "$8.93 ($0.66 / Fl Oz)",
        "listPrice": "$11.99 ($0.89 / Fl Oz)",
        "imageUrl": "https://m.media-amazon.com/images/I/318vJJpwKEL._SL160_.jpg",
        "detailPageURL": "https://www.amazon.com/dp/B017PCGABI",
        "rating": "4.7",
        "totalReviews": "58786",
        "subtitle": "Garnier",
        "isPrimeEligible": "1"
    },
    {
        "ASIN": "B07HFBQ2NH",
        "title": "Sunday Riley Ceramic Slip Cleanser,5 Fl Oz (Pack of 1)",
        "price": "$35.00 ($7.00 / Fl Oz)",
        "listPrice": "",
        "imageUrl": "https://m.media-amazon.com/images/I/41LyHxJf9LL._SL160_.jpg",
        "detailPageURL": "https://www.amazon.com/dp/B07HFBQ2NH",
        "rating": "4.7",
        "totalReviews": "890",
        "subtitle": "",
        "isPrimeEligible": "1"
    },
    {
        "ASIN": "B000052ZB5",
        "title": "Neutrogena Deep Clean Daily Facial Cream Cleanser with Beta Hydroxy Acid to Remove Dirt, Oil & Makeup, Alcohol-Free, Oil-Free & Non-Comedogenic, 7 fl. oz",
        "price": "$5.74 ($0.82 / Fl Oz)",
        "listPrice": "$8.09 ($1.16 / Fl Oz)",
        "imageUrl": "https://m.media-amazon.com/images/I/31ItNDNYdIL._SL160_.jpg",
        "detailPageURL": "https://www.amazon.com/dp/B000052ZB5",
        "rating": "4.6",
        "totalReviews": "2561",
        "subtitle": "Neutrogena",
        "isPrimeEligible": "1"
    },
    {
        "ASIN": "B085S7FZTM",
        "title": "Neutrogena Ultra Gentle Foaming and Hydrating Face Wash for Sensitive Skin, Gently Cleanses Without Over Drying, Oil-Free, Soap-Free, 16 fl. oz",
        "price": "$9.14 ($0.57 / Fl Oz)",
        "listPrice": "$14.59 ($0.91 / Fl Oz)",
        "imageUrl": "https://m.media-amazon.com/images/I/31bUf5ykZtL._SL160_.jpg",
        "detailPageURL": "https://www.amazon.com/dp/B085S7FZTM",
        "rating": "4.7",
        "totalReviews": "3741",
        "subtitle": "Neutrogena",
        "isPrimeEligible": "1"
    },
    {
        "ASIN": "B0BPJ516Y4",
        "title": "THAYERS Milky Hydrating Face Cleanser with Snow Mushroom and Hyaluronic Acid, Dermatologist Recommended Gentle Facial Wash and Hydrating Skincare for Dry and Sensitive Skin, Paraben Free, 8 FL Oz",
        "price": "$13.98 ($1.75 / Fl Oz)",
        "listPrice": "$14.99 ($1.87 / Fl Oz)",
        "imageUrl": "https://m.media-amazon.com/images/I/41f8u3UQXQL._SL160_.jpg",
        "detailPageURL": "https://www.amazon.com/dp/B0BPJ516Y4",
        "rating": "4.6",
        "totalReviews": "1231",
        "subtitle": "THAYERS",
        "isPrimeEligible": "1"
    },
    {
        "ASIN": "B078VTKKV1",
        "title": "TATCHA The Deep Cleanse | Deep, Gentle Exfoliating Cleanser, Lifts Dirt, Minimizes Excess Oil & Unclogs & Tightens Pores, 150 ml | 5 oz",
        "price": "$40.00 ($8.00 / Ounce)",
        "listPrice": "",
        "imageUrl": "https://m.media-amazon.com/images/I/21i9a-Vk1pL._SL160_.jpg",
        "detailPageURL": "https://www.amazon.com/dp/B078VTKKV1",
        "rating": "4.7",
        "totalReviews": "2353",
        "subtitle": "",
        "isPrimeEligible": "1"
    },
    {
        "ASIN": "B0026TOCK2",
        "title": "iS CLINICAL Cleansing Complex, 3in1 Gentle deep pore cleanser Face Wash and Makeup remover. Helps acne and blemish-prone skin",
        "price": "$45.00 ($7.50 / Fl Oz)",
        "listPrice": "",
        "imageUrl": "https://m.media-amazon.com/images/I/31NSiRXG1eL._SL160_.jpg",
        "detailPageURL": "https://www.amazon.com/dp/B0026TOCK2",
        "rating": "4.6",
        "totalReviews": "2157",
        "subtitle": "",
        "isPrimeEligible": "1"
    },
    {
        "ASIN": "B00T58BLJ2",
        "title": "IMAGE Skincare, CLEAR CELL Salicylic Gel Cleanser, Gentle Foaming Face Wash Removes Excess Oil and Shine for Oily Prone Skin, 6 oz",
        "price": "$36.00 ($6.00 / Fl Oz)",
        "listPrice": "",
        "imageUrl": "https://m.media-amazon.com/images/I/21ksnKgVasL._SL160_.jpg",
        "detailPageURL": "https://www.amazon.com/dp/B00T58BLJ2",
        "rating": "4.7",
        "totalReviews": "1127",
        "subtitle": "",
        "isPrimeEligible": "1"
    },
    {
        "ASIN": "B0C87JTLCJ",
        "title": "Pond's Clear Solution, Foaming Face Wash, Removes Excess Oil, Face Cleanser, 3-Pack of 1.07 Fl Oz Each",
        "price": "$3.89",
        "listPrice": "",
        "imageUrl": "https://m.media-amazon.com/images/I/41PiUdtrqbL._SL160_.jpg",
        "detailPageURL": "https://www.amazon.com/dp/B0C87JTLCJ",
        "rating": "4.8",
        "totalReviews": "6",
        "subtitle": "Pond's",
        "isPrimeEligible": "1"
    },
    {
        "ASIN": "B085S7NDYK",
        "title": "Neutrogena Ultra Gentle Foaming Facial Cleanser, Hydrating Face Wash for Sensitive Skin, Gently Cleanses Face Without Over Drying, Oil-Free, Soap-Free, 5.8 fl. oz",
        "price": "$5.18 ($0.89 / Fl Oz)",
        "listPrice": "$6.09 ($1.05 / Fl Oz)",
        "imageUrl": "https://m.media-amazon.com/images/I/317Bdmsqp2L._SL160_.jpg",
        "detailPageURL": "https://www.amazon.com/dp/B085S7NDYK",
        "rating": "4.5",
        "totalReviews": "7114",
        "subtitle": "Neutrogena",
        "isPrimeEligible": "1"
    },
    {
        "ASIN": "B07HFBQ2NH",
        "title": "Sunday Riley Ceramic Slip Cleanser,5 Fl Oz (Pack of 1)",
        "price": "$35.00 ($7.00 / Fl Oz)",
        "listPrice": "",
        "imageUrl": "https://m.media-amazon.com/images/I/41LyHxJf9LL._SL160_.jpg",
        "detailPageURL": "https://www.amazon.com/dp/B07HFBQ2NH",
        "rating": "4.7",
        "totalReviews": "890",
        "subtitle": "",
        "isPrimeEligible": "1"
    },
    {
        "ASIN": "B000052ZB5",
        "title": "Neutrogena Deep Clean Daily Facial Cream Cleanser with Beta Hydroxy Acid to Remove Dirt, Oil & Makeup, Alcohol-Free, Oil-Free & Non-Comedogenic, 7 fl. oz",
        "price": "$5.74 ($0.82 / Fl Oz)",
        "listPrice": "$8.09 ($1.16 / Fl Oz)",
        "imageUrl": "https://m.media-amazon.com/images/I/31ItNDNYdIL._SL160_.jpg",
        "detailPageURL": "https://www.amazon.com/dp/B000052ZB5",
        "rating": "4.6",
        "totalReviews": "2561",
        "subtitle": "Neutrogena",
        "isPrimeEligible": "1"
    },
    {
        "ASIN": "B085S7FZTM",
        "title": "Neutrogena Ultra Gentle Foaming and Hydrating Face Wash for Sensitive Skin, Gently Cleanses Without Over Drying, Oil-Free, Soap-Free, 16 fl. oz",
        "price": "$9.14 ($0.57 / Fl Oz)",
        "listPrice": "$14.59 ($0.91 / Fl Oz)",
        "imageUrl": "https://m.media-amazon.com/images/I/31bUf5ykZtL._SL160_.jpg",
        "detailPageURL": "https://www.amazon.com/dp/B085S7FZTM",
        "rating": "4.7",
        "totalReviews": "3741",
        "subtitle": "Neutrogena",
        "isPrimeEligible": "1"
    },
    {
        "ASIN": "B0BPJ516Y4",
        "title": "THAYERS Milky Hydrating Face Cleanser with Snow Mushroom and Hyaluronic Acid, Dermatologist Recommended Gentle Facial Wash and Hydrating Skincare for Dry and Sensitive Skin, Paraben Free, 8 FL Oz",
        "price": "$13.98 ($1.75 / Fl Oz)",
        "listPrice": "$14.99 ($1.87 / Fl Oz)",
        "imageUrl": "https://m.media-amazon.com/images/I/41f8u3UQXQL._SL160_.jpg",
        "detailPageURL": "https://www.amazon.com/dp/B0BPJ516Y4",
        "rating": "4.6",
        "totalReviews": "1231",
        "subtitle": "THAYERS",
        "isPrimeEligible": "1"
    },
    {
        "ASIN": "B078VTKKV1",
        "title": "TATCHA The Deep Cleanse | Deep, Gentle Exfoliating Cleanser, Lifts Dirt, Minimizes Excess Oil & Unclogs & Tightens Pores, 150 ml | 5 oz",
        "price": "$40.00 ($8.00 / Ounce)",
        "listPrice": "",
        "imageUrl": "https://m.media-amazon.com/images/I/21i9a-Vk1pL._SL160_.jpg",
        "detailPageURL": "https://www.amazon.com/dp/B078VTKKV1",
        "rating": "4.7",
        "totalReviews": "2353",
        "subtitle": "",
        "isPrimeEligible": "1"
    },
    {
        "ASIN": "B0026TOCK2",
        "title": "iS CLINICAL Cleansing Complex, 3in1 Gentle deep pore cleanser Face Wash and Makeup remover. Helps acne and blemish-prone skin",
        "price": "$45.00 ($7.50 / Fl Oz)",
        "listPrice": "",
        "imageUrl": "https://m.media-amazon.com/images/I/31NSiRXG1eL._SL160_.jpg",
        "detailPageURL": "https://www.amazon.com/dp/B0026TOCK2",
        "rating": "4.6",
        "totalReviews": "2157",
        "subtitle": "",
        "isPrimeEligible": "1"
    },
    {
        "ASIN": "B00T58BLJ2",
        "title": "IMAGE Skincare, CLEAR CELL Salicylic Gel Cleanser, Gentle Foaming Face Wash Removes Excess Oil and Shine for Oily Prone Skin, 6 oz",
        "price": "$36.00 ($6.00 / Fl Oz)",
        "listPrice": "",
        "imageUrl": "https://m.media-amazon.com/images/I/21ksnKgVasL._SL160_.jpg",
        "detailPageURL": "https://www.amazon.com/dp/B00T58BLJ2",
        "rating": "4.7",
        "totalReviews": "1127",
        "subtitle": "",
        "isPrimeEligible": "1"
    },
    {
        "ASIN": "B0C87JTLCJ",
        "title": "Pond's Clear Solution, Foaming Face Wash, Removes Excess Oil, Face Cleanser, 3-Pack of 1.07 Fl Oz Each",
        "price": "$3.89",
        "listPrice": "",
        "imageUrl": "https://m.media-amazon.com/images/I/41PiUdtrqbL._SL160_.jpg",
        "detailPageURL": "https://www.amazon.com/dp/B0C87JTLCJ",
        "rating": "4.8",
        "totalReviews": "6",
        "subtitle": "Pond's",
        "isPrimeEligible": "1"
    },
    {
        "ASIN": "B085S7NDYK",
        "title": "Neutrogena Ultra Gentle Foaming Facial Cleanser, Hydrating Face Wash for Sensitive Skin, Gently Cleanses Face Without Over Drying, Oil-Free, Soap-Free, 5.8 fl. oz",
        "price": "$5.18 ($0.89 / Fl Oz)",
        "listPrice": "$6.09 ($1.05 / Fl Oz)",
        "imageUrl": "https://m.media-amazon.com/images/I/317Bdmsqp2L._SL160_.jpg",
        "detailPageURL": "https://www.amazon.com/dp/B085S7NDYK",
        "rating": "4.5",
        "totalReviews": "7114",
        "subtitle": "Neutrogena",
        "isPrimeEligible": "1"
    },
    {
        "ASIN": "B000NWDSAE",
        "title": "Neutrogena Oil-Free Acne Face Scrub, 2% Salicylic Acid Acne Treatment Medicine, Daily Face Wash to help Prevent Breakouts, Oil Free Exfoliating Facial Cleanser for Acne-Prone Skin, 4.2 fl. oz",
        "price": "$7.98 ($1.89 / Fl Oz)",
        "listPrice": "$10.79 ($2.56 / Fl Oz)",
        "imageUrl": "https://m.media-amazon.com/images/I/41X+HuMzv9L._SL160_.jpg",
        "detailPageURL": "https://www.amazon.com/dp/B000NWDSAE",
        "rating": "4.6",
        "totalReviews": "10840",
        "subtitle": "Neutrogena",
        "isPrimeEligible": "1"
    },
    {
        "ASIN": "B000052ZB5",
        "title": "Neutrogena Deep Clean Daily Facial Cream Cleanser with Beta Hydroxy Acid to Remove Dirt, Oil & Makeup, Alcohol-Free, Oil-Free & Non-Comedogenic, 7 fl. oz",
        "price": "$5.74 ($0.82 / Fl Oz)",
        "listPrice": "$8.09 ($1.16 / Fl Oz)",
        "imageUrl": "https://m.media-amazon.com/images/I/31ItNDNYdIL._SL160_.jpg",
        "detailPageURL": "https://www.amazon.com/dp/B000052ZB5",
        "rating": "4.6",
        "totalReviews": "2561",
        "subtitle": "Neutrogena",
        "isPrimeEligible": "1"
    },
    {
        "ASIN": "B085S7FZTM",
        "title": "Neutrogena Ultra Gentle Foaming and Hydrating Face Wash for Sensitive Skin, Gently Cleanses Without Over Drying, Oil-Free, Soap-Free, 16 fl. oz",
        "price": "$9.14 ($0.57 / Fl Oz)",
        "listPrice": "$14.59 ($0.91 / Fl Oz)",
        "imageUrl": "https://m.media-amazon.com/images/I/31bUf5ykZtL._SL160_.jpg",
        "detailPageURL": "https://www.amazon.com/dp/B085S7FZTM",
        "rating": "4.7",
        "totalReviews": "3741",
        "subtitle": "Neutrogena",
        "isPrimeEligible": "1"
    },
    {
        "ASIN": "B0BPJ516Y4",
        "title": "THAYERS Milky Hydrating Face Cleanser with Snow Mushroom and Hyaluronic Acid, Dermatologist Recommended Gentle Facial Wash and Hydrating Skincare for Dry and Sensitive Skin, Paraben Free, 8 FL Oz",
        "price": "$13.98 ($1.75 / Fl Oz)",
        "listPrice": "$14.99 ($1.87 / Fl Oz)",
        "imageUrl": "https://m.media-amazon.com/images/I/41f8u3UQXQL._SL160_.jpg",
        "detailPageURL": "https://www.amazon.com/dp/B0BPJ516Y4",
        "rating": "4.6",
        "totalReviews": "1231",
        "subtitle": "THAYERS",
        "isPrimeEligible": "1"
    },
    {
        "ASIN": "B078VTKKV1",
        "title": "TATCHA The Deep Cleanse | Deep, Gentle Exfoliating Cleanser, Lifts Dirt, Minimizes Excess Oil & Unclogs & Tightens Pores, 150 ml | 5 oz",
        "price": "$40.00 ($8.00 / Ounce)",
        "listPrice": "",
        "imageUrl": "https://m.media-amazon.com/images/I/21i9a-Vk1pL._SL160_.jpg",
        "detailPageURL": "https://www.amazon.com/dp/B078VTKKV1",
        "rating": "4.7",
        "totalReviews": "2353",
        "subtitle": "",
        "isPrimeEligible": "1"
    },
    {
        "ASIN": "B0026TOCK2",
        "title": "iS CLINICAL Cleansing Complex, 3in1 Gentle deep pore cleanser Face Wash and Makeup remover. Helps acne and blemish-prone skin",
        "price": "$45.00 ($7.50 / Fl Oz)",
        "listPrice": "",
        "imageUrl": "https://m.media-amazon.com/images/I/31NSiRXG1eL._SL160_.jpg",
        "detailPageURL": "https://www.amazon.com/dp/B0026TOCK2",
        "rating": "4.6",
        "totalReviews": "2157",
        "subtitle": "",
        "isPrimeEligible": "1"
    },
    {
        "ASIN": "B00T58BLJ2",
        "title": "IMAGE Skincare, CLEAR CELL Salicylic Gel Cleanser, Gentle Foaming Face Wash Removes Excess Oil and Shine for Oily Prone Skin, 6 oz",
        "price": "$36.00 ($6.00 / Fl Oz)",
        "listPrice": "",
        "imageUrl": "https://m.media-amazon.com/images/I/21ksnKgVasL._SL160_.jpg",
        "detailPageURL": "https://www.amazon.com/dp/B00T58BLJ2",
        "rating": "4.7",
        "totalReviews": "1127",
        "subtitle": "",
        "isPrimeEligible": "1"
    },
    {
        "ASIN": "B0C87JTLCJ",
        "title": "Pond's Clear Solution, Foaming Face Wash, Removes Excess Oil, Face Cleanser, 3-Pack of 1.07 Fl Oz Each",
        "price": "$3.89",
        "listPrice": "",
        "imageUrl": "https://m.media-amazon.com/images/I/41PiUdtrqbL._SL160_.jpg",
        "detailPageURL": "https://www.amazon.com/dp/B0C87JTLCJ",
        "rating": "4.8",
        "totalReviews": "6",
        "subtitle": "Pond's",
        "isPrimeEligible": "1"
    },
    {
        "ASIN": "B085S7NDYK",
        "title": "Neutrogena Ultra Gentle Foaming Facial Cleanser, Hydrating Face Wash for Sensitive Skin, Gently Cleanses Face Without Over Drying, Oil-Free, Soap-Free, 5.8 fl. oz",
        "price": "$5.18 ($0.89 / Fl Oz)",
        "listPrice": "$6.09 ($1.05 / Fl Oz)",
        "imageUrl": "https://m.media-amazon.com/images/I/317Bdmsqp2L._SL160_.jpg",
        "detailPageURL": "https://www.amazon.com/dp/B085S7NDYK",
        "rating": "4.5",
        "totalReviews": "7114",
        "subtitle": "Neutrogena",
        "isPrimeEligible": "1"
    },
    {
        "ASIN": "B000NWDSAE",
        "title": "Neutrogena Oil-Free Acne Face Scrub, 2% Salicylic Acid Acne Treatment Medicine, Daily Face Wash to help Prevent Breakouts, Oil Free Exfoliating Facial Cleanser for Acne-Prone Skin, 4.2 fl. oz",
        "price": "$7.98 ($1.89 / Fl Oz)",
        "listPrice": "$10.79 ($2.56 / Fl Oz)",
        "imageUrl": "https://m.media-amazon.com/images/I/41X+HuMzv9L._SL160_.jpg",
        "detailPageURL": "https://www.amazon.com/dp/B000NWDSAE",
        "rating": "4.6",
        "totalReviews": "10840",
        "subtitle": "Neutrogena",
        "isPrimeEligible": "1"
    },
    {
        "ASIN": "B07F458BRP",
        "title": "Honest Beauty Gentle Gel Cleanser with Chamomile & Calendula Extracts, Sulfate and Paraben Free, 5.0 Fl Oz",
        "price": "$12.78 ($2.56 / Fl Oz)",
        "listPrice": "$14.99 ($3.00 / Fl Oz)",
        "imageUrl": "https://m.media-amazon.com/images/I/21SNUluk5KL._SL160_.jpg",
        "detailPageURL": "https://www.amazon.com/dp/B07F458BRP",
        "rating": "4.6",
        "totalReviews": "3892",
        "subtitle": "Honest Beauty",
        "isPrimeEligible": "1"
    },
    {
        "ASIN": "B085S7FZTM",
        "title": "Neutrogena Ultra Gentle Foaming and Hydrating Face Wash for Sensitive Skin, Gently Cleanses Without Over Drying, Oil-Free, Soap-Free, 16 fl. oz",
        "price": "$9.14 ($0.57 / Fl Oz)",
        "listPrice": "$14.59 ($0.91 / Fl Oz)",
        "imageUrl": "https://m.media-amazon.com/images/I/31bUf5ykZtL._SL160_.jpg",
        "detailPageURL": "https://www.amazon.com/dp/B085S7FZTM",
        "rating": "4.7",
        "totalReviews": "3741",
        "subtitle": "Neutrogena",
        "isPrimeEligible": "1"
    },
    {
        "ASIN": "B0BPJ516Y4",
        "title": "THAYERS Milky Hydrating Face Cleanser with Snow Mushroom and Hyaluronic Acid, Dermatologist Recommended Gentle Facial Wash and Hydrating Skincare for Dry and Sensitive Skin, Paraben Free, 8 FL Oz",
        "price": "$13.98 ($1.75 / Fl Oz)",
        "listPrice": "$14.99 ($1.87 / Fl Oz)",
        "imageUrl": "https://m.media-amazon.com/images/I/41f8u3UQXQL._SL160_.jpg",
        "detailPageURL": "https://www.amazon.com/dp/B0BPJ516Y4",
        "rating": "4.6",
        "totalReviews": "1231",
        "subtitle": "THAYERS",
        "isPrimeEligible": "1"
    },
    {
        "ASIN": "B078VTKKV1",
        "title": "TATCHA The Deep Cleanse | Deep, Gentle Exfoliating Cleanser, Lifts Dirt, Minimizes Excess Oil & Unclogs & Tightens Pores, 150 ml | 5 oz",
        "price": "$40.00 ($8.00 / Ounce)",
        "listPrice": "",
        "imageUrl": "https://m.media-amazon.com/images/I/21i9a-Vk1pL._SL160_.jpg",
        "detailPageURL": "https://www.amazon.com/dp/B078VTKKV1",
        "rating": "4.7",
        "totalReviews": "2353",
        "subtitle": "",
        "isPrimeEligible": "1"
    },
    {
        "ASIN": "B0026TOCK2",
        "title": "iS CLINICAL Cleansing Complex, 3in1 Gentle deep pore cleanser Face Wash and Makeup remover. Helps acne and blemish-prone skin",
        "price": "$45.00 ($7.50 / Fl Oz)",
        "listPrice": "",
        "imageUrl": "https://m.media-amazon.com/images/I/31NSiRXG1eL._SL160_.jpg",
        "detailPageURL": "https://www.amazon.com/dp/B0026TOCK2",
        "rating": "4.6",
        "totalReviews": "2157",
        "subtitle": "",
        "isPrimeEligible": "1"
    },
    {
        "ASIN": "B00T58BLJ2",
        "title": "IMAGE Skincare, CLEAR CELL Salicylic Gel Cleanser, Gentle Foaming Face Wash Removes Excess Oil and Shine for Oily Prone Skin, 6 oz",
        "price": "$36.00 ($6.00 / Fl Oz)",
        "listPrice": "",
        "imageUrl": "https://m.media-amazon.com/images/I/21ksnKgVasL._SL160_.jpg",
        "detailPageURL": "https://www.amazon.com/dp/B00T58BLJ2",
        "rating": "4.7",
        "totalReviews": "1127",
        "subtitle": "",
        "isPrimeEligible": "1"
    },
    {
        "ASIN": "B0C87JTLCJ",
        "title": "Pond's Clear Solution, Foaming Face Wash, Removes Excess Oil, Face Cleanser, 3-Pack of 1.07 Fl Oz Each",
        "price": "$3.89",
        "listPrice": "",
        "imageUrl": "https://m.media-amazon.com/images/I/41PiUdtrqbL._SL160_.jpg",
        "detailPageURL": "https://www.amazon.com/dp/B0C87JTLCJ",
        "rating": "4.8",
        "totalReviews": "6",
        "subtitle": "Pond's",
        "isPrimeEligible": "1"
    },
    {
        "ASIN": "B085S7NDYK",
        "title": "Neutrogena Ultra Gentle Foaming Facial Cleanser, Hydrating Face Wash for Sensitive Skin, Gently Cleanses Face Without Over Drying, Oil-Free, Soap-Free, 5.8 fl. oz",
        "price": "$5.18 ($0.89 / Fl Oz)",
        "listPrice": "$6.09 ($1.05 / Fl Oz)",
        "imageUrl": "https://m.media-amazon.com/images/I/317Bdmsqp2L._SL160_.jpg",
        "detailPageURL": "https://www.amazon.com/dp/B085S7NDYK",
        "rating": "4.5",
        "totalReviews": "7114",
        "subtitle": "Neutrogena",
        "isPrimeEligible": "1"
    },
    {
        "ASIN": "B000NWDSAE",
        "title": "Neutrogena Oil-Free Acne Face Scrub, 2% Salicylic Acid Acne Treatment Medicine, Daily Face Wash to help Prevent Breakouts, Oil Free Exfoliating Facial Cleanser for Acne-Prone Skin, 4.2 fl. oz",
        "price": "$7.98 ($1.89 / Fl Oz)",
        "listPrice": "$10.79 ($2.56 / Fl Oz)",
        "imageUrl": "https://m.media-amazon.com/images/I/41X+HuMzv9L._SL160_.jpg",
        "detailPageURL": "https://www.amazon.com/dp/B000NWDSAE",
        "rating": "4.6",
        "totalReviews": "10840",
        "subtitle": "Neutrogena",
        "isPrimeEligible": "1"
    },
    {
        "ASIN": "B07F458BRP",
        "title": "Honest Beauty Gentle Gel Cleanser with Chamomile & Calendula Extracts, Sulfate and Paraben Free, 5.0 Fl Oz",
        "price": "$12.78 ($2.56 / Fl Oz)",
        "listPrice": "$14.99 ($3.00 / Fl Oz)",
        "imageUrl": "https://m.media-amazon.com/images/I/21SNUluk5KL._SL160_.jpg",
        "detailPageURL": "https://www.amazon.com/dp/B07F458BRP",
        "rating": "4.6",
        "totalReviews": "3892",
        "subtitle": "Honest Beauty",
        "isPrimeEligible": "1"
    },
    {
        "ASIN": "B01N5K834V",
        "title": "ma:nyo Pure Cleansing Oil Korean Facial Cleanser, Blackhead Melting, Daily Makeup Removal with Argan Oil, for Women Korean Skin care 6.7 fl oz",
        "price": "$29.00 ($4.33 / Fl Oz)",
        "listPrice": "",
        "imageUrl": "https://m.media-amazon.com/images/I/31YhVCgrgsL._SL160_.jpg",
        "detailPageURL": "https://www.amazon.com/dp/B01N5K834V",
        "rating": "4.6",
        "totalReviews": "2851",
        "subtitle": "ma:nyo",
        "isPrimeEligible": "1"
    },
    {
        "ASIN": "B0BPJ516Y4",
        "title": "THAYERS Milky Hydrating Face Cleanser with Snow Mushroom and Hyaluronic Acid, Dermatologist Recommended Gentle Facial Wash and Hydrating Skincare for Dry and Sensitive Skin, Paraben Free, 8 FL Oz",
        "price": "$13.98 ($1.75 / Fl Oz)",
        "listPrice": "$14.99 ($1.87 / Fl Oz)",
        "imageUrl": "https://m.media-amazon.com/images/I/41f8u3UQXQL._SL160_.jpg",
        "detailPageURL": "https://www.amazon.com/dp/B0BPJ516Y4",
        "rating": "4.6",
        "totalReviews": "1231",
        "subtitle": "THAYERS",
        "isPrimeEligible": "1"
    },
    {
        "ASIN": "B078VTKKV1",
        "title": "TATCHA The Deep Cleanse | Deep, Gentle Exfoliating Cleanser, Lifts Dirt, Minimizes Excess Oil & Unclogs & Tightens Pores, 150 ml | 5 oz",
        "price": "$40.00 ($8.00 / Ounce)",
        "listPrice": "",
        "imageUrl": "https://m.media-amazon.com/images/I/21i9a-Vk1pL._SL160_.jpg",
        "detailPageURL": "https://www.amazon.com/dp/B078VTKKV1",
        "rating": "4.7",
        "totalReviews": "2353",
        "subtitle": "",
        "isPrimeEligible": "1"
    },
    {
        "ASIN": "B0026TOCK2",
        "title": "iS CLINICAL Cleansing Complex, 3in1 Gentle deep pore cleanser Face Wash and Makeup remover. Helps acne and blemish-prone skin",
        "price": "$45.00 ($7.50 / Fl Oz)",
        "listPrice": "",
        "imageUrl": "https://m.media-amazon.com/images/I/31NSiRXG1eL._SL160_.jpg",
        "detailPageURL": "https://www.amazon.com/dp/B0026TOCK2",
        "rating": "4.6",
        "totalReviews": "2157",
        "subtitle": "",
        "isPrimeEligible": "1"
    },
    {
        "ASIN": "B00T58BLJ2",
        "title": "IMAGE Skincare, CLEAR CELL Salicylic Gel Cleanser, Gentle Foaming Face Wash Removes Excess Oil and Shine for Oily Prone Skin, 6 oz",
        "price": "$36.00 ($6.00 / Fl Oz)",
        "listPrice": "",
        "imageUrl": "https://m.media-amazon.com/images/I/21ksnKgVasL._SL160_.jpg",
        "detailPageURL": "https://www.amazon.com/dp/B00T58BLJ2",
        "rating": "4.7",
        "totalReviews": "1127",
        "subtitle": "",
        "isPrimeEligible": "1"
    },
    {
        "ASIN": "B0C87JTLCJ",
        "title": "Pond's Clear Solution, Foaming Face Wash, Removes Excess Oil, Face Cleanser, 3-Pack of 1.07 Fl Oz Each",
        "price": "$3.89",
        "listPrice": "",
        "imageUrl": "https://m.media-amazon.com/images/I/41PiUdtrqbL._SL160_.jpg",
        "detailPageURL": "https://www.amazon.com/dp/B0C87JTLCJ",
        "rating": "4.8",
        "totalReviews": "6",
        "subtitle": "Pond's",
        "isPrimeEligible": "1"
    },
    {
        "ASIN": "B085S7NDYK",
        "title": "Neutrogena Ultra Gentle Foaming Facial Cleanser, Hydrating Face Wash for Sensitive Skin, Gently Cleanses Face Without Over Drying, Oil-Free, Soap-Free, 5.8 fl. oz",
        "price": "$5.18 ($0.89 / Fl Oz)",
        "listPrice": "$6.09 ($1.05 / Fl Oz)",
        "imageUrl": "https://m.media-amazon.com/images/I/317Bdmsqp2L._SL160_.jpg",
        "detailPageURL": "https://www.amazon.com/dp/B085S7NDYK",
        "rating": "4.5",
        "totalReviews": "7114",
        "subtitle": "Neutrogena",
        "isPrimeEligible": "1"
    },
    {
        "ASIN": "B000NWDSAE",
        "title": "Neutrogena Oil-Free Acne Face Scrub, 2% Salicylic Acid Acne Treatment Medicine, Daily Face Wash to help Prevent Breakouts, Oil Free Exfoliating Facial Cleanser for Acne-Prone Skin, 4.2 fl. oz",
        "price": "$7.98 ($1.89 / Fl Oz)",
        "listPrice": "$10.79 ($2.56 / Fl Oz)",
        "imageUrl": "https://m.media-amazon.com/images/I/41X+HuMzv9L._SL160_.jpg",
        "detailPageURL": "https://www.amazon.com/dp/B000NWDSAE",
        "rating": "4.6",
        "totalReviews": "10840",
        "subtitle": "Neutrogena",
        "isPrimeEligible": "1"
    },
    {
        "ASIN": "B07F458BRP",
        "title": "Honest Beauty Gentle Gel Cleanser with Chamomile & Calendula Extracts, Sulfate and Paraben Free, 5.0 Fl Oz",
        "price": "$12.78 ($2.56 / Fl Oz)",
        "listPrice": "$14.99 ($3.00 / Fl Oz)",
        "imageUrl": "https://m.media-amazon.com/images/I/21SNUluk5KL._SL160_.jpg",
        "detailPageURL": "https://www.amazon.com/dp/B07F458BRP",
        "rating": "4.6",
        "totalReviews": "3892",
        "subtitle": "Honest Beauty",
        "isPrimeEligible": "1"
    },
    {
        "ASIN": "B01N5K834V",
        "title": "ma:nyo Pure Cleansing Oil Korean Facial Cleanser, Blackhead Melting, Daily Makeup Removal with Argan Oil, for Women Korean Skin care 6.7 fl oz",
        "price": "$29.00 ($4.33 / Fl Oz)",
        "listPrice": "",
        "imageUrl": "https://m.media-amazon.com/images/I/31YhVCgrgsL._SL160_.jpg",
        "detailPageURL": "https://www.amazon.com/dp/B01N5K834V",
        "rating": "4.6",
        "totalReviews": "2851",
        "subtitle": "ma:nyo",
        "isPrimeEligible": "1"
    },
    {
        "ASIN": "B07S472V7D",
        "title": "ZO Skin Health Gentle Cleanser 6.7 Fl. Oz.",
        "price": "$36.90 ($5.51 / Fl Oz)",
        "listPrice": "$40.97 ($6.11 / Fl Oz)",
        "imageUrl": "https://m.media-amazon.com/images/I/31DYdcJ0dCL._SL160_.jpg",
        "detailPageURL": "https://www.amazon.com/dp/B07S472V7D",
        "rating": "4.7",
        "totalReviews": "606",
        "subtitle": "ZO SKIN HEALTH",
        "isPrimeEligible": "1"
    },
    {
        "ASIN": "B078VTKKV1",
        "title": "TATCHA The Deep Cleanse | Deep, Gentle Exfoliating Cleanser, Lifts Dirt, Minimizes Excess Oil & Unclogs & Tightens Pores, 150 ml | 5 oz",
        "price": "$40.00 ($8.00 / Ounce)",
        "listPrice": "",
        "imageUrl": "https://m.media-amazon.com/images/I/21i9a-Vk1pL._SL160_.jpg",
        "detailPageURL": "https://www.amazon.com/dp/B078VTKKV1",
        "rating": "4.7",
        "totalReviews": "2353",
        "subtitle": "",
        "isPrimeEligible": "1"
    },
    {
        "ASIN": "B0026TOCK2",
        "title": "iS CLINICAL Cleansing Complex, 3in1 Gentle deep pore cleanser Face Wash and Makeup remover. Helps acne and blemish-prone skin",
        "price": "$45.00 ($7.50 / Fl Oz)",
        "listPrice": "",
        "imageUrl": "https://m.media-amazon.com/images/I/31NSiRXG1eL._SL160_.jpg",
        "detailPageURL": "https://www.amazon.com/dp/B0026TOCK2",
        "rating": "4.6",
        "totalReviews": "2157",
        "subtitle": "",
        "isPrimeEligible": "1"
    },
    {
        "ASIN": "B00T58BLJ2",
        "title": "IMAGE Skincare, CLEAR CELL Salicylic Gel Cleanser, Gentle Foaming Face Wash Removes Excess Oil and Shine for Oily Prone Skin, 6 oz",
        "price": "$36.00 ($6.00 / Fl Oz)",
        "listPrice": "",
        "imageUrl": "https://m.media-amazon.com/images/I/21ksnKgVasL._SL160_.jpg",
        "detailPageURL": "https://www.amazon.com/dp/B00T58BLJ2",
        "rating": "4.7",
        "totalReviews": "1127",
        "subtitle": "",
        "isPrimeEligible": "1"
    },
    {
        "ASIN": "B0C87JTLCJ",
        "title": "Pond's Clear Solution, Foaming Face Wash, Removes Excess Oil, Face Cleanser, 3-Pack of 1.07 Fl Oz Each",
        "price": "$3.89",
        "listPrice": "",
        "imageUrl": "https://m.media-amazon.com/images/I/41PiUdtrqbL._SL160_.jpg",
        "detailPageURL": "https://www.amazon.com/dp/B0C87JTLCJ",
        "rating": "4.8",
        "totalReviews": "6",
        "subtitle": "Pond's",
        "isPrimeEligible": "1"
    },
    {
        "ASIN": "B085S7NDYK",
        "title": "Neutrogena Ultra Gentle Foaming Facial Cleanser, Hydrating Face Wash for Sensitive Skin, Gently Cleanses Face Without Over Drying, Oil-Free, Soap-Free, 5.8 fl. oz",
        "price": "$5.18 ($0.89 / Fl Oz)",
        "listPrice": "$6.09 ($1.05 / Fl Oz)",
        "imageUrl": "https://m.media-amazon.com/images/I/317Bdmsqp2L._SL160_.jpg",
        "detailPageURL": "https://www.amazon.com/dp/B085S7NDYK",
        "rating": "4.5",
        "totalReviews": "7114",
        "subtitle": "Neutrogena",
        "isPrimeEligible": "1"
    },
    {
        "ASIN": "B000NWDSAE",
        "title": "Neutrogena Oil-Free Acne Face Scrub, 2% Salicylic Acid Acne Treatment Medicine, Daily Face Wash to help Prevent Breakouts, Oil Free Exfoliating Facial Cleanser for Acne-Prone Skin, 4.2 fl. oz",
        "price": "$7.98 ($1.89 / Fl Oz)",
        "listPrice": "$10.79 ($2.56 / Fl Oz)",
        "imageUrl": "https://m.media-amazon.com/images/I/41X+HuMzv9L._SL160_.jpg",
        "detailPageURL": "https://www.amazon.com/dp/B000NWDSAE",
        "rating": "4.6",
        "totalReviews": "10840",
        "subtitle": "Neutrogena",
        "isPrimeEligible": "1"
    },
    {
        "ASIN": "B07F458BRP",
        "title": "Honest Beauty Gentle Gel Cleanser with Chamomile & Calendula Extracts, Sulfate and Paraben Free, 5.0 Fl Oz",
        "price": "$12.78 ($2.56 / Fl Oz)",
        "listPrice": "$14.99 ($3.00 / Fl Oz)",
        "imageUrl": "https://m.media-amazon.com/images/I/21SNUluk5KL._SL160_.jpg",
        "detailPageURL": "https://www.amazon.com/dp/B07F458BRP",
        "rating": "4.6",
        "totalReviews": "3892",
        "subtitle": "Honest Beauty",
        "isPrimeEligible": "1"
    },
    {
        "ASIN": "B01N5K834V",
        "title": "ma:nyo Pure Cleansing Oil Korean Facial Cleanser, Blackhead Melting, Daily Makeup Removal with Argan Oil, for Women Korean Skin care 6.7 fl oz",
        "price": "$29.00 ($4.33 / Fl Oz)",
        "listPrice": "",
        "imageUrl": "https://m.media-amazon.com/images/I/31YhVCgrgsL._SL160_.jpg",
        "detailPageURL": "https://www.amazon.com/dp/B01N5K834V",
        "rating": "4.6",
        "totalReviews": "2851",
        "subtitle": "ma:nyo",
        "isPrimeEligible": "1"
    },
    {
        "ASIN": "B07S472V7D",
        "title": "ZO Skin Health Gentle Cleanser 6.7 Fl. Oz.",
        "price": "$36.90 ($5.51 / Fl Oz)",
        "listPrice": "$40.97 ($6.11 / Fl Oz)",
        "imageUrl": "https://m.media-amazon.com/images/I/31DYdcJ0dCL._SL160_.jpg",
        "detailPageURL": "https://www.amazon.com/dp/B07S472V7D",
        "rating": "4.7",
        "totalReviews": "606",
        "subtitle": "ZO SKIN HEALTH",
        "isPrimeEligible": "1"
    },
    {
        "ASIN": "B01MQG6S6V",
        "title": "Lanc\u00f4me\u200b Cr\u00e9me Radiance Cream-to-Foam Face Cleanser - Gently Cleanses Skin & Removes Makeup - With Rose & Lotus Flower Extract - 4.2 Fl Oz",
        "price": "$34.00 ($8.10 / Fl Oz)",
        "listPrice": "",
        "imageUrl": "https://m.media-amazon.com/images/I/31E2W7TxV0L._SL160_.jpg",
        "detailPageURL": "https://www.amazon.com/dp/B01MQG6S6V",
        "rating": "4.8",
        "totalReviews": "984",
        "subtitle": "",
        "isPrimeEligible": "1"
    },
    {
        "ASIN": "B0026TOCK2",
        "title": "iS CLINICAL Cleansing Complex, 3in1 Gentle deep pore cleanser Face Wash and Makeup remover. Helps acne and blemish-prone skin",
        "price": "$45.00 ($7.50 / Fl Oz)",
        "listPrice": "",
        "imageUrl": "https://m.media-amazon.com/images/I/31NSiRXG1eL._SL160_.jpg",
        "detailPageURL": "https://www.amazon.com/dp/B0026TOCK2",
        "rating": "4.6",
        "totalReviews": "2157",
        "subtitle": "",
        "isPrimeEligible": "1"
    },
    {
        "ASIN": "B00T58BLJ2",
        "title": "IMAGE Skincare, CLEAR CELL Salicylic Gel Cleanser, Gentle Foaming Face Wash Removes Excess Oil and Shine for Oily Prone Skin, 6 oz",
        "price": "$36.00 ($6.00 / Fl Oz)",
        "listPrice": "",
        "imageUrl": "https://m.media-amazon.com/images/I/21ksnKgVasL._SL160_.jpg",
        "detailPageURL": "https://www.amazon.com/dp/B00T58BLJ2",
        "rating": "4.7",
        "totalReviews": "1127",
        "subtitle": "",
        "isPrimeEligible": "1"
    },
    {
        "ASIN": "B0C87JTLCJ",
        "title": "Pond's Clear Solution, Foaming Face Wash, Removes Excess Oil, Face Cleanser, 3-Pack of 1.07 Fl Oz Each",
        "price": "$3.89",
        "listPrice": "",
        "imageUrl": "https://m.media-amazon.com/images/I/41PiUdtrqbL._SL160_.jpg",
        "detailPageURL": "https://www.amazon.com/dp/B0C87JTLCJ",
        "rating": "4.8",
        "totalReviews": "6",
        "subtitle": "Pond's",
        "isPrimeEligible": "1"
    },
    {
        "ASIN": "B085S7NDYK",
        "title": "Neutrogena Ultra Gentle Foaming Facial Cleanser, Hydrating Face Wash for Sensitive Skin, Gently Cleanses Face Without Over Drying, Oil-Free, Soap-Free, 5.8 fl. oz",
        "price": "$5.18 ($0.89 / Fl Oz)",
        "listPrice": "$6.09 ($1.05 / Fl Oz)",
        "imageUrl": "https://m.media-amazon.com/images/I/317Bdmsqp2L._SL160_.jpg",
        "detailPageURL": "https://www.amazon.com/dp/B085S7NDYK",
        "rating": "4.5",
        "totalReviews": "7114",
        "subtitle": "Neutrogena",
        "isPrimeEligible": "1"
    },
    {
        "ASIN": "B000NWDSAE",
        "title": "Neutrogena Oil-Free Acne Face Scrub, 2% Salicylic Acid Acne Treatment Medicine, Daily Face Wash to help Prevent Breakouts, Oil Free Exfoliating Facial Cleanser for Acne-Prone Skin, 4.2 fl. oz",
        "price": "$7.98 ($1.89 / Fl Oz)",
        "listPrice": "$10.79 ($2.56 / Fl Oz)",
        "imageUrl": "https://m.media-amazon.com/images/I/41X+HuMzv9L._SL160_.jpg",
        "detailPageURL": "https://www.amazon.com/dp/B000NWDSAE",
        "rating": "4.6",
        "totalReviews": "10840",
        "subtitle": "Neutrogena",
        "isPrimeEligible": "1"
    },
    {
        "ASIN": "B07F458BRP",
        "title": "Honest Beauty Gentle Gel Cleanser with Chamomile & Calendula Extracts, Sulfate and Paraben Free, 5.0 Fl Oz",
        "price": "$12.78 ($2.56 / Fl Oz)",
        "listPrice": "$14.99 ($3.00 / Fl Oz)",
        "imageUrl": "https://m.media-amazon.com/images/I/21SNUluk5KL._SL160_.jpg",
        "detailPageURL": "https://www.amazon.com/dp/B07F458BRP",
        "rating": "4.6",
        "totalReviews": "3892",
        "subtitle": "Honest Beauty",
        "isPrimeEligible": "1"
    },
    {
        "ASIN": "B01N5K834V",
        "title": "ma:nyo Pure Cleansing Oil Korean Facial Cleanser, Blackhead Melting, Daily Makeup Removal with Argan Oil, for Women Korean Skin care 6.7 fl oz",
        "price": "$29.00 ($4.33 / Fl Oz)",
        "listPrice": "",
        "imageUrl": "https://m.media-amazon.com/images/I/31YhVCgrgsL._SL160_.jpg",
        "detailPageURL": "https://www.amazon.com/dp/B01N5K834V",
        "rating": "4.6",
        "totalReviews": "2851",
        "subtitle": "ma:nyo",
        "isPrimeEligible": "1"
    },
    {
        "ASIN": "B07S472V7D",
        "title": "ZO Skin Health Gentle Cleanser 6.7 Fl. Oz.",
        "price": "$36.90 ($5.51 / Fl Oz)",
        "listPrice": "$40.97 ($6.11 / Fl Oz)",
        "imageUrl": "https://m.media-amazon.com/images/I/31DYdcJ0dCL._SL160_.jpg",
        "detailPageURL": "https://www.amazon.com/dp/B07S472V7D",
        "rating": "4.7",
        "totalReviews": "606",
        "subtitle": "ZO SKIN HEALTH",
        "isPrimeEligible": "1"
    },
    {
        "ASIN": "B01MQG6S6V",
        "title": "Lanc\u00f4me\u200b Cr\u00e9me Radiance Cream-to-Foam Face Cleanser - Gently Cleanses Skin & Removes Makeup - With Rose & Lotus Flower Extract - 4.2 Fl Oz",
        "price": "$34.00 ($8.10 / Fl Oz)",
        "listPrice": "",
        "imageUrl": "https://m.media-amazon.com/images/I/31E2W7TxV0L._SL160_.jpg",
        "detailPageURL": "https://www.amazon.com/dp/B01MQG6S6V",
        "rating": "4.8",
        "totalReviews": "984",
        "subtitle": "",
        "isPrimeEligible": "1"
    },
    {
        "ASIN": "B09235WDY6",
        "title": "The INKEY List Fulvic Acid Brightening Cleanser, Gel Face Cleanser Gently Exfoliates and Removes Makeup, Improves Uneven Skin Tone, 5.07 fl oz",
        "price": "$11.99 ($2.36 / Fl Oz)",
        "listPrice": "",
        "imageUrl": "https://m.media-amazon.com/images/I/31L9QGBMi5L._SL160_.jpg",
        "detailPageURL": "https://www.amazon.com/dp/B09235WDY6",
        "rating": "4.3",
        "totalReviews": "559",
        "subtitle": "The INKEY List",
        "isPrimeEligible": "1"
    },
    {
        "ASIN": "B00T58BLJ2",
        "title": "IMAGE Skincare, CLEAR CELL Salicylic Gel Cleanser, Gentle Foaming Face Wash Removes Excess Oil and Shine for Oily Prone Skin, 6 oz",
        "price": "$36.00 ($6.00 / Fl Oz)",
        "listPrice": "",
        "imageUrl": "https://m.media-amazon.com/images/I/21ksnKgVasL._SL160_.jpg",
        "detailPageURL": "https://www.amazon.com/dp/B00T58BLJ2",
        "rating": "4.7",
        "totalReviews": "1127",
        "subtitle": "",
        "isPrimeEligible": "1"
    },
    {
        "ASIN": "B0C87JTLCJ",
        "title": "Pond's Clear Solution, Foaming Face Wash, Removes Excess Oil, Face Cleanser, 3-Pack of 1.07 Fl Oz Each",
        "price": "$3.89",
        "listPrice": "",
        "imageUrl": "https://m.media-amazon.com/images/I/41PiUdtrqbL._SL160_.jpg",
        "detailPageURL": "https://www.amazon.com/dp/B0C87JTLCJ",
        "rating": "4.8",
        "totalReviews": "6",
        "subtitle": "Pond's",
        "isPrimeEligible": "1"
    },
    {
        "ASIN": "B085S7NDYK",
        "title": "Neutrogena Ultra Gentle Foaming Facial Cleanser, Hydrating Face Wash for Sensitive Skin, Gently Cleanses Face Without Over Drying, Oil-Free, Soap-Free, 5.8 fl. oz",
        "price": "$5.18 ($0.89 / Fl Oz)",
        "listPrice": "$6.09 ($1.05 / Fl Oz)",
        "imageUrl": "https://m.media-amazon.com/images/I/317Bdmsqp2L._SL160_.jpg",
        "detailPageURL": "https://www.amazon.com/dp/B085S7NDYK",
        "rating": "4.5",
        "totalReviews": "7114",
        "subtitle": "Neutrogena",
        "isPrimeEligible": "1"
    },
    {
        "ASIN": "B000NWDSAE",
        "title": "Neutrogena Oil-Free Acne Face Scrub, 2% Salicylic Acid Acne Treatment Medicine, Daily Face Wash to help Prevent Breakouts, Oil Free Exfoliating Facial Cleanser for Acne-Prone Skin, 4.2 fl. oz",
        "price": "$7.98 ($1.89 / Fl Oz)",
        "listPrice": "$10.79 ($2.56 / Fl Oz)",
        "imageUrl": "https://m.media-amazon.com/images/I/41X+HuMzv9L._SL160_.jpg",
        "detailPageURL": "https://www.amazon.com/dp/B000NWDSAE",
        "rating": "4.6",
        "totalReviews": "10840",
        "subtitle": "Neutrogena",
        "isPrimeEligible": "1"
    },
    {
        "ASIN": "B07F458BRP",
        "title": "Honest Beauty Gentle Gel Cleanser with Chamomile & Calendula Extracts, Sulfate and Paraben Free, 5.0 Fl Oz",
        "price": "$12.78 ($2.56 / Fl Oz)",
        "listPrice": "$14.99 ($3.00 / Fl Oz)",
        "imageUrl": "https://m.media-amazon.com/images/I/21SNUluk5KL._SL160_.jpg",
        "detailPageURL": "https://www.amazon.com/dp/B07F458BRP",
        "rating": "4.6",
        "totalReviews": "3892",
        "subtitle": "Honest Beauty",
        "isPrimeEligible": "1"
    },
    {
        "ASIN": "B01N5K834V",
        "title": "ma:nyo Pure Cleansing Oil Korean Facial Cleanser, Blackhead Melting, Daily Makeup Removal with Argan Oil, for Women Korean Skin care 6.7 fl oz",
        "price": "$29.00 ($4.33 / Fl Oz)",
        "listPrice": "",
        "imageUrl": "https://m.media-amazon.com/images/I/31YhVCgrgsL._SL160_.jpg",
        "detailPageURL": "https://www.amazon.com/dp/B01N5K834V",
        "rating": "4.6",
        "totalReviews": "2851",
        "subtitle": "ma:nyo",
        "isPrimeEligible": "1"
    },
    {
        "ASIN": "B07S472V7D",
        "title": "ZO Skin Health Gentle Cleanser 6.7 Fl. Oz.",
        "price": "$36.90 ($5.51 / Fl Oz)",
        "listPrice": "$40.97 ($6.11 / Fl Oz)",
        "imageUrl": "https://m.media-amazon.com/images/I/31DYdcJ0dCL._SL160_.jpg",
        "detailPageURL": "https://www.amazon.com/dp/B07S472V7D",
        "rating": "4.7",
        "totalReviews": "606",
        "subtitle": "ZO SKIN HEALTH",
        "isPrimeEligible": "1"
    },
    {
        "ASIN": "B01MQG6S6V",
        "title": "Lanc\u00f4me\u200b Cr\u00e9me Radiance Cream-to-Foam Face Cleanser - Gently Cleanses Skin & Removes Makeup - With Rose & Lotus Flower Extract - 4.2 Fl Oz",
        "price": "$34.00 ($8.10 / Fl Oz)",
        "listPrice": "",
        "imageUrl": "https://m.media-amazon.com/images/I/31E2W7TxV0L._SL160_.jpg",
        "detailPageURL": "https://www.amazon.com/dp/B01MQG6S6V",
        "rating": "4.8",
        "totalReviews": "984",
        "subtitle": "",
        "isPrimeEligible": "1"
    },
    {
        "ASIN": "B09235WDY6",
        "title": "The INKEY List Fulvic Acid Brightening Cleanser, Gel Face Cleanser Gently Exfoliates and Removes Makeup, Improves Uneven Skin Tone, 5.07 fl oz",
        "price": "$11.99 ($2.36 / Fl Oz)",
        "listPrice": "",
        "imageUrl": "https://m.media-amazon.com/images/I/31L9QGBMi5L._SL160_.jpg",
        "detailPageURL": "https://www.amazon.com/dp/B09235WDY6",
        "rating": "4.3",
        "totalReviews": "559",
        "subtitle": "The INKEY List",
        "isPrimeEligible": "1"
    },
    {
        "ASIN": "B08XM8LZ2V",
        "title": "TATCHA The Rice Wash | Soft Cream Cleanser Washes Away Buildup Without Stripping Skin For A Soft, Luminous Complexion | 4 oz",
        "price": "$40.00 ($10.00 / Fl Oz)",
        "listPrice": "",
        "imageUrl": "https://m.media-amazon.com/images/I/21W1v6Nl96S._SL160_.jpg",
        "detailPageURL": "https://www.amazon.com/dp/B08XM8LZ2V",
        "rating": "4.7",
        "totalReviews": "1926",
        "subtitle": "",
        "isPrimeEligible": "1"
    },
    {
        "ASIN": "B0C87JTLCJ",
        "title": "Pond's Clear Solution, Foaming Face Wash, Removes Excess Oil, Face Cleanser, 3-Pack of 1.07 Fl Oz Each",
        "price": "$3.89",
        "listPrice": "",
        "imageUrl": "https://m.media-amazon.com/images/I/41PiUdtrqbL._SL160_.jpg",
        "detailPageURL": "https://www.amazon.com/dp/B0C87JTLCJ",
        "rating": "4.8",
        "totalReviews": "6",
        "subtitle": "Pond's",
        "isPrimeEligible": "1"
    },
    {
        "ASIN": "B085S7NDYK",
        "title": "Neutrogena Ultra Gentle Foaming Facial Cleanser, Hydrating Face Wash for Sensitive Skin, Gently Cleanses Face Without Over Drying, Oil-Free, Soap-Free, 5.8 fl. oz",
        "price": "$5.18 ($0.89 / Fl Oz)",
        "listPrice": "$6.09 ($1.05 / Fl Oz)",
        "imageUrl": "https://m.media-amazon.com/images/I/317Bdmsqp2L._SL160_.jpg",
        "detailPageURL": "https://www.amazon.com/dp/B085S7NDYK",
        "rating": "4.5",
        "totalReviews": "7114",
        "subtitle": "Neutrogena",
        "isPrimeEligible": "1"
    },
    {
        "ASIN": "B000NWDSAE",
        "title": "Neutrogena Oil-Free Acne Face Scrub, 2% Salicylic Acid Acne Treatment Medicine, Daily Face Wash to help Prevent Breakouts, Oil Free Exfoliating Facial Cleanser for Acne-Prone Skin, 4.2 fl. oz",
        "price": "$7.98 ($1.89 / Fl Oz)",
        "listPrice": "$10.79 ($2.56 / Fl Oz)",
        "imageUrl": "https://m.media-amazon.com/images/I/41X+HuMzv9L._SL160_.jpg",
        "detailPageURL": "https://www.amazon.com/dp/B000NWDSAE",
        "rating": "4.6",
        "totalReviews": "10840",
        "subtitle": "Neutrogena",
        "isPrimeEligible": "1"
    },
    {
        "ASIN": "B07F458BRP",
        "title": "Honest Beauty Gentle Gel Cleanser with Chamomile & Calendula Extracts, Sulfate and Paraben Free, 5.0 Fl Oz",
        "price": "$12.78 ($2.56 / Fl Oz)",
        "listPrice": "$14.99 ($3.00 / Fl Oz)",
        "imageUrl": "https://m.media-amazon.com/images/I/21SNUluk5KL._SL160_.jpg",
        "detailPageURL": "https://www.amazon.com/dp/B07F458BRP",
        "rating": "4.6",
        "totalReviews": "3892",
        "subtitle": "Honest Beauty",
        "isPrimeEligible": "1"
    },
    {
        "ASIN": "B01N5K834V",
        "title": "ma:nyo Pure Cleansing Oil Korean Facial Cleanser, Blackhead Melting, Daily Makeup Removal with Argan Oil, for Women Korean Skin care 6.7 fl oz",
        "price": "$29.00 ($4.33 / Fl Oz)",
        "listPrice": "",
        "imageUrl": "https://m.media-amazon.com/images/I/31YhVCgrgsL._SL160_.jpg",
        "detailPageURL": "https://www.amazon.com/dp/B01N5K834V",
        "rating": "4.6",
        "totalReviews": "2851",
        "subtitle": "ma:nyo",
        "isPrimeEligible": "1"
    },
    {
        "ASIN": "B07S472V7D",
        "title": "ZO Skin Health Gentle Cleanser 6.7 Fl. Oz.",
        "price": "$36.90 ($5.51 / Fl Oz)",
        "listPrice": "$40.97 ($6.11 / Fl Oz)",
        "imageUrl": "https://m.media-amazon.com/images/I/31DYdcJ0dCL._SL160_.jpg",
        "detailPageURL": "https://www.amazon.com/dp/B07S472V7D",
        "rating": "4.7",
        "totalReviews": "606",
        "subtitle": "ZO SKIN HEALTH",
        "isPrimeEligible": "1"
    },
    {
        "ASIN": "B01MQG6S6V",
        "title": "Lanc\u00f4me\u200b Cr\u00e9me Radiance Cream-to-Foam Face Cleanser - Gently Cleanses Skin & Removes Makeup - With Rose & Lotus Flower Extract - 4.2 Fl Oz",
        "price": "$34.00 ($8.10 / Fl Oz)",
        "listPrice": "",
        "imageUrl": "https://m.media-amazon.com/images/I/31E2W7TxV0L._SL160_.jpg",
        "detailPageURL": "https://www.amazon.com/dp/B01MQG6S6V",
        "rating": "4.8",
        "totalReviews": "984",
        "subtitle": "",
        "isPrimeEligible": "1"
    },
    {
        "ASIN": "B09235WDY6",
        "title": "The INKEY List Fulvic Acid Brightening Cleanser, Gel Face Cleanser Gently Exfoliates and Removes Makeup, Improves Uneven Skin Tone, 5.07 fl oz",
        "price": "$11.99 ($2.36 / Fl Oz)",
        "listPrice": "",
        "imageUrl": "https://m.media-amazon.com/images/I/31L9QGBMi5L._SL160_.jpg",
        "detailPageURL": "https://www.amazon.com/dp/B09235WDY6",
        "rating": "4.3",
        "totalReviews": "559",
        "subtitle": "The INKEY List",
        "isPrimeEligible": "1"
    },
    {
        "ASIN": "B08XM8LZ2V",
        "title": "TATCHA The Rice Wash | Soft Cream Cleanser Washes Away Buildup Without Stripping Skin For A Soft, Luminous Complexion | 4 oz",
        "price": "$40.00 ($10.00 / Fl Oz)",
        "listPrice": "",
        "imageUrl": "https://m.media-amazon.com/images/I/21W1v6Nl96S._SL160_.jpg",
        "detailPageURL": "https://www.amazon.com/dp/B08XM8LZ2V",
        "rating": "4.7",
        "totalReviews": "1926",
        "subtitle": "",
        "isPrimeEligible": "1"
    },
    {
        "ASIN": "B08GNRV8CF",
        "title": "RoC Multi Correxion Revive + Glow Gel Facial Cleanser With Vitamin C, & Glycolic Acid, Paraben-Free, Sulfate-Free Skin Care, 6 Ounces",
        "price": "$9.99 ($0.21 / Fl Oz)",
        "listPrice": "$11.99 ($0.25 / Fl Oz)",
        "imageUrl": "https://m.media-amazon.com/images/I/31wXDbm9m4L._SL160_.jpg",
        "detailPageURL": "https://www.amazon.com/dp/B08GNRV8CF",
        "rating": "4.4",
        "totalReviews": "4351",
        "subtitle": "RoC",
        "isPrimeEligible": "1"
    },
    {
        "ASIN": "B085S7NDYK",
        "title": "Neutrogena Ultra Gentle Foaming Facial Cleanser, Hydrating Face Wash for Sensitive Skin, Gently Cleanses Face Without Over Drying, Oil-Free, Soap-Free, 5.8 fl. oz",
        "price": "$5.18 ($0.89 / Fl Oz)",
        "listPrice": "$6.09 ($1.05 / Fl Oz)",
        "imageUrl": "https://m.media-amazon.com/images/I/317Bdmsqp2L._SL160_.jpg",
        "detailPageURL": "https://www.amazon.com/dp/B085S7NDYK",
        "rating": "4.5",
        "totalReviews": "7114",
        "subtitle": "Neutrogena",
        "isPrimeEligible": "1"
    },
    {
        "ASIN": "B000NWDSAE",
        "title": "Neutrogena Oil-Free Acne Face Scrub, 2% Salicylic Acid Acne Treatment Medicine, Daily Face Wash to help Prevent Breakouts, Oil Free Exfoliating Facial Cleanser for Acne-Prone Skin, 4.2 fl. oz",
        "price": "$7.98 ($1.89 / Fl Oz)",
        "listPrice": "$10.79 ($2.56 / Fl Oz)",
        "imageUrl": "https://m.media-amazon.com/images/I/41X+HuMzv9L._SL160_.jpg",
        "detailPageURL": "https://www.amazon.com/dp/B000NWDSAE",
        "rating": "4.6",
        "totalReviews": "10840",
        "subtitle": "Neutrogena",
        "isPrimeEligible": "1"
    },
    {
        "ASIN": "B07F458BRP",
        "title": "Honest Beauty Gentle Gel Cleanser with Chamomile & Calendula Extracts, Sulfate and Paraben Free, 5.0 Fl Oz",
        "price": "$12.78 ($2.56 / Fl Oz)",
        "listPrice": "$14.99 ($3.00 / Fl Oz)",
        "imageUrl": "https://m.media-amazon.com/images/I/21SNUluk5KL._SL160_.jpg",
        "detailPageURL": "https://www.amazon.com/dp/B07F458BRP",
        "rating": "4.6",
        "totalReviews": "3892",
        "subtitle": "Honest Beauty",
        "isPrimeEligible": "1"
    },
    {
        "ASIN": "B01N5K834V",
        "title": "ma:nyo Pure Cleansing Oil Korean Facial Cleanser, Blackhead Melting, Daily Makeup Removal with Argan Oil, for Women Korean Skin care 6.7 fl oz",
        "price": "$29.00 ($4.33 / Fl Oz)",
        "listPrice": "",
        "imageUrl": "https://m.media-amazon.com/images/I/31YhVCgrgsL._SL160_.jpg",
        "detailPageURL": "https://www.amazon.com/dp/B01N5K834V",
        "rating": "4.6",
        "totalReviews": "2851",
        "subtitle": "ma:nyo",
        "isPrimeEligible": "1"
    },
    {
        "ASIN": "B07S472V7D",
        "title": "ZO Skin Health Gentle Cleanser 6.7 Fl. Oz.",
        "price": "$36.90 ($5.51 / Fl Oz)",
        "listPrice": "$40.97 ($6.11 / Fl Oz)",
        "imageUrl": "https://m.media-amazon.com/images/I/31DYdcJ0dCL._SL160_.jpg",
        "detailPageURL": "https://www.amazon.com/dp/B07S472V7D",
        "rating": "4.7",
        "totalReviews": "606",
        "subtitle": "ZO SKIN HEALTH",
        "isPrimeEligible": "1"
    },
    {
        "ASIN": "B01MQG6S6V",
        "title": "Lanc\u00f4me\u200b Cr\u00e9me Radiance Cream-to-Foam Face Cleanser - Gently Cleanses Skin & Removes Makeup - With Rose & Lotus Flower Extract - 4.2 Fl Oz",
        "price": "$34.00 ($8.10 / Fl Oz)",
        "listPrice": "",
        "imageUrl": "https://m.media-amazon.com/images/I/31E2W7TxV0L._SL160_.jpg",
        "detailPageURL": "https://www.amazon.com/dp/B01MQG6S6V",
        "rating": "4.8",
        "totalReviews": "984",
        "subtitle": "",
        "isPrimeEligible": "1"
    },
    {
        "ASIN": "B09235WDY6",
        "title": "The INKEY List Fulvic Acid Brightening Cleanser, Gel Face Cleanser Gently Exfoliates and Removes Makeup, Improves Uneven Skin Tone, 5.07 fl oz",
        "price": "$11.99 ($2.36 / Fl Oz)",
        "listPrice": "",
        "imageUrl": "https://m.media-amazon.com/images/I/31L9QGBMi5L._SL160_.jpg",
        "detailPageURL": "https://www.amazon.com/dp/B09235WDY6",
        "rating": "4.3",
        "totalReviews": "559",
        "subtitle": "The INKEY List",
        "isPrimeEligible": "1"
    },
    {
        "ASIN": "B08XM8LZ2V",
        "title": "TATCHA The Rice Wash | Soft Cream Cleanser Washes Away Buildup Without Stripping Skin For A Soft, Luminous Complexion | 4 oz",
        "price": "$40.00 ($10.00 / Fl Oz)",
        "listPrice": "",
        "imageUrl": "https://m.media-amazon.com/images/I/21W1v6Nl96S._SL160_.jpg",
        "detailPageURL": "https://www.amazon.com/dp/B08XM8LZ2V",
        "rating": "4.7",
        "totalReviews": "1926",
        "subtitle": "",
        "isPrimeEligible": "1"
    },
    {
        "ASIN": "B08GNRV8CF",
        "title": "RoC Multi Correxion Revive + Glow Gel Facial Cleanser With Vitamin C, & Glycolic Acid, Paraben-Free, Sulfate-Free Skin Care, 6 Ounces",
        "price": "$9.99 ($0.21 / Fl Oz)",
        "listPrice": "$11.99 ($0.25 / Fl Oz)",
        "imageUrl": "https://m.media-amazon.com/images/I/31wXDbm9m4L._SL160_.jpg",
        "detailPageURL": "https://www.amazon.com/dp/B08GNRV8CF",
        "rating": "4.4",
        "totalReviews": "4351",
        "subtitle": "RoC",
        "isPrimeEligible": "1"
    },
    {
        "ASIN": "B016LBICJW",
        "title": "TruSkin Vitamin C Cleanser for Face - Brightening Face Wash with Vitamins C & E, Rosehip Oil, Aloe Vera and MSM - Deep Clean and Refresh for Radiant, Healthy-Looking Skin, 4 fl oz",
        "price": "$13.19 ($3.30 / Fl Oz)",
        "listPrice": "$15.99 ($4.00 / Fl Oz)",
        "imageUrl": "https://m.media-amazon.com/images/I/319C4vjkdPL._SL160_.jpg",
        "detailPageURL": "https://www.amazon.com/dp/B016LBICJW",
        "rating": "4.3",
        "totalReviews": "6915",
        "subtitle": "TruSkin Naturals",
        "isPrimeEligible": "1"
    },
    {
        "ASIN": "B000NWDSAE",
        "title": "Neutrogena Oil-Free Acne Face Scrub, 2% Salicylic Acid Acne Treatment Medicine, Daily Face Wash to help Prevent Breakouts, Oil Free Exfoliating Facial Cleanser for Acne-Prone Skin, 4.2 fl. oz",
        "price": "$7.98 ($1.89 / Fl Oz)",
        "listPrice": "$10.79 ($2.56 / Fl Oz)",
        "imageUrl": "https://m.media-amazon.com/images/I/41X+HuMzv9L._SL160_.jpg",
        "detailPageURL": "https://www.amazon.com/dp/B000NWDSAE",
        "rating": "4.6",
        "totalReviews": "10840",
        "subtitle": "Neutrogena",
        "isPrimeEligible": "1"
    },
    {
        "ASIN": "B07F458BRP",
        "title": "Honest Beauty Gentle Gel Cleanser with Chamomile & Calendula Extracts, Sulfate and Paraben Free, 5.0 Fl Oz",
        "price": "$12.78 ($2.56 / Fl Oz)",
        "listPrice": "$14.99 ($3.00 / Fl Oz)",
        "imageUrl": "https://m.media-amazon.com/images/I/21SNUluk5KL._SL160_.jpg",
        "detailPageURL": "https://www.amazon.com/dp/B07F458BRP",
        "rating": "4.6",
        "totalReviews": "3892",
        "subtitle": "Honest Beauty",
        "isPrimeEligible": "1"
    },
    {
        "ASIN": "B01N5K834V",
        "title": "ma:nyo Pure Cleansing Oil Korean Facial Cleanser, Blackhead Melting, Daily Makeup Removal with Argan Oil, for Women Korean Skin care 6.7 fl oz",
        "price": "$29.00 ($4.33 / Fl Oz)",
        "listPrice": "",
        "imageUrl": "https://m.media-amazon.com/images/I/31YhVCgrgsL._SL160_.jpg",
        "detailPageURL": "https://www.amazon.com/dp/B01N5K834V",
        "rating": "4.6",
        "totalReviews": "2851",
        "subtitle": "ma:nyo",
        "isPrimeEligible": "1"
    },
    {
        "ASIN": "B07S472V7D",
        "title": "ZO Skin Health Gentle Cleanser 6.7 Fl. Oz.",
        "price": "$36.90 ($5.51 / Fl Oz)",
        "listPrice": "$40.97 ($6.11 / Fl Oz)",
        "imageUrl": "https://m.media-amazon.com/images/I/31DYdcJ0dCL._SL160_.jpg",
        "detailPageURL": "https://www.amazon.com/dp/B07S472V7D",
        "rating": "4.7",
        "totalReviews": "606",
        "subtitle": "ZO SKIN HEALTH",
        "isPrimeEligible": "1"
    },
    {
        "ASIN": "B01MQG6S6V",
        "title": "Lanc\u00f4me\u200b Cr\u00e9me Radiance Cream-to-Foam Face Cleanser - Gently Cleanses Skin & Removes Makeup - With Rose & Lotus Flower Extract - 4.2 Fl Oz",
        "price": "$34.00 ($8.10 / Fl Oz)",
        "listPrice": "",
        "imageUrl": "https://m.media-amazon.com/images/I/31E2W7TxV0L._SL160_.jpg",
        "detailPageURL": "https://www.amazon.com/dp/B01MQG6S6V",
        "rating": "4.8",
        "totalReviews": "984",
        "subtitle": "",
        "isPrimeEligible": "1"
    },
    {
        "ASIN": "B09235WDY6",
        "title": "The INKEY List Fulvic Acid Brightening Cleanser, Gel Face Cleanser Gently Exfoliates and Removes Makeup, Improves Uneven Skin Tone, 5.07 fl oz",
        "price": "$11.99 ($2.36 / Fl Oz)",
        "listPrice": "",
        "imageUrl": "https://m.media-amazon.com/images/I/31L9QGBMi5L._SL160_.jpg",
        "detailPageURL": "https://www.amazon.com/dp/B09235WDY6",
        "rating": "4.3",
        "totalReviews": "559",
        "subtitle": "The INKEY List",
        "isPrimeEligible": "1"
    },
    {
        "ASIN": "B08XM8LZ2V",
        "title": "TATCHA The Rice Wash | Soft Cream Cleanser Washes Away Buildup Without Stripping Skin For A Soft, Luminous Complexion | 4 oz",
        "price": "$40.00 ($10.00 / Fl Oz)",
        "listPrice": "",
        "imageUrl": "https://m.media-amazon.com/images/I/21W1v6Nl96S._SL160_.jpg",
        "detailPageURL": "https://www.amazon.com/dp/B08XM8LZ2V",
        "rating": "4.7",
        "totalReviews": "1926",
        "subtitle": "",
        "isPrimeEligible": "1"
    },
    {
        "ASIN": "B08GNRV8CF",
        "title": "RoC Multi Correxion Revive + Glow Gel Facial Cleanser With Vitamin C, & Glycolic Acid, Paraben-Free, Sulfate-Free Skin Care, 6 Ounces",
        "price": "$9.99 ($0.21 / Fl Oz)",
        "listPrice": "$11.99 ($0.25 / Fl Oz)",
        "imageUrl": "https://m.media-amazon.com/images/I/31wXDbm9m4L._SL160_.jpg",
        "detailPageURL": "https://www.amazon.com/dp/B08GNRV8CF",
        "rating": "4.4",
        "totalReviews": "4351",
        "subtitle": "RoC",
        "isPrimeEligible": "1"
    },
    {
        "ASIN": "B016LBICJW",
        "title": "TruSkin Vitamin C Cleanser for Face - Brightening Face Wash with Vitamins C & E, Rosehip Oil, Aloe Vera and MSM - Deep Clean and Refresh for Radiant, Healthy-Looking Skin, 4 fl oz",
        "price": "$13.19 ($3.30 / Fl Oz)",
        "listPrice": "$15.99 ($4.00 / Fl Oz)",
        "imageUrl": "https://m.media-amazon.com/images/I/319C4vjkdPL._SL160_.jpg",
        "detailPageURL": "https://www.amazon.com/dp/B016LBICJW",
        "rating": "4.3",
        "totalReviews": "6915",
        "subtitle": "TruSkin Naturals",
        "isPrimeEligible": "1"
    },
    {
        "ASIN": "B01LTI093E",
        "title": "Facial Cleanser by Olay Regenerist, Detoxifying Pore Scrub & Exfoliator, 5 Fl Oz (Pack of 3)",
        "price": "$22.44 ($1.50 / Fl Oz)",
        "listPrice": "",
        "imageUrl": "https://m.media-amazon.com/images/I/51DxLeeo8-L._SL160_.jpg",
        "detailPageURL": "https://www.amazon.com/dp/B01LTI093E",
        "rating": "4.6",
        "totalReviews": "6403",
        "subtitle": "Olay",
        "isPrimeEligible": "1"
    },
    {
        "ASIN": "B07F458BRP",
        "title": "Honest Beauty Gentle Gel Cleanser with Chamomile & Calendula Extracts, Sulfate and Paraben Free, 5.0 Fl Oz",
        "price": "$12.78 ($2.56 / Fl Oz)",
        "listPrice": "$14.99 ($3.00 / Fl Oz)",
        "imageUrl": "https://m.media-amazon.com/images/I/21SNUluk5KL._SL160_.jpg",
        "detailPageURL": "https://www.amazon.com/dp/B07F458BRP",
        "rating": "4.6",
        "totalReviews": "3892",
        "subtitle": "Honest Beauty",
        "isPrimeEligible": "1"
    },
    {
        "ASIN": "B01N5K834V",
        "title": "ma:nyo Pure Cleansing Oil Korean Facial Cleanser, Blackhead Melting, Daily Makeup Removal with Argan Oil, for Women Korean Skin care 6.7 fl oz",
        "price": "$29.00 ($4.33 / Fl Oz)",
        "listPrice": "",
        "imageUrl": "https://m.media-amazon.com/images/I/31YhVCgrgsL._SL160_.jpg",
        "detailPageURL": "https://www.amazon.com/dp/B01N5K834V",
        "rating": "4.6",
        "totalReviews": "2851",
        "subtitle": "ma:nyo",
        "isPrimeEligible": "1"
    },
    {
        "ASIN": "B07S472V7D",
        "title": "ZO Skin Health Gentle Cleanser 6.7 Fl. Oz.",
        "price": "$36.90 ($5.51 / Fl Oz)",
        "listPrice": "$40.97 ($6.11 / Fl Oz)",
        "imageUrl": "https://m.media-amazon.com/images/I/31DYdcJ0dCL._SL160_.jpg",
        "detailPageURL": "https://www.amazon.com/dp/B07S472V7D",
        "rating": "4.7",
        "totalReviews": "606",
        "subtitle": "ZO SKIN HEALTH",
        "isPrimeEligible": "1"
    },
    {
        "ASIN": "B01MQG6S6V",
        "title": "Lanc\u00f4me\u200b Cr\u00e9me Radiance Cream-to-Foam Face Cleanser - Gently Cleanses Skin & Removes Makeup - With Rose & Lotus Flower Extract - 4.2 Fl Oz",
        "price": "$34.00 ($8.10 / Fl Oz)",
        "listPrice": "",
        "imageUrl": "https://m.media-amazon.com/images/I/31E2W7TxV0L._SL160_.jpg",
        "detailPageURL": "https://www.amazon.com/dp/B01MQG6S6V",
        "rating": "4.8",
        "totalReviews": "984",
        "subtitle": "",
        "isPrimeEligible": "1"
    },
    {
        "ASIN": "B09235WDY6",
        "title": "The INKEY List Fulvic Acid Brightening Cleanser, Gel Face Cleanser Gently Exfoliates and Removes Makeup, Improves Uneven Skin Tone, 5.07 fl oz",
        "price": "$11.99 ($2.36 / Fl Oz)",
        "listPrice": "",
        "imageUrl": "https://m.media-amazon.com/images/I/31L9QGBMi5L._SL160_.jpg",
        "detailPageURL": "https://www.amazon.com/dp/B09235WDY6",
        "rating": "4.3",
        "totalReviews": "559",
        "subtitle": "The INKEY List",
        "isPrimeEligible": "1"
    },
    {
        "ASIN": "B08XM8LZ2V",
        "title": "TATCHA The Rice Wash | Soft Cream Cleanser Washes Away Buildup Without Stripping Skin For A Soft, Luminous Complexion | 4 oz",
        "price": "$40.00 ($10.00 / Fl Oz)",
        "listPrice": "",
        "imageUrl": "https://m.media-amazon.com/images/I/21W1v6Nl96S._SL160_.jpg",
        "detailPageURL": "https://www.amazon.com/dp/B08XM8LZ2V",
        "rating": "4.7",
        "totalReviews": "1926",
        "subtitle": "",
        "isPrimeEligible": "1"
    },
    {
        "ASIN": "B08GNRV8CF",
        "title": "RoC Multi Correxion Revive + Glow Gel Facial Cleanser With Vitamin C, & Glycolic Acid, Paraben-Free, Sulfate-Free Skin Care, 6 Ounces",
        "price": "$9.99 ($0.21 / Fl Oz)",
        "listPrice": "$11.99 ($0.25 / Fl Oz)",
        "imageUrl": "https://m.media-amazon.com/images/I/31wXDbm9m4L._SL160_.jpg",
        "detailPageURL": "https://www.amazon.com/dp/B08GNRV8CF",
        "rating": "4.4",
        "totalReviews": "4351",
        "subtitle": "RoC",
        "isPrimeEligible": "1"
    },
    {
        "ASIN": "B016LBICJW",
        "title": "TruSkin Vitamin C Cleanser for Face - Brightening Face Wash with Vitamins C & E, Rosehip Oil, Aloe Vera and MSM - Deep Clean and Refresh for Radiant, Healthy-Looking Skin, 4 fl oz",
        "price": "$13.19 ($3.30 / Fl Oz)",
        "listPrice": "$15.99 ($4.00 / Fl Oz)",
        "imageUrl": "https://m.media-amazon.com/images/I/319C4vjkdPL._SL160_.jpg",
        "detailPageURL": "https://www.amazon.com/dp/B016LBICJW",
        "rating": "4.3",
        "totalReviews": "6915",
        "subtitle": "TruSkin Naturals",
        "isPrimeEligible": "1"
    },
    {
        "ASIN": "B01LTI093E",
        "title": "Facial Cleanser by Olay Regenerist, Detoxifying Pore Scrub & Exfoliator, 5 Fl Oz (Pack of 3)",
        "price": "$22.44 ($1.50 / Fl Oz)",
        "listPrice": "",
        "imageUrl": "https://m.media-amazon.com/images/I/51DxLeeo8-L._SL160_.jpg",
        "detailPageURL": "https://www.amazon.com/dp/B01LTI093E",
        "rating": "4.6",
        "totalReviews": "6403",
        "subtitle": "Olay",
        "isPrimeEligible": "1"
    },
    {
        "ASIN": "B01BQQUFQU",
        "title": "TULA Skin Care Supersize Cult Classic Purifying Face Cleanser - Gentle and Effective, Makeup Remover, Nourishing and Hydrating, 6.7oz",
        "price": "$29.20 ($4.36 / Ounce)",
        "listPrice": "$34.00 ($5.07 / Ounce)",
        "imageUrl": "https://m.media-amazon.com/images/I/31iLCcY027L._SL160_.jpg",
        "detailPageURL": "https://www.amazon.com/dp/B01BQQUFQU",
        "rating": "4.7",
        "totalReviews": "5414",
        "subtitle": "TULA",
        "isPrimeEligible": "1"
    },
    {
        "ASIN": "B01N5K834V",
        "title": "ma:nyo Pure Cleansing Oil Korean Facial Cleanser, Blackhead Melting, Daily Makeup Removal with Argan Oil, for Women Korean Skin care 6.7 fl oz",
        "price": "$29.00 ($4.33 / Fl Oz)",
        "listPrice": "",
        "imageUrl": "https://m.media-amazon.com/images/I/31YhVCgrgsL._SL160_.jpg",
        "detailPageURL": "https://www.amazon.com/dp/B01N5K834V",
        "rating": "4.6",
        "totalReviews": "2851",
        "subtitle": "ma:nyo",
        "isPrimeEligible": "1"
    },
    {
        "ASIN": "B07S472V7D",
        "title": "ZO Skin Health Gentle Cleanser 6.7 Fl. Oz.",
        "price": "$36.90 ($5.51 / Fl Oz)",
        "listPrice": "$40.97 ($6.11 / Fl Oz)",
        "imageUrl": "https://m.media-amazon.com/images/I/31DYdcJ0dCL._SL160_.jpg",
        "detailPageURL": "https://www.amazon.com/dp/B07S472V7D",
        "rating": "4.7",
        "totalReviews": "606",
        "subtitle": "ZO SKIN HEALTH",
        "isPrimeEligible": "1"
    },
    {
        "ASIN": "B01MQG6S6V",
        "title": "Lanc\u00f4me\u200b Cr\u00e9me Radiance Cream-to-Foam Face Cleanser - Gently Cleanses Skin & Removes Makeup - With Rose & Lotus Flower Extract - 4.2 Fl Oz",
        "price": "$34.00 ($8.10 / Fl Oz)",
        "listPrice": "",
        "imageUrl": "https://m.media-amazon.com/images/I/31E2W7TxV0L._SL160_.jpg",
        "detailPageURL": "https://www.amazon.com/dp/B01MQG6S6V",
        "rating": "4.8",
        "totalReviews": "984",
        "subtitle": "",
        "isPrimeEligible": "1"
    },
    {
        "ASIN": "B09235WDY6",
        "title": "The INKEY List Fulvic Acid Brightening Cleanser, Gel Face Cleanser Gently Exfoliates and Removes Makeup, Improves Uneven Skin Tone, 5.07 fl oz",
        "price": "$11.99 ($2.36 / Fl Oz)",
        "listPrice": "",
        "imageUrl": "https://m.media-amazon.com/images/I/31L9QGBMi5L._SL160_.jpg",
        "detailPageURL": "https://www.amazon.com/dp/B09235WDY6",
        "rating": "4.3",
        "totalReviews": "559",
        "subtitle": "The INKEY List",
        "isPrimeEligible": "1"
    },
    {
        "ASIN": "B08XM8LZ2V",
        "title": "TATCHA The Rice Wash | Soft Cream Cleanser Washes Away Buildup Without Stripping Skin For A Soft, Luminous Complexion | 4 oz",
        "price": "$40.00 ($10.00 / Fl Oz)",
        "listPrice": "",
        "imageUrl": "https://m.media-amazon.com/images/I/21W1v6Nl96S._SL160_.jpg",
        "detailPageURL": "https://www.amazon.com/dp/B08XM8LZ2V",
        "rating": "4.7",
        "totalReviews": "1926",
        "subtitle": "",
        "isPrimeEligible": "1"
    },
    {
        "ASIN": "B08GNRV8CF",
        "title": "RoC Multi Correxion Revive + Glow Gel Facial Cleanser With Vitamin C, & Glycolic Acid, Paraben-Free, Sulfate-Free Skin Care, 6 Ounces",
        "price": "$9.99 ($0.21 / Fl Oz)",
        "listPrice": "$11.99 ($0.25 / Fl Oz)",
        "imageUrl": "https://m.media-amazon.com/images/I/31wXDbm9m4L._SL160_.jpg",
        "detailPageURL": "https://www.amazon.com/dp/B08GNRV8CF",
        "rating": "4.4",
        "totalReviews": "4351",
        "subtitle": "RoC",
        "isPrimeEligible": "1"
    },
    {
        "ASIN": "B016LBICJW",
        "title": "TruSkin Vitamin C Cleanser for Face - Brightening Face Wash with Vitamins C & E, Rosehip Oil, Aloe Vera and MSM - Deep Clean and Refresh for Radiant, Healthy-Looking Skin, 4 fl oz",
        "price": "$13.19 ($3.30 / Fl Oz)",
        "listPrice": "$15.99 ($4.00 / Fl Oz)",
        "imageUrl": "https://m.media-amazon.com/images/I/319C4vjkdPL._SL160_.jpg",
        "detailPageURL": "https://www.amazon.com/dp/B016LBICJW",
        "rating": "4.3",
        "totalReviews": "6915",
        "subtitle": "TruSkin Naturals",
        "isPrimeEligible": "1"
    },
    {
        "ASIN": "B01LTI093E",
        "title": "Facial Cleanser by Olay Regenerist, Detoxifying Pore Scrub & Exfoliator, 5 Fl Oz (Pack of 3)",
        "price": "$22.44 ($1.50 / Fl Oz)",
        "listPrice": "",
        "imageUrl": "https://m.media-amazon.com/images/I/51DxLeeo8-L._SL160_.jpg",
        "detailPageURL": "https://www.amazon.com/dp/B01LTI093E",
        "rating": "4.6",
        "totalReviews": "6403",
        "subtitle": "Olay",
        "isPrimeEligible": "1"
    },
    {
        "ASIN": "B01BQQUFQU",
        "title": "TULA Skin Care Supersize Cult Classic Purifying Face Cleanser - Gentle and Effective, Makeup Remover, Nourishing and Hydrating, 6.7oz",
        "price": "$29.20 ($4.36 / Ounce)",
        "listPrice": "$34.00 ($5.07 / Ounce)",
        "imageUrl": "https://m.media-amazon.com/images/I/31iLCcY027L._SL160_.jpg",
        "detailPageURL": "https://www.amazon.com/dp/B01BQQUFQU",
        "rating": "4.7",
        "totalReviews": "5414",
        "subtitle": "TULA",
        "isPrimeEligible": "1"
    },
    {
        "ASIN": "B003JSEGNC",
        "title": "La Roche-Posay Effaclar Purifying Foaming Gel Cleanser for Oily Skin, pH Balancing Daily Face Wash, Oil Free and Soap Free",
        "price": "$22.99 ($1.70 / Fl Oz)",
        "listPrice": "",
        "imageUrl": "https://m.media-amazon.com/images/I/41msuMOsONL._SL160_.jpg",
        "detailPageURL": "https://www.amazon.com/dp/B003JSEGNC",
        "rating": "4.7",
        "totalReviews": "31710",
        "subtitle": "",
        "isPrimeEligible": "1"
    },
    {
        "ASIN": "B07S472V7D",
        "title": "ZO Skin Health Gentle Cleanser 6.7 Fl. Oz.",
        "price": "$36.90 ($5.51 / Fl Oz)",
        "listPrice": "$40.97 ($6.11 / Fl Oz)",
        "imageUrl": "https://m.media-amazon.com/images/I/31DYdcJ0dCL._SL160_.jpg",
        "detailPageURL": "https://www.amazon.com/dp/B07S472V7D",
        "rating": "4.7",
        "totalReviews": "606",
        "subtitle": "ZO SKIN HEALTH",
        "isPrimeEligible": "1"
    },
    {
        "ASIN": "B01MQG6S6V",
        "title": "Lanc\u00f4me\u200b Cr\u00e9me Radiance Cream-to-Foam Face Cleanser - Gently Cleanses Skin & Removes Makeup - With Rose & Lotus Flower Extract - 4.2 Fl Oz",
        "price": "$34.00 ($8.10 / Fl Oz)",
        "listPrice": "",
        "imageUrl": "https://m.media-amazon.com/images/I/31E2W7TxV0L._SL160_.jpg",
        "detailPageURL": "https://www.amazon.com/dp/B01MQG6S6V",
        "rating": "4.8",
        "totalReviews": "984",
        "subtitle": "",
        "isPrimeEligible": "1"
    },
    {
        "ASIN": "B09235WDY6",
        "title": "The INKEY List Fulvic Acid Brightening Cleanser, Gel Face Cleanser Gently Exfoliates and Removes Makeup, Improves Uneven Skin Tone, 5.07 fl oz",
        "price": "$11.99 ($2.36 / Fl Oz)",
        "listPrice": "",
        "imageUrl": "https://m.media-amazon.com/images/I/31L9QGBMi5L._SL160_.jpg",
        "detailPageURL": "https://www.amazon.com/dp/B09235WDY6",
        "rating": "4.3",
        "totalReviews": "559",
        "subtitle": "The INKEY List",
        "isPrimeEligible": "1"
    },
    {
        "ASIN": "B08XM8LZ2V",
        "title": "TATCHA The Rice Wash | Soft Cream Cleanser Washes Away Buildup Without Stripping Skin For A Soft, Luminous Complexion | 4 oz",
        "price": "$40.00 ($10.00 / Fl Oz)",
        "listPrice": "",
        "imageUrl": "https://m.media-amazon.com/images/I/21W1v6Nl96S._SL160_.jpg",
        "detailPageURL": "https://www.amazon.com/dp/B08XM8LZ2V",
        "rating": "4.7",
        "totalReviews": "1926",
        "subtitle": "",
        "isPrimeEligible": "1"
    },
    {
        "ASIN": "B08GNRV8CF",
        "title": "RoC Multi Correxion Revive + Glow Gel Facial Cleanser With Vitamin C, & Glycolic Acid, Paraben-Free, Sulfate-Free Skin Care, 6 Ounces",
        "price": "$9.99 ($0.21 / Fl Oz)",
        "listPrice": "$11.99 ($0.25 / Fl Oz)",
        "imageUrl": "https://m.media-amazon.com/images/I/31wXDbm9m4L._SL160_.jpg",
        "detailPageURL": "https://www.amazon.com/dp/B08GNRV8CF",
        "rating": "4.4",
        "totalReviews": "4351",
        "subtitle": "RoC",
        "isPrimeEligible": "1"
    },
    {
        "ASIN": "B016LBICJW",
        "title": "TruSkin Vitamin C Cleanser for Face - Brightening Face Wash with Vitamins C & E, Rosehip Oil, Aloe Vera and MSM - Deep Clean and Refresh for Radiant, Healthy-Looking Skin, 4 fl oz",
        "price": "$13.19 ($3.30 / Fl Oz)",
        "listPrice": "$15.99 ($4.00 / Fl Oz)",
        "imageUrl": "https://m.media-amazon.com/images/I/319C4vjkdPL._SL160_.jpg",
        "detailPageURL": "https://www.amazon.com/dp/B016LBICJW",
        "rating": "4.3",
        "totalReviews": "6915",
        "subtitle": "TruSkin Naturals",
        "isPrimeEligible": "1"
    },
    {
        "ASIN": "B01LTI093E",
        "title": "Facial Cleanser by Olay Regenerist, Detoxifying Pore Scrub & Exfoliator, 5 Fl Oz (Pack of 3)",
        "price": "$22.44 ($1.50 / Fl Oz)",
        "listPrice": "",
        "imageUrl": "https://m.media-amazon.com/images/I/51DxLeeo8-L._SL160_.jpg",
        "detailPageURL": "https://www.amazon.com/dp/B01LTI093E",
        "rating": "4.6",
        "totalReviews": "6403",
        "subtitle": "Olay",
        "isPrimeEligible": "1"
    },
    {
        "ASIN": "B01BQQUFQU",
        "title": "TULA Skin Care Supersize Cult Classic Purifying Face Cleanser - Gentle and Effective, Makeup Remover, Nourishing and Hydrating, 6.7oz",
        "price": "$29.20 ($4.36 / Ounce)",
        "listPrice": "$34.00 ($5.07 / Ounce)",
        "imageUrl": "https://m.media-amazon.com/images/I/31iLCcY027L._SL160_.jpg",
        "detailPageURL": "https://www.amazon.com/dp/B01BQQUFQU",
        "rating": "4.7",
        "totalReviews": "5414",
        "subtitle": "TULA",
        "isPrimeEligible": "1"
    },
    {
        "ASIN": "B003JSEGNC",
        "title": "La Roche-Posay Effaclar Purifying Foaming Gel Cleanser for Oily Skin, pH Balancing Daily Face Wash, Oil Free and Soap Free",
        "price": "$22.99 ($1.70 / Fl Oz)",
        "listPrice": "",
        "imageUrl": "https://m.media-amazon.com/images/I/41msuMOsONL._SL160_.jpg",
        "detailPageURL": "https://www.amazon.com/dp/B003JSEGNC",
        "rating": "4.7",
        "totalReviews": "31710",
        "subtitle": "",
        "isPrimeEligible": "1"
    },
    {
        "ASIN": "B005KUGUBS",
        "title": "Dermalogica Skin Resurfacing Cleanser, Dual-Action Anti-Aging Exfoliating Face Wash and Cleanser - Smoothes Skin with Lactic Acid, 5.1 Fl Oz",
        "price": "$48.00 ($9.41 / Fl Oz)",
        "listPrice": "",
        "imageUrl": "https://m.media-amazon.com/images/I/31fI+fTsGXL._SL160_.jpg",
        "detailPageURL": "https://www.amazon.com/dp/B005KUGUBS",
        "rating": "4.6",
        "totalReviews": "1693",
        "subtitle": "",
        "isPrimeEligible": "1"
    },
    {
        "ASIN": "B01MQG6S6V",
        "title": "Lanc\u00f4me\u200b Cr\u00e9me Radiance Cream-to-Foam Face Cleanser - Gently Cleanses Skin & Removes Makeup - With Rose & Lotus Flower Extract - 4.2 Fl Oz",
        "price": "$34.00 ($8.10 / Fl Oz)",
        "listPrice": "",
        "imageUrl": "https://m.media-amazon.com/images/I/31E2W7TxV0L._SL160_.jpg",
        "detailPageURL": "https://www.amazon.com/dp/B01MQG6S6V",
        "rating": "4.8",
        "totalReviews": "984",
        "subtitle": "",
        "isPrimeEligible": "1"
    },
    {
        "ASIN": "B09235WDY6",
        "title": "The INKEY List Fulvic Acid Brightening Cleanser, Gel Face Cleanser Gently Exfoliates and Removes Makeup, Improves Uneven Skin Tone, 5.07 fl oz",
        "price": "$11.99 ($2.36 / Fl Oz)",
        "listPrice": "",
        "imageUrl": "https://m.media-amazon.com/images/I/31L9QGBMi5L._SL160_.jpg",
        "detailPageURL": "https://www.amazon.com/dp/B09235WDY6",
        "rating": "4.3",
        "totalReviews": "559",
        "subtitle": "The INKEY List",
        "isPrimeEligible": "1"
    },
    {
        "ASIN": "B08XM8LZ2V",
        "title": "TATCHA The Rice Wash | Soft Cream Cleanser Washes Away Buildup Without Stripping Skin For A Soft, Luminous Complexion | 4 oz",
        "price": "$40.00 ($10.00 / Fl Oz)",
        "listPrice": "",
        "imageUrl": "https://m.media-amazon.com/images/I/21W1v6Nl96S._SL160_.jpg",
        "detailPageURL": "https://www.amazon.com/dp/B08XM8LZ2V",
        "rating": "4.7",
        "totalReviews": "1926",
        "subtitle": "",
        "isPrimeEligible": "1"
    },
    {
        "ASIN": "B08GNRV8CF",
        "title": "RoC Multi Correxion Revive + Glow Gel Facial Cleanser With Vitamin C, & Glycolic Acid, Paraben-Free, Sulfate-Free Skin Care, 6 Ounces",
        "price": "$9.99 ($0.21 / Fl Oz)",
        "listPrice": "$11.99 ($0.25 / Fl Oz)",
        "imageUrl": "https://m.media-amazon.com/images/I/31wXDbm9m4L._SL160_.jpg",
        "detailPageURL": "https://www.amazon.com/dp/B08GNRV8CF",
        "rating": "4.4",
        "totalReviews": "4351",
        "subtitle": "RoC",
        "isPrimeEligible": "1"
    },
    {
        "ASIN": "B016LBICJW",
        "title": "TruSkin Vitamin C Cleanser for Face - Brightening Face Wash with Vitamins C & E, Rosehip Oil, Aloe Vera and MSM - Deep Clean and Refresh for Radiant, Healthy-Looking Skin, 4 fl oz",
        "price": "$13.19 ($3.30 / Fl Oz)",
        "listPrice": "$15.99 ($4.00 / Fl Oz)",
        "imageUrl": "https://m.media-amazon.com/images/I/319C4vjkdPL._SL160_.jpg",
        "detailPageURL": "https://www.amazon.com/dp/B016LBICJW",
        "rating": "4.3",
        "totalReviews": "6915",
        "subtitle": "TruSkin Naturals",
        "isPrimeEligible": "1"
    },
    {
        "ASIN": "B01LTI093E",
        "title": "Facial Cleanser by Olay Regenerist, Detoxifying Pore Scrub & Exfoliator, 5 Fl Oz (Pack of 3)",
        "price": "$22.44 ($1.50 / Fl Oz)",
        "listPrice": "",
        "imageUrl": "https://m.media-amazon.com/images/I/51DxLeeo8-L._SL160_.jpg",
        "detailPageURL": "https://www.amazon.com/dp/B01LTI093E",
        "rating": "4.6",
        "totalReviews": "6403",
        "subtitle": "Olay",
        "isPrimeEligible": "1"
    },
    {
        "ASIN": "B01BQQUFQU",
        "title": "TULA Skin Care Supersize Cult Classic Purifying Face Cleanser - Gentle and Effective, Makeup Remover, Nourishing and Hydrating, 6.7oz",
        "price": "$29.20 ($4.36 / Ounce)",
        "listPrice": "$34.00 ($5.07 / Ounce)",
        "imageUrl": "https://m.media-amazon.com/images/I/31iLCcY027L._SL160_.jpg",
        "detailPageURL": "https://www.amazon.com/dp/B01BQQUFQU",
        "rating": "4.7",
        "totalReviews": "5414",
        "subtitle": "TULA",
        "isPrimeEligible": "1"
    },
    {
        "ASIN": "B003JSEGNC",
        "title": "La Roche-Posay Effaclar Purifying Foaming Gel Cleanser for Oily Skin, pH Balancing Daily Face Wash, Oil Free and Soap Free",
        "price": "$22.99 ($1.70 / Fl Oz)",
        "listPrice": "",
        "imageUrl": "https://m.media-amazon.com/images/I/41msuMOsONL._SL160_.jpg",
        "detailPageURL": "https://www.amazon.com/dp/B003JSEGNC",
        "rating": "4.7",
        "totalReviews": "31710",
        "subtitle": "",
        "isPrimeEligible": "1"
    },
    {
        "ASIN": "B005KUGUBS",
        "title": "Dermalogica Skin Resurfacing Cleanser, Dual-Action Anti-Aging Exfoliating Face Wash and Cleanser - Smoothes Skin with Lactic Acid, 5.1 Fl Oz",
        "price": "$48.00 ($9.41 / Fl Oz)",
        "listPrice": "",
        "imageUrl": "https://m.media-amazon.com/images/I/31fI+fTsGXL._SL160_.jpg",
        "detailPageURL": "https://www.amazon.com/dp/B005KUGUBS",
        "rating": "4.6",
        "totalReviews": "1693",
        "subtitle": "",
        "isPrimeEligible": "1"
    },
    {
        "ASIN": "B06WRPJW3V",
        "title": "Botanic Tree Glycolic Acid Face Wash, Exfoliating Facial Cleanser and Scrub, 10% Glycolic Acid, AHA and Salicylic Acid Face Cleanser 6 fl. oz",
        "price": "$19.90 ($3.32 / Fl Oz)",
        "listPrice": "$24.90 ($4.15 / Fl Oz)",
        "imageUrl": "https://m.media-amazon.com/images/I/31Ador+Fl-L._SL160_.jpg",
        "detailPageURL": "https://www.amazon.com/dp/B06WRPJW3V",
        "rating": "4.7",
        "totalReviews": "16241",
        "subtitle": "Botanic Tree",
        "isPrimeEligible": "1"
    },
    {
        "ASIN": "B09235WDY6",
        "title": "The INKEY List Fulvic Acid Brightening Cleanser, Gel Face Cleanser Gently Exfoliates and Removes Makeup, Improves Uneven Skin Tone, 5.07 fl oz",
        "price": "$11.99 ($2.36 / Fl Oz)",
        "listPrice": "",
        "imageUrl": "https://m.media-amazon.com/images/I/31L9QGBMi5L._SL160_.jpg",
        "detailPageURL": "https://www.amazon.com/dp/B09235WDY6",
        "rating": "4.3",
        "totalReviews": "559",
        "subtitle": "The INKEY List",
        "isPrimeEligible": "1"
    },
    {
        "ASIN": "B08XM8LZ2V",
        "title": "TATCHA The Rice Wash | Soft Cream Cleanser Washes Away Buildup Without Stripping Skin For A Soft, Luminous Complexion | 4 oz",
        "price": "$40.00 ($10.00 / Fl Oz)",
        "listPrice": "",
        "imageUrl": "https://m.media-amazon.com/images/I/21W1v6Nl96S._SL160_.jpg",
        "detailPageURL": "https://www.amazon.com/dp/B08XM8LZ2V",
        "rating": "4.7",
        "totalReviews": "1926",
        "subtitle": "",
        "isPrimeEligible": "1"
    },
    {
        "ASIN": "B08GNRV8CF",
        "title": "RoC Multi Correxion Revive + Glow Gel Facial Cleanser With Vitamin C, & Glycolic Acid, Paraben-Free, Sulfate-Free Skin Care, 6 Ounces",
        "price": "$9.99 ($0.21 / Fl Oz)",
        "listPrice": "$11.99 ($0.25 / Fl Oz)",
        "imageUrl": "https://m.media-amazon.com/images/I/31wXDbm9m4L._SL160_.jpg",
        "detailPageURL": "https://www.amazon.com/dp/B08GNRV8CF",
        "rating": "4.4",
        "totalReviews": "4351",
        "subtitle": "RoC",
        "isPrimeEligible": "1"
    },
    {
        "ASIN": "B016LBICJW",
        "title": "TruSkin Vitamin C Cleanser for Face - Brightening Face Wash with Vitamins C & E, Rosehip Oil, Aloe Vera and MSM - Deep Clean and Refresh for Radiant, Healthy-Looking Skin, 4 fl oz",
        "price": "$13.19 ($3.30 / Fl Oz)",
        "listPrice": "$15.99 ($4.00 / Fl Oz)",
        "imageUrl": "https://m.media-amazon.com/images/I/319C4vjkdPL._SL160_.jpg",
        "detailPageURL": "https://www.amazon.com/dp/B016LBICJW",
        "rating": "4.3",
        "totalReviews": "6915",
        "subtitle": "TruSkin Naturals",
        "isPrimeEligible": "1"
    },
    {
        "ASIN": "B01LTI093E",
        "title": "Facial Cleanser by Olay Regenerist, Detoxifying Pore Scrub & Exfoliator, 5 Fl Oz (Pack of 3)",
        "price": "$22.44 ($1.50 / Fl Oz)",
        "listPrice": "",
        "imageUrl": "https://m.media-amazon.com/images/I/51DxLeeo8-L._SL160_.jpg",
        "detailPageURL": "https://www.amazon.com/dp/B01LTI093E",
        "rating": "4.6",
        "totalReviews": "6403",
        "subtitle": "Olay",
        "isPrimeEligible": "1"
    },
    {
        "ASIN": "B01BQQUFQU",
        "title": "TULA Skin Care Supersize Cult Classic Purifying Face Cleanser - Gentle and Effective, Makeup Remover, Nourishing and Hydrating, 6.7oz",
        "price": "$29.20 ($4.36 / Ounce)",
        "listPrice": "$34.00 ($5.07 / Ounce)",
        "imageUrl": "https://m.media-amazon.com/images/I/31iLCcY027L._SL160_.jpg",
        "detailPageURL": "https://www.amazon.com/dp/B01BQQUFQU",
        "rating": "4.7",
        "totalReviews": "5414",
        "subtitle": "TULA",
        "isPrimeEligible": "1"
    },
    {
        "ASIN": "B003JSEGNC",
        "title": "La Roche-Posay Effaclar Purifying Foaming Gel Cleanser for Oily Skin, pH Balancing Daily Face Wash, Oil Free and Soap Free",
        "price": "$22.99 ($1.70 / Fl Oz)",
        "listPrice": "",
        "imageUrl": "https://m.media-amazon.com/images/I/41msuMOsONL._SL160_.jpg",
        "detailPageURL": "https://www.amazon.com/dp/B003JSEGNC",
        "rating": "4.7",
        "totalReviews": "31710",
        "subtitle": "",
        "isPrimeEligible": "1"
    },
    {
        "ASIN": "B005KUGUBS",
        "title": "Dermalogica Skin Resurfacing Cleanser, Dual-Action Anti-Aging Exfoliating Face Wash and Cleanser - Smoothes Skin with Lactic Acid, 5.1 Fl Oz",
        "price": "$48.00 ($9.41 / Fl Oz)",
        "listPrice": "",
        "imageUrl": "https://m.media-amazon.com/images/I/31fI+fTsGXL._SL160_.jpg",
        "detailPageURL": "https://www.amazon.com/dp/B005KUGUBS",
        "rating": "4.6",
        "totalReviews": "1693",
        "subtitle": "",
        "isPrimeEligible": "1"
    },
    {
        "ASIN": "B06WRPJW3V",
        "title": "Botanic Tree Glycolic Acid Face Wash, Exfoliating Facial Cleanser and Scrub, 10% Glycolic Acid, AHA and Salicylic Acid Face Cleanser 6 fl. oz",
        "price": "$19.90 ($3.32 / Fl Oz)",
        "listPrice": "$24.90 ($4.15 / Fl Oz)",
        "imageUrl": "https://m.media-amazon.com/images/I/31Ador+Fl-L._SL160_.jpg",
        "detailPageURL": "https://www.amazon.com/dp/B06WRPJW3V",
        "rating": "4.7",
        "totalReviews": "16241",
        "subtitle": "Botanic Tree",
        "isPrimeEligible": "1"
    },
    {
        "ASIN": "B07GC74LL5",
        "title": "CETAPHIL Gentle Skin Cleanser 20 fl oz, Hydrating Face Wash & Body Wash, Ideal For Sensitive, Dry Skin, Non-irritating, Wont Clog Pores, Fragrance-free, Soap-free, Dermatologist Recommended",
        "price": "$20.25 ($1.01 / Fl Oz)",
        "listPrice": "",
        "imageUrl": "https://m.media-amazon.com/images/I/31GbplAHmyL._SL160_.jpg",
        "detailPageURL": "https://www.amazon.com/dp/B07GC74LL5",
        "rating": "4.6",
        "totalReviews": "35101",
        "subtitle": "Cetaphil",
        "isPrimeEligible": "1"
    },
    {
        "ASIN": "B08XM8LZ2V",
        "title": "TATCHA The Rice Wash | Soft Cream Cleanser Washes Away Buildup Without Stripping Skin For A Soft, Luminous Complexion | 4 oz",
        "price": "$40.00 ($10.00 / Fl Oz)",
        "listPrice": "",
        "imageUrl": "https://m.media-amazon.com/images/I/21W1v6Nl96S._SL160_.jpg",
        "detailPageURL": "https://www.amazon.com/dp/B08XM8LZ2V",
        "rating": "4.7",
        "totalReviews": "1926",
        "subtitle": "",
        "isPrimeEligible": "1"
    },
    {
        "ASIN": "B08GNRV8CF",
        "title": "RoC Multi Correxion Revive + Glow Gel Facial Cleanser With Vitamin C, & Glycolic Acid, Paraben-Free, Sulfate-Free Skin Care, 6 Ounces",
        "price": "$9.99 ($0.21 / Fl Oz)",
        "listPrice": "$11.99 ($0.25 / Fl Oz)",
        "imageUrl": "https://m.media-amazon.com/images/I/31wXDbm9m4L._SL160_.jpg",
        "detailPageURL": "https://www.amazon.com/dp/B08GNRV8CF",
        "rating": "4.4",
        "totalReviews": "4351",
        "subtitle": "RoC",
        "isPrimeEligible": "1"
    },
    {
        "ASIN": "B016LBICJW",
        "title": "TruSkin Vitamin C Cleanser for Face - Brightening Face Wash with Vitamins C & E, Rosehip Oil, Aloe Vera and MSM - Deep Clean and Refresh for Radiant, Healthy-Looking Skin, 4 fl oz",
        "price": "$13.19 ($3.30 / Fl Oz)",
        "listPrice": "$15.99 ($4.00 / Fl Oz)",
        "imageUrl": "https://m.media-amazon.com/images/I/319C4vjkdPL._SL160_.jpg",
        "detailPageURL": "https://www.amazon.com/dp/B016LBICJW",
        "rating": "4.3",
        "totalReviews": "6915",
        "subtitle": "TruSkin Naturals",
        "isPrimeEligible": "1"
    },
    {
        "ASIN": "B01LTI093E",
        "title": "Facial Cleanser by Olay Regenerist, Detoxifying Pore Scrub & Exfoliator, 5 Fl Oz (Pack of 3)",
        "price": "$22.44 ($1.50 / Fl Oz)",
        "listPrice": "",
        "imageUrl": "https://m.media-amazon.com/images/I/51DxLeeo8-L._SL160_.jpg",
        "detailPageURL": "https://www.amazon.com/dp/B01LTI093E",
        "rating": "4.6",
        "totalReviews": "6403",
        "subtitle": "Olay",
        "isPrimeEligible": "1"
    },
    {
        "ASIN": "B01BQQUFQU",
        "title": "TULA Skin Care Supersize Cult Classic Purifying Face Cleanser - Gentle and Effective, Makeup Remover, Nourishing and Hydrating, 6.7oz",
        "price": "$29.20 ($4.36 / Ounce)",
        "listPrice": "$34.00 ($5.07 / Ounce)",
        "imageUrl": "https://m.media-amazon.com/images/I/31iLCcY027L._SL160_.jpg",
        "detailPageURL": "https://www.amazon.com/dp/B01BQQUFQU",
        "rating": "4.7",
        "totalReviews": "5414",
        "subtitle": "TULA",
        "isPrimeEligible": "1"
    },
    {
        "ASIN": "B003JSEGNC",
        "title": "La Roche-Posay Effaclar Purifying Foaming Gel Cleanser for Oily Skin, pH Balancing Daily Face Wash, Oil Free and Soap Free",
        "price": "$22.99 ($1.70 / Fl Oz)",
        "listPrice": "",
        "imageUrl": "https://m.media-amazon.com/images/I/41msuMOsONL._SL160_.jpg",
        "detailPageURL": "https://www.amazon.com/dp/B003JSEGNC",
        "rating": "4.7",
        "totalReviews": "31710",
        "subtitle": "",
        "isPrimeEligible": "1"
    },
    {
        "ASIN": "B005KUGUBS",
        "title": "Dermalogica Skin Resurfacing Cleanser, Dual-Action Anti-Aging Exfoliating Face Wash and Cleanser - Smoothes Skin with Lactic Acid, 5.1 Fl Oz",
        "price": "$48.00 ($9.41 / Fl Oz)",
        "listPrice": "",
        "imageUrl": "https://m.media-amazon.com/images/I/31fI+fTsGXL._SL160_.jpg",
        "detailPageURL": "https://www.amazon.com/dp/B005KUGUBS",
        "rating": "4.6",
        "totalReviews": "1693",
        "subtitle": "",
        "isPrimeEligible": "1"
    },
    {
        "ASIN": "B06WRPJW3V",
        "title": "Botanic Tree Glycolic Acid Face Wash, Exfoliating Facial Cleanser and Scrub, 10% Glycolic Acid, AHA and Salicylic Acid Face Cleanser 6 fl. oz",
        "price": "$19.90 ($3.32 / Fl Oz)",
        "listPrice": "$24.90 ($4.15 / Fl Oz)",
        "imageUrl": "https://m.media-amazon.com/images/I/31Ador+Fl-L._SL160_.jpg",
        "detailPageURL": "https://www.amazon.com/dp/B06WRPJW3V",
        "rating": "4.7",
        "totalReviews": "16241",
        "subtitle": "Botanic Tree",
        "isPrimeEligible": "1"
    },
    {
        "ASIN": "B07GC74LL5",
        "title": "CETAPHIL Gentle Skin Cleanser 20 fl oz, Hydrating Face Wash & Body Wash, Ideal For Sensitive, Dry Skin, Non-irritating, Wont Clog Pores, Fragrance-free, Soap-free, Dermatologist Recommended",
        "price": "$20.25 ($1.01 / Fl Oz)",
        "listPrice": "",
        "imageUrl": "https://m.media-amazon.com/images/I/31GbplAHmyL._SL160_.jpg",
        "detailPageURL": "https://www.amazon.com/dp/B07GC74LL5",
        "rating": "4.6",
        "totalReviews": "35101",
        "subtitle": "Cetaphil",
        "isPrimeEligible": "1"
    },
    {
        "ASIN": "B00G0IKDWG",
        "title": "SkinMedica AHA/BHA Exfoliating Cleanser Gently Scrub Away Dead Skin with Exfoliating Fash Wash Cleanser, Improving the Appearance of Skin Tone and Texture, 6 Fl Oz",
        "price": "$48.00 ($8.00 / Fl Oz)",
        "listPrice": "",
        "imageUrl": "https://m.media-amazon.com/images/I/31lnP6zhW9L._SL160_.jpg",
        "detailPageURL": "https://www.amazon.com/dp/B00G0IKDWG",
        "rating": "4.7",
        "totalReviews": "2053",
        "subtitle": "",
        "isPrimeEligible": "1"
    },
    {
        "ASIN": "B08GNRV8CF",
        "title": "RoC Multi Correxion Revive + Glow Gel Facial Cleanser With Vitamin C, & Glycolic Acid, Paraben-Free, Sulfate-Free Skin Care, 6 Ounces",
        "price": "$9.99 ($0.21 / Fl Oz)",
        "listPrice": "$11.99 ($0.25 / Fl Oz)",
        "imageUrl": "https://m.media-amazon.com/images/I/31wXDbm9m4L._SL160_.jpg",
        "detailPageURL": "https://www.amazon.com/dp/B08GNRV8CF",
        "rating": "4.4",
        "totalReviews": "4351",
        "subtitle": "RoC",
        "isPrimeEligible": "1"
    },
    {
        "ASIN": "B016LBICJW",
        "title": "TruSkin Vitamin C Cleanser for Face - Brightening Face Wash with Vitamins C & E, Rosehip Oil, Aloe Vera and MSM - Deep Clean and Refresh for Radiant, Healthy-Looking Skin, 4 fl oz",
        "price": "$13.19 ($3.30 / Fl Oz)",
        "listPrice": "$15.99 ($4.00 / Fl Oz)",
        "imageUrl": "https://m.media-amazon.com/images/I/319C4vjkdPL._SL160_.jpg",
        "detailPageURL": "https://www.amazon.com/dp/B016LBICJW",
        "rating": "4.3",
        "totalReviews": "6915",
        "subtitle": "TruSkin Naturals",
        "isPrimeEligible": "1"
    },
    {
        "ASIN": "B01LTI093E",
        "title": "Facial Cleanser by Olay Regenerist, Detoxifying Pore Scrub & Exfoliator, 5 Fl Oz (Pack of 3)",
        "price": "$22.44 ($1.50 / Fl Oz)",
        "listPrice": "",
        "imageUrl": "https://m.media-amazon.com/images/I/51DxLeeo8-L._SL160_.jpg",
        "detailPageURL": "https://www.amazon.com/dp/B01LTI093E",
        "rating": "4.6",
        "totalReviews": "6403",
        "subtitle": "Olay",
        "isPrimeEligible": "1"
    },
    {
        "ASIN": "B01BQQUFQU",
        "title": "TULA Skin Care Supersize Cult Classic Purifying Face Cleanser - Gentle and Effective, Makeup Remover, Nourishing and Hydrating, 6.7oz",
        "price": "$29.20 ($4.36 / Ounce)",
        "listPrice": "$34.00 ($5.07 / Ounce)",
        "imageUrl": "https://m.media-amazon.com/images/I/31iLCcY027L._SL160_.jpg",
        "detailPageURL": "https://www.amazon.com/dp/B01BQQUFQU",
        "rating": "4.7",
        "totalReviews": "5414",
        "subtitle": "TULA",
        "isPrimeEligible": "1"
    },
    {
        "ASIN": "B003JSEGNC",
        "title": "La Roche-Posay Effaclar Purifying Foaming Gel Cleanser for Oily Skin, pH Balancing Daily Face Wash, Oil Free and Soap Free",
        "price": "$22.99 ($1.70 / Fl Oz)",
        "listPrice": "",
        "imageUrl": "https://m.media-amazon.com/images/I/41msuMOsONL._SL160_.jpg",
        "detailPageURL": "https://www.amazon.com/dp/B003JSEGNC",
        "rating": "4.7",
        "totalReviews": "31710",
        "subtitle": "",
        "isPrimeEligible": "1"
    },
    {
        "ASIN": "B005KUGUBS",
        "title": "Dermalogica Skin Resurfacing Cleanser, Dual-Action Anti-Aging Exfoliating Face Wash and Cleanser - Smoothes Skin with Lactic Acid, 5.1 Fl Oz",
        "price": "$48.00 ($9.41 / Fl Oz)",
        "listPrice": "",
        "imageUrl": "https://m.media-amazon.com/images/I/31fI+fTsGXL._SL160_.jpg",
        "detailPageURL": "https://www.amazon.com/dp/B005KUGUBS",
        "rating": "4.6",
        "totalReviews": "1693",
        "subtitle": "",
        "isPrimeEligible": "1"
    },
    {
        "ASIN": "B06WRPJW3V",
        "title": "Botanic Tree Glycolic Acid Face Wash, Exfoliating Facial Cleanser and Scrub, 10% Glycolic Acid, AHA and Salicylic Acid Face Cleanser 6 fl. oz",
        "price": "$19.90 ($3.32 / Fl Oz)",
        "listPrice": "$24.90 ($4.15 / Fl Oz)",
        "imageUrl": "https://m.media-amazon.com/images/I/31Ador+Fl-L._SL160_.jpg",
        "detailPageURL": "https://www.amazon.com/dp/B06WRPJW3V",
        "rating": "4.7",
        "totalReviews": "16241",
        "subtitle": "Botanic Tree",
        "isPrimeEligible": "1"
    },
    {
        "ASIN": "B07GC74LL5",
        "title": "CETAPHIL Gentle Skin Cleanser 20 fl oz, Hydrating Face Wash & Body Wash, Ideal For Sensitive, Dry Skin, Non-irritating, Wont Clog Pores, Fragrance-free, Soap-free, Dermatologist Recommended",
        "price": "$20.25 ($1.01 / Fl Oz)",
        "listPrice": "",
        "imageUrl": "https://m.media-amazon.com/images/I/31GbplAHmyL._SL160_.jpg",
        "detailPageURL": "https://www.amazon.com/dp/B07GC74LL5",
        "rating": "4.6",
        "totalReviews": "35101",
        "subtitle": "Cetaphil",
        "isPrimeEligible": "1"
    },
    {
        "ASIN": "B00G0IKDWG",
        "title": "SkinMedica AHA/BHA Exfoliating Cleanser Gently Scrub Away Dead Skin with Exfoliating Fash Wash Cleanser, Improving the Appearance of Skin Tone and Texture, 6 Fl Oz",
        "price": "$48.00 ($8.00 / Fl Oz)",
        "listPrice": "",
        "imageUrl": "https://m.media-amazon.com/images/I/31lnP6zhW9L._SL160_.jpg",
        "detailPageURL": "https://www.amazon.com/dp/B00G0IKDWG",
        "rating": "4.7",
        "totalReviews": "2053",
        "subtitle": "",
        "isPrimeEligible": "1"
    },
    {
        "ASIN": "B08VF5RDL2",
        "title": "Farmacy Whipped Greens Face Wash - Oil Free Foaming Facial Cleanser for Combination and Oily Skin (5.0 Fl Oz)",
        "price": "$28.00 ($5.60 / Fl Oz)",
        "listPrice": "",
        "imageUrl": "https://m.media-amazon.com/images/I/41GwlvpZX0L._SL160_.jpg",
        "detailPageURL": "https://www.amazon.com/dp/B08VF5RDL2",
        "rating": "4.7",
        "totalReviews": "784",
        "subtitle": "Farmacy",
        "isPrimeEligible": "1"
    },
    {
        "ASIN": "B016LBICJW",
        "title": "TruSkin Vitamin C Cleanser for Face - Brightening Face Wash with Vitamins C & E, Rosehip Oil, Aloe Vera and MSM - Deep Clean and Refresh for Radiant, Healthy-Looking Skin, 4 fl oz",
        "price": "$13.19 ($3.30 / Fl Oz)",
        "listPrice": "$15.99 ($4.00 / Fl Oz)",
        "imageUrl": "https://m.media-amazon.com/images/I/319C4vjkdPL._SL160_.jpg",
        "detailPageURL": "https://www.amazon.com/dp/B016LBICJW",
        "rating": "4.3",
        "totalReviews": "6915",
        "subtitle": "TruSkin Naturals",
        "isPrimeEligible": "1"
    },
    {
        "ASIN": "B01LTI093E",
        "title": "Facial Cleanser by Olay Regenerist, Detoxifying Pore Scrub & Exfoliator, 5 Fl Oz (Pack of 3)",
        "price": "$22.44 ($1.50 / Fl Oz)",
        "listPrice": "",
        "imageUrl": "https://m.media-amazon.com/images/I/51DxLeeo8-L._SL160_.jpg",
        "detailPageURL": "https://www.amazon.com/dp/B01LTI093E",
        "rating": "4.6",
        "totalReviews": "6403",
        "subtitle": "Olay",
        "isPrimeEligible": "1"
    },
    {
        "ASIN": "B01BQQUFQU",
        "title": "TULA Skin Care Supersize Cult Classic Purifying Face Cleanser - Gentle and Effective, Makeup Remover, Nourishing and Hydrating, 6.7oz",
        "price": "$29.20 ($4.36 / Ounce)",
        "listPrice": "$34.00 ($5.07 / Ounce)",
        "imageUrl": "https://m.media-amazon.com/images/I/31iLCcY027L._SL160_.jpg",
        "detailPageURL": "https://www.amazon.com/dp/B01BQQUFQU",
        "rating": "4.7",
        "totalReviews": "5414",
        "subtitle": "TULA",
        "isPrimeEligible": "1"
    },
    {
        "ASIN": "B003JSEGNC",
        "title": "La Roche-Posay Effaclar Purifying Foaming Gel Cleanser for Oily Skin, pH Balancing Daily Face Wash, Oil Free and Soap Free",
        "price": "$22.99 ($1.70 / Fl Oz)",
        "listPrice": "",
        "imageUrl": "https://m.media-amazon.com/images/I/41msuMOsONL._SL160_.jpg",
        "detailPageURL": "https://www.amazon.com/dp/B003JSEGNC",
        "rating": "4.7",
        "totalReviews": "31710",
        "subtitle": "",
        "isPrimeEligible": "1"
    },
    {
        "ASIN": "B005KUGUBS",
        "title": "Dermalogica Skin Resurfacing Cleanser, Dual-Action Anti-Aging Exfoliating Face Wash and Cleanser - Smoothes Skin with Lactic Acid, 5.1 Fl Oz",
        "price": "$48.00 ($9.41 / Fl Oz)",
        "listPrice": "",
        "imageUrl": "https://m.media-amazon.com/images/I/31fI+fTsGXL._SL160_.jpg",
        "detailPageURL": "https://www.amazon.com/dp/B005KUGUBS",
        "rating": "4.6",
        "totalReviews": "1693",
        "subtitle": "",
        "isPrimeEligible": "1"
    },
    {
        "ASIN": "B06WRPJW3V",
        "title": "Botanic Tree Glycolic Acid Face Wash, Exfoliating Facial Cleanser and Scrub, 10% Glycolic Acid, AHA and Salicylic Acid Face Cleanser 6 fl. oz",
        "price": "$19.90 ($3.32 / Fl Oz)",
        "listPrice": "$24.90 ($4.15 / Fl Oz)",
        "imageUrl": "https://m.media-amazon.com/images/I/31Ador+Fl-L._SL160_.jpg",
        "detailPageURL": "https://www.amazon.com/dp/B06WRPJW3V",
        "rating": "4.7",
        "totalReviews": "16241",
        "subtitle": "Botanic Tree",
        "isPrimeEligible": "1"
    },
    {
        "ASIN": "B07GC74LL5",
        "title": "CETAPHIL Gentle Skin Cleanser 20 fl oz, Hydrating Face Wash & Body Wash, Ideal For Sensitive, Dry Skin, Non-irritating, Wont Clog Pores, Fragrance-free, Soap-free, Dermatologist Recommended",
        "price": "$20.25 ($1.01 / Fl Oz)",
        "listPrice": "",
        "imageUrl": "https://m.media-amazon.com/images/I/31GbplAHmyL._SL160_.jpg",
        "detailPageURL": "https://www.amazon.com/dp/B07GC74LL5",
        "rating": "4.6",
        "totalReviews": "35101",
        "subtitle": "Cetaphil",
        "isPrimeEligible": "1"
    },
    {
        "ASIN": "B00G0IKDWG",
        "title": "SkinMedica AHA/BHA Exfoliating Cleanser Gently Scrub Away Dead Skin with Exfoliating Fash Wash Cleanser, Improving the Appearance of Skin Tone and Texture, 6 Fl Oz",
        "price": "$48.00 ($8.00 / Fl Oz)",
        "listPrice": "",
        "imageUrl": "https://m.media-amazon.com/images/I/31lnP6zhW9L._SL160_.jpg",
        "detailPageURL": "https://www.amazon.com/dp/B00G0IKDWG",
        "rating": "4.7",
        "totalReviews": "2053",
        "subtitle": "",
        "isPrimeEligible": "1"
    },
    {
        "ASIN": "B08VF5RDL2",
        "title": "Farmacy Whipped Greens Face Wash - Oil Free Foaming Facial Cleanser for Combination and Oily Skin (5.0 Fl Oz)",
        "price": "$28.00 ($5.60 / Fl Oz)",
        "listPrice": "",
        "imageUrl": "https://m.media-amazon.com/images/I/41GwlvpZX0L._SL160_.jpg",
        "detailPageURL": "https://www.amazon.com/dp/B08VF5RDL2",
        "rating": "4.7",
        "totalReviews": "784",
        "subtitle": "Farmacy",
        "isPrimeEligible": "1"
    },
    {
        "ASIN": "B0BN2PX8V3",
        "title": "ANUA Heartleaf Pore Control Cleansing Oil Korean Facial Cleanser, Daily Makeup Blackheads Removal 6.7 fl oz(200ml)",
        "price": "$17.90 ($2.67 / Fl Oz)",
        "listPrice": "",
        "imageUrl": "https://m.media-amazon.com/images/I/31n4TECLwuL._SL160_.jpg",
        "detailPageURL": "https://www.amazon.com/dp/B0BN2PX8V3",
        "rating": "4.5",
        "totalReviews": "506",
        "subtitle": "ANUA",
        "isPrimeEligible": "1"
    },
    {
        "ASIN": "B08XM8LZ2V",
        "title": "TATCHA The Rice Wash | Soft Cream Cleanser Washes Away Buildup Without Stripping Skin For A Soft, Luminous Complexion | 4 oz",
        "price": "$40.00 ($10.00 / Fl Oz)",
        "listPrice": "",
        "imageUrl": "https://m.media-amazon.com/images/I/21W1v6Nl96S._SL160_.jpg",
        "detailPageURL": "https://www.amazon.com/dp/B08XM8LZ2V",
        "rating": "4.7",
        "totalReviews": "1926",
        "subtitle": "",
        "isPrimeEligible": "1"
    },
    {
        "ASIN": "B07GC74LL5",
        "title": "CETAPHIL Gentle Skin Cleanser 20 fl oz, Hydrating Face Wash & Body Wash, Ideal For Sensitive, Dry Skin, Non-irritating, Wont Clog Pores, Fragrance-free, Soap-free, Dermatologist Recommended",
        "price": "$20.25 ($1.01 / Fl Oz)",
        "listPrice": "",
        "imageUrl": "https://m.media-amazon.com/images/I/31GbplAHmyL._SL160_.jpg",
        "detailPageURL": "https://www.amazon.com/dp/B07GC74LL5",
        "rating": "4.6",
        "totalReviews": "35101",
        "subtitle": "Cetaphil",
        "isPrimeEligible": "1"
    },
    {
        "ASIN": "B01MQG6S6V",
        "title": "Lanc\u00f4me\u200b Cr\u00e9me Radiance Cream-to-Foam Face Cleanser - Gently Cleanses Skin & Removes Makeup - With Rose & Lotus Flower Extract - 4.2 Fl Oz",
        "price": "$34.00 ($8.10 / Fl Oz)",
        "listPrice": "",
        "imageUrl": "https://m.media-amazon.com/images/I/31E2W7TxV0L._SL160_.jpg",
        "detailPageURL": "https://www.amazon.com/dp/B01MQG6S6V",
        "rating": "4.8",
        "totalReviews": "984",
        "subtitle": "",
        "isPrimeEligible": "1"
    },
    {
        "ASIN": "B003JSEGNC",
        "title": "La Roche-Posay Effaclar Purifying Foaming Gel Cleanser for Oily Skin, pH Balancing Daily Face Wash, Oil Free and Soap Free",
        "price": "$22.99 ($1.70 / Fl Oz)",
        "listPrice": "",
        "imageUrl": "https://m.media-amazon.com/images/I/41msuMOsONL._SL160_.jpg",
        "detailPageURL": "https://www.amazon.com/dp/B003JSEGNC",
        "rating": "4.7",
        "totalReviews": "31710",
        "subtitle": "",
        "isPrimeEligible": "1"
    },
    {
        "ASIN": "B07F458BRP",
        "title": "Honest Beauty Gentle Gel Cleanser with Chamomile & Calendula Extracts, Sulfate and Paraben Free, 5.0 Fl Oz",
        "price": "$12.78 ($2.56 / Fl Oz)",
        "listPrice": "$14.99 ($3.00 / Fl Oz)",
        "imageUrl": "https://m.media-amazon.com/images/I/21SNUluk5KL._SL160_.jpg",
        "detailPageURL": "https://www.amazon.com/dp/B07F458BRP",
        "rating": "4.6",
        "totalReviews": "3892",
        "subtitle": "Honest Beauty",
        "isPrimeEligible": "1"
    },
    {
        "ASIN": "B081KL2QYJ",
        "title": "PanOxyl Acne Foaming Wash Benzoyl Peroxide 10% Maximum Strength Antimicrobial, 5.5 Oz",
        "price": "$9.77 ($1.78 / Ounce)",
        "listPrice": "",
        "imageUrl": "https://m.media-amazon.com/images/I/41hug+i8ijL._SL160_.jpg",
        "detailPageURL": "https://www.amazon.com/dp/B081KL2QYJ",
        "rating": "4.6",
        "totalReviews": "52644",
        "subtitle": "PanOxyl",
        "isPrimeEligible": "1"
    },
    {
        "ASIN": "B008IEUERE",
        "title": "Clean & Clear Essentials Foaming Facial Cleanser, Oil-Free Daily Face Wash with Glycerin to Remove Acne Breakout-Causing Dirt, Oil & Makeup Without Over-Drying, 8 Fl Oz (Packaging may vary)",
        "price": "$5.36 ($0.67 / Fl Oz)",
        "listPrice": "$7.59 ($0.95 / Fl Oz)",
        "imageUrl": "https://m.media-amazon.com/images/I/41R1RG9BFKL._SL160_.jpg",
        "detailPageURL": "https://www.amazon.com/dp/B008IEUERE",
        "rating": "4.5",
        "totalReviews": "9475",
        "subtitle": "Clean & Clear",
        "isPrimeEligible": "1"
    },
    {
        "ASIN": "B00G0IKDWG",
        "title": "SkinMedica AHA/BHA Exfoliating Cleanser Gently Scrub Away Dead Skin with Exfoliating Fash Wash Cleanser, Improving the Appearance of Skin Tone and Texture, 6 Fl Oz",
        "price": "$48.00 ($8.00 / Fl Oz)",
        "listPrice": "",
        "imageUrl": "https://m.media-amazon.com/images/I/31lnP6zhW9L._SL160_.jpg",
        "detailPageURL": "https://www.amazon.com/dp/B00G0IKDWG",
        "rating": "4.7",
        "totalReviews": "2053",
        "subtitle": "",
        "isPrimeEligible": "1"
    },
    {
        "ASIN": "B08VF5RDL2",
        "title": "Farmacy Whipped Greens Face Wash - Oil Free Foaming Facial Cleanser for Combination and Oily Skin (5.0 Fl Oz)",
        "price": "$28.00 ($5.60 / Fl Oz)",
        "listPrice": "",
        "imageUrl": "https://m.media-amazon.com/images/I/41GwlvpZX0L._SL160_.jpg",
        "detailPageURL": "https://www.amazon.com/dp/B08VF5RDL2",
        "rating": "4.7",
        "totalReviews": "784",
        "subtitle": "Farmacy",
        "isPrimeEligible": "1"
    },
    {
        "ASIN": "B000GDDKIU",
        "title": "Murad Clarifying Cleanser - Acne Control Salicylic Acid & Green Tea Extract Face Wash - Exfoliating Acne Skin Care Treatment Backed by Science, 6.75 Oz",
        "price": "$28.80 ($14.40 / Fl Oz)",
        "listPrice": "$34.00 ($17.00 / Fl Oz)",
        "imageUrl": "https://m.media-amazon.com/images/I/41oE1UqXMGL._SL160_.jpg",
        "detailPageURL": "https://www.amazon.com/dp/B000GDDKIU",
        "rating": "4.7",
        "totalReviews": "5356",
        "subtitle": "",
        "isPrimeEligible": "1"
    },
    {
        "ASIN": "B07GC74LL5",
        "title": "CETAPHIL Gentle Skin Cleanser 20 fl oz, Hydrating Face Wash & Body Wash, Ideal For Sensitive, Dry Skin, Non-irritating, Wont Clog Pores, Fragrance-free, Soap-free, Dermatologist Recommended",
        "price": "$20.25 ($1.01 / Fl Oz)",
        "listPrice": "",
        "imageUrl": "https://m.media-amazon.com/images/I/31GbplAHmyL._SL160_.jpg",
        "detailPageURL": "https://www.amazon.com/dp/B07GC74LL5",
        "rating": "4.6",
        "totalReviews": "35101",
        "subtitle": "Cetaphil",
        "isPrimeEligible": "1"
    },
    {
        "ASIN": "B01MQG6S6V",
        "title": "Lanc\u00f4me\u200b Cr\u00e9me Radiance Cream-to-Foam Face Cleanser - Gently Cleanses Skin & Removes Makeup - With Rose & Lotus Flower Extract - 4.2 Fl Oz",
        "price": "$34.00 ($8.10 / Fl Oz)",
        "listPrice": "",
        "imageUrl": "https://m.media-amazon.com/images/I/31E2W7TxV0L._SL160_.jpg",
        "detailPageURL": "https://www.amazon.com/dp/B01MQG6S6V",
        "rating": "4.8",
        "totalReviews": "984",
        "subtitle": "",
        "isPrimeEligible": "1"
    },
    {
        "ASIN": "B003JSEGNC",
        "title": "La Roche-Posay Effaclar Purifying Foaming Gel Cleanser for Oily Skin, pH Balancing Daily Face Wash, Oil Free and Soap Free",
        "price": "$22.99 ($1.70 / Fl Oz)",
        "listPrice": "",
        "imageUrl": "https://m.media-amazon.com/images/I/41msuMOsONL._SL160_.jpg",
        "detailPageURL": "https://www.amazon.com/dp/B003JSEGNC",
        "rating": "4.7",
        "totalReviews": "31710",
        "subtitle": "",
        "isPrimeEligible": "1"
    },
    {
        "ASIN": "B07F458BRP",
        "title": "Honest Beauty Gentle Gel Cleanser with Chamomile & Calendula Extracts, Sulfate and Paraben Free, 5.0 Fl Oz",
        "price": "$12.78 ($2.56 / Fl Oz)",
        "listPrice": "$14.99 ($3.00 / Fl Oz)",
        "imageUrl": "https://m.media-amazon.com/images/I/21SNUluk5KL._SL160_.jpg",
        "detailPageURL": "https://www.amazon.com/dp/B07F458BRP",
        "rating": "4.6",
        "totalReviews": "3892",
        "subtitle": "Honest Beauty",
        "isPrimeEligible": "1"
    },
    {
        "ASIN": "B081KL2QYJ",
        "title": "PanOxyl Acne Foaming Wash Benzoyl Peroxide 10% Maximum Strength Antimicrobial, 5.5 Oz",
        "price": "$9.77 ($1.78 / Ounce)",
        "listPrice": "",
        "imageUrl": "https://m.media-amazon.com/images/I/41hug+i8ijL._SL160_.jpg",
        "detailPageURL": "https://www.amazon.com/dp/B081KL2QYJ",
        "rating": "4.6",
        "totalReviews": "52644",
        "subtitle": "PanOxyl",
        "isPrimeEligible": "1"
    },
    {
        "ASIN": "B008IEUERE",
        "title": "Clean & Clear Essentials Foaming Facial Cleanser, Oil-Free Daily Face Wash with Glycerin to Remove Acne Breakout-Causing Dirt, Oil & Makeup Without Over-Drying, 8 Fl Oz (Packaging may vary)",
        "price": "$5.36 ($0.67 / Fl Oz)",
        "listPrice": "$7.59 ($0.95 / Fl Oz)",
        "imageUrl": "https://m.media-amazon.com/images/I/41R1RG9BFKL._SL160_.jpg",
        "detailPageURL": "https://www.amazon.com/dp/B008IEUERE",
        "rating": "4.5",
        "totalReviews": "9475",
        "subtitle": "Clean & Clear",
        "isPrimeEligible": "1"
    },
    {
        "ASIN": "B00G0IKDWG",
        "title": "SkinMedica AHA/BHA Exfoliating Cleanser Gently Scrub Away Dead Skin with Exfoliating Fash Wash Cleanser, Improving the Appearance of Skin Tone and Texture, 6 Fl Oz",
        "price": "$48.00 ($8.00 / Fl Oz)",
        "listPrice": "",
        "imageUrl": "https://m.media-amazon.com/images/I/31lnP6zhW9L._SL160_.jpg",
        "detailPageURL": "https://www.amazon.com/dp/B00G0IKDWG",
        "rating": "4.7",
        "totalReviews": "2053",
        "subtitle": "",
        "isPrimeEligible": "1"
    },
    {
        "ASIN": "B08VF5RDL2",
        "title": "Farmacy Whipped Greens Face Wash - Oil Free Foaming Facial Cleanser for Combination and Oily Skin (5.0 Fl Oz)",
        "price": "$28.00 ($5.60 / Fl Oz)",
        "listPrice": "",
        "imageUrl": "https://m.media-amazon.com/images/I/41GwlvpZX0L._SL160_.jpg",
        "detailPageURL": "https://www.amazon.com/dp/B08VF5RDL2",
        "rating": "4.7",
        "totalReviews": "784",
        "subtitle": "Farmacy",
        "isPrimeEligible": "1"
    },
    {
        "ASIN": "B000GDDKIU",
        "title": "Murad Clarifying Cleanser - Acne Control Salicylic Acid & Green Tea Extract Face Wash - Exfoliating Acne Skin Care Treatment Backed by Science, 6.75 Oz",
        "price": "$28.80 ($14.40 / Fl Oz)",
        "listPrice": "$34.00 ($17.00 / Fl Oz)",
        "imageUrl": "https://m.media-amazon.com/images/I/41oE1UqXMGL._SL160_.jpg",
        "detailPageURL": "https://www.amazon.com/dp/B000GDDKIU",
        "rating": "4.7",
        "totalReviews": "5356",
        "subtitle": "",
        "isPrimeEligible": "1"
    },
    {
        "ASIN": "B004DOYM2Q",
        "title": "Proactiv Acne Cleanser - Benzoyl Peroxide Face Wash and Acne Treatment - Daily Facial Cleanser and Hyularonic Acid Moisturizer with Exfoliating Beads - 90 Day Supply, 6 Oz",
        "price": "$37.50 ($6.25 / Fl Oz)",
        "listPrice": "",
        "imageUrl": "https://m.media-amazon.com/images/I/314wENuDlFL._SL160_.jpg",
        "detailPageURL": "https://www.amazon.com/dp/B004DOYM2Q",
        "rating": "4.7",
        "totalReviews": "9272",
        "subtitle": "Proactiv",
        "isPrimeEligible": "1"
    },
    {
        "ASIN": "B01MQG6S6V",
        "title": "Lanc\u00f4me\u200b Cr\u00e9me Radiance Cream-to-Foam Face Cleanser - Gently Cleanses Skin & Removes Makeup - With Rose & Lotus Flower Extract - 4.2 Fl Oz",
        "price": "$34.00 ($8.10 / Fl Oz)",
        "listPrice": "",
        "imageUrl": "https://m.media-amazon.com/images/I/31E2W7TxV0L._SL160_.jpg",
        "detailPageURL": "https://www.amazon.com/dp/B01MQG6S6V",
        "rating": "4.8",
        "totalReviews": "984",
        "subtitle": "",
        "isPrimeEligible": "1"
    },
    {
        "ASIN": "B003JSEGNC",
        "title": "La Roche-Posay Effaclar Purifying Foaming Gel Cleanser for Oily Skin, pH Balancing Daily Face Wash, Oil Free and Soap Free",
        "price": "$22.99 ($1.70 / Fl Oz)",
        "listPrice": "",
        "imageUrl": "https://m.media-amazon.com/images/I/41msuMOsONL._SL160_.jpg",
        "detailPageURL": "https://www.amazon.com/dp/B003JSEGNC",
        "rating": "4.7",
        "totalReviews": "31710",
        "subtitle": "",
        "isPrimeEligible": "1"
    },
    {
        "ASIN": "B07F458BRP",
        "title": "Honest Beauty Gentle Gel Cleanser with Chamomile & Calendula Extracts, Sulfate and Paraben Free, 5.0 Fl Oz",
        "price": "$12.78 ($2.56 / Fl Oz)",
        "listPrice": "$14.99 ($3.00 / Fl Oz)",
        "imageUrl": "https://m.media-amazon.com/images/I/21SNUluk5KL._SL160_.jpg",
        "detailPageURL": "https://www.amazon.com/dp/B07F458BRP",
        "rating": "4.6",
        "totalReviews": "3892",
        "subtitle": "Honest Beauty",
        "isPrimeEligible": "1"
    },
    {
        "ASIN": "B081KL2QYJ",
        "title": "PanOxyl Acne Foaming Wash Benzoyl Peroxide 10% Maximum Strength Antimicrobial, 5.5 Oz",
        "price": "$9.77 ($1.78 / Ounce)",
        "listPrice": "",
        "imageUrl": "https://m.media-amazon.com/images/I/41hug+i8ijL._SL160_.jpg",
        "detailPageURL": "https://www.amazon.com/dp/B081KL2QYJ",
        "rating": "4.6",
        "totalReviews": "52644",
        "subtitle": "PanOxyl",
        "isPrimeEligible": "1"
    },
    {
        "ASIN": "B008IEUERE",
        "title": "Clean & Clear Essentials Foaming Facial Cleanser, Oil-Free Daily Face Wash with Glycerin to Remove Acne Breakout-Causing Dirt, Oil & Makeup Without Over-Drying, 8 Fl Oz (Packaging may vary)",
        "price": "$5.36 ($0.67 / Fl Oz)",
        "listPrice": "$7.59 ($0.95 / Fl Oz)",
        "imageUrl": "https://m.media-amazon.com/images/I/41R1RG9BFKL._SL160_.jpg",
        "detailPageURL": "https://www.amazon.com/dp/B008IEUERE",
        "rating": "4.5",
        "totalReviews": "9475",
        "subtitle": "Clean & Clear",
        "isPrimeEligible": "1"
    },
    {
        "ASIN": "B00G0IKDWG",
        "title": "SkinMedica AHA/BHA Exfoliating Cleanser Gently Scrub Away Dead Skin with Exfoliating Fash Wash Cleanser, Improving the Appearance of Skin Tone and Texture, 6 Fl Oz",
        "price": "$48.00 ($8.00 / Fl Oz)",
        "listPrice": "",
        "imageUrl": "https://m.media-amazon.com/images/I/31lnP6zhW9L._SL160_.jpg",
        "detailPageURL": "https://www.amazon.com/dp/B00G0IKDWG",
        "rating": "4.7",
        "totalReviews": "2053",
        "subtitle": "",
        "isPrimeEligible": "1"
    },
    {
        "ASIN": "B08VF5RDL2",
        "title": "Farmacy Whipped Greens Face Wash - Oil Free Foaming Facial Cleanser for Combination and Oily Skin (5.0 Fl Oz)",
        "price": "$28.00 ($5.60 / Fl Oz)",
        "listPrice": "",
        "imageUrl": "https://m.media-amazon.com/images/I/41GwlvpZX0L._SL160_.jpg",
        "detailPageURL": "https://www.amazon.com/dp/B08VF5RDL2",
        "rating": "4.7",
        "totalReviews": "784",
        "subtitle": "Farmacy",
        "isPrimeEligible": "1"
    },
    {
        "ASIN": "B000GDDKIU",
        "title": "Murad Clarifying Cleanser - Acne Control Salicylic Acid & Green Tea Extract Face Wash - Exfoliating Acne Skin Care Treatment Backed by Science, 6.75 Oz",
        "price": "$28.80 ($14.40 / Fl Oz)",
        "listPrice": "$34.00 ($17.00 / Fl Oz)",
        "imageUrl": "https://m.media-amazon.com/images/I/41oE1UqXMGL._SL160_.jpg",
        "detailPageURL": "https://www.amazon.com/dp/B000GDDKIU",
        "rating": "4.7",
        "totalReviews": "5356",
        "subtitle": "",
        "isPrimeEligible": "1"
    },
    {
        "ASIN": "B004DOYM2Q",
        "title": "Proactiv Acne Cleanser - Benzoyl Peroxide Face Wash and Acne Treatment - Daily Facial Cleanser and Hyularonic Acid Moisturizer with Exfoliating Beads - 90 Day Supply, 6 Oz",
        "price": "$37.50 ($6.25 / Fl Oz)",
        "listPrice": "",
        "imageUrl": "https://m.media-amazon.com/images/I/314wENuDlFL._SL160_.jpg",
        "detailPageURL": "https://www.amazon.com/dp/B004DOYM2Q",
        "rating": "4.7",
        "totalReviews": "9272",
        "subtitle": "Proactiv",
        "isPrimeEligible": "1"
    },
    {
        "ASIN": "B09NMLMXXN",
        "title": "Versed Gentle Cycle Hydrating Milky Cleanser - Lightweight Daily Facial Wash Removes Makeup for Moisturized Skin - Oat Milk and Marula Oil Nourish Dry, Sensitive Skin - Vegan (5 fl oz)",
        "price": "$14.97 ($2.99 / Fl Oz)",
        "listPrice": "",
        "imageUrl": "https://m.media-amazon.com/images/I/21NydWJ3InL._SL160_.jpg",
        "detailPageURL": "https://www.amazon.com/dp/B09NMLMXXN",
        "rating": "4.0",
        "totalReviews": "115",
        "subtitle": "Versed",
        "isPrimeEligible": "1"
    },
    {
        "ASIN": "B003JSEGNC",
        "title": "La Roche-Posay Effaclar Purifying Foaming Gel Cleanser for Oily Skin, pH Balancing Daily Face Wash, Oil Free and Soap Free",
        "price": "$22.99 ($1.70 / Fl Oz)",
        "listPrice": "",
        "imageUrl": "https://m.media-amazon.com/images/I/41msuMOsONL._SL160_.jpg",
        "detailPageURL": "https://www.amazon.com/dp/B003JSEGNC",
        "rating": "4.7",
        "totalReviews": "31710",
        "subtitle": "",
        "isPrimeEligible": "1"
    },
    {
        "ASIN": "B07F458BRP",
        "title": "Honest Beauty Gentle Gel Cleanser with Chamomile & Calendula Extracts, Sulfate and Paraben Free, 5.0 Fl Oz",
        "price": "$12.78 ($2.56 / Fl Oz)",
        "listPrice": "$14.99 ($3.00 / Fl Oz)",
        "imageUrl": "https://m.media-amazon.com/images/I/21SNUluk5KL._SL160_.jpg",
        "detailPageURL": "https://www.amazon.com/dp/B07F458BRP",
        "rating": "4.6",
        "totalReviews": "3892",
        "subtitle": "Honest Beauty",
        "isPrimeEligible": "1"
    },
    {
        "ASIN": "B081KL2QYJ",
        "title": "PanOxyl Acne Foaming Wash Benzoyl Peroxide 10% Maximum Strength Antimicrobial, 5.5 Oz",
        "price": "$9.77 ($1.78 / Ounce)",
        "listPrice": "",
        "imageUrl": "https://m.media-amazon.com/images/I/41hug+i8ijL._SL160_.jpg",
        "detailPageURL": "https://www.amazon.com/dp/B081KL2QYJ",
        "rating": "4.6",
        "totalReviews": "52644",
        "subtitle": "PanOxyl",
        "isPrimeEligible": "1"
    },
    {
        "ASIN": "B008IEUERE",
        "title": "Clean & Clear Essentials Foaming Facial Cleanser, Oil-Free Daily Face Wash with Glycerin to Remove Acne Breakout-Causing Dirt, Oil & Makeup Without Over-Drying, 8 Fl Oz (Packaging may vary)",
        "price": "$5.36 ($0.67 / Fl Oz)",
        "listPrice": "$7.59 ($0.95 / Fl Oz)",
        "imageUrl": "https://m.media-amazon.com/images/I/41R1RG9BFKL._SL160_.jpg",
        "detailPageURL": "https://www.amazon.com/dp/B008IEUERE",
        "rating": "4.5",
        "totalReviews": "9475",
        "subtitle": "Clean & Clear",
        "isPrimeEligible": "1"
    },
    {
        "ASIN": "B00G0IKDWG",
        "title": "SkinMedica AHA/BHA Exfoliating Cleanser Gently Scrub Away Dead Skin with Exfoliating Fash Wash Cleanser, Improving the Appearance of Skin Tone and Texture, 6 Fl Oz",
        "price": "$48.00 ($8.00 / Fl Oz)",
        "listPrice": "",
        "imageUrl": "https://m.media-amazon.com/images/I/31lnP6zhW9L._SL160_.jpg",
        "detailPageURL": "https://www.amazon.com/dp/B00G0IKDWG",
        "rating": "4.7",
        "totalReviews": "2053",
        "subtitle": "",
        "isPrimeEligible": "1"
    },
    {
        "ASIN": "B08VF5RDL2",
        "title": "Farmacy Whipped Greens Face Wash - Oil Free Foaming Facial Cleanser for Combination and Oily Skin (5.0 Fl Oz)",
        "price": "$28.00 ($5.60 / Fl Oz)",
        "listPrice": "",
        "imageUrl": "https://m.media-amazon.com/images/I/41GwlvpZX0L._SL160_.jpg",
        "detailPageURL": "https://www.amazon.com/dp/B08VF5RDL2",
        "rating": "4.7",
        "totalReviews": "784",
        "subtitle": "Farmacy",
        "isPrimeEligible": "1"
    },
    {
        "ASIN": "B000GDDKIU",
        "title": "Murad Clarifying Cleanser - Acne Control Salicylic Acid & Green Tea Extract Face Wash - Exfoliating Acne Skin Care Treatment Backed by Science, 6.75 Oz",
        "price": "$28.80 ($14.40 / Fl Oz)",
        "listPrice": "$34.00 ($17.00 / Fl Oz)",
        "imageUrl": "https://m.media-amazon.com/images/I/41oE1UqXMGL._SL160_.jpg",
        "detailPageURL": "https://www.amazon.com/dp/B000GDDKIU",
        "rating": "4.7",
        "totalReviews": "5356",
        "subtitle": "",
        "isPrimeEligible": "1"
    },
    {
        "ASIN": "B004DOYM2Q",
        "title": "Proactiv Acne Cleanser - Benzoyl Peroxide Face Wash and Acne Treatment - Daily Facial Cleanser and Hyularonic Acid Moisturizer with Exfoliating Beads - 90 Day Supply, 6 Oz",
        "price": "$37.50 ($6.25 / Fl Oz)",
        "listPrice": "",
        "imageUrl": "https://m.media-amazon.com/images/I/314wENuDlFL._SL160_.jpg",
        "detailPageURL": "https://www.amazon.com/dp/B004DOYM2Q",
        "rating": "4.7",
        "totalReviews": "9272",
        "subtitle": "Proactiv",
        "isPrimeEligible": "1"
    },
    {
        "ASIN": "B09NMLMXXN",
        "title": "Versed Gentle Cycle Hydrating Milky Cleanser - Lightweight Daily Facial Wash Removes Makeup for Moisturized Skin - Oat Milk and Marula Oil Nourish Dry, Sensitive Skin - Vegan (5 fl oz)",
        "price": "$14.97 ($2.99 / Fl Oz)",
        "listPrice": "",
        "imageUrl": "https://m.media-amazon.com/images/I/21NydWJ3InL._SL160_.jpg",
        "detailPageURL": "https://www.amazon.com/dp/B09NMLMXXN",
        "rating": "4.0",
        "totalReviews": "115",
        "subtitle": "Versed",
        "isPrimeEligible": "1"
    },
    {
        "ASIN": "B01BQQUFQU",
        "title": "TULA Skin Care Supersize Cult Classic Purifying Face Cleanser - Gentle and Effective, Makeup Remover, Nourishing and Hydrating, 6.7oz",
        "price": "$29.20 ($4.36 / Ounce)",
        "listPrice": "$34.00 ($5.07 / Ounce)",
        "imageUrl": "https://m.media-amazon.com/images/I/31iLCcY027L._SL160_.jpg",
        "detailPageURL": "https://www.amazon.com/dp/B01BQQUFQU",
        "rating": "4.7",
        "totalReviews": "5414",
        "subtitle": "TULA",
        "isPrimeEligible": "1"
    },
    {
        "ASIN": "B07F458BRP",
        "title": "Honest Beauty Gentle Gel Cleanser with Chamomile & Calendula Extracts, Sulfate and Paraben Free, 5.0 Fl Oz",
        "price": "$12.78 ($2.56 / Fl Oz)",
        "listPrice": "$14.99 ($3.00 / Fl Oz)",
        "imageUrl": "https://m.media-amazon.com/images/I/21SNUluk5KL._SL160_.jpg",
        "detailPageURL": "https://www.amazon.com/dp/B07F458BRP",
        "rating": "4.6",
        "totalReviews": "3892",
        "subtitle": "Honest Beauty",
        "isPrimeEligible": "1"
    },
    {
        "ASIN": "B081KL2QYJ",
        "title": "PanOxyl Acne Foaming Wash Benzoyl Peroxide 10% Maximum Strength Antimicrobial, 5.5 Oz",
        "price": "$9.77 ($1.78 / Ounce)",
        "listPrice": "",
        "imageUrl": "https://m.media-amazon.com/images/I/41hug+i8ijL._SL160_.jpg",
        "detailPageURL": "https://www.amazon.com/dp/B081KL2QYJ",
        "rating": "4.6",
        "totalReviews": "52644",
        "subtitle": "PanOxyl",
        "isPrimeEligible": "1"
    },
    {
        "ASIN": "B008IEUERE",
        "title": "Clean & Clear Essentials Foaming Facial Cleanser, Oil-Free Daily Face Wash with Glycerin to Remove Acne Breakout-Causing Dirt, Oil & Makeup Without Over-Drying, 8 Fl Oz (Packaging may vary)",
        "price": "$5.36 ($0.67 / Fl Oz)",
        "listPrice": "$7.59 ($0.95 / Fl Oz)",
        "imageUrl": "https://m.media-amazon.com/images/I/41R1RG9BFKL._SL160_.jpg",
        "detailPageURL": "https://www.amazon.com/dp/B008IEUERE",
        "rating": "4.5",
        "totalReviews": "9475",
        "subtitle": "Clean & Clear",
        "isPrimeEligible": "1"
    },
    {
        "ASIN": "B00G0IKDWG",
        "title": "SkinMedica AHA/BHA Exfoliating Cleanser Gently Scrub Away Dead Skin with Exfoliating Fash Wash Cleanser, Improving the Appearance of Skin Tone and Texture, 6 Fl Oz",
        "price": "$48.00 ($8.00 / Fl Oz)",
        "listPrice": "",
        "imageUrl": "https://m.media-amazon.com/images/I/31lnP6zhW9L._SL160_.jpg",
        "detailPageURL": "https://www.amazon.com/dp/B00G0IKDWG",
        "rating": "4.7",
        "totalReviews": "2053",
        "subtitle": "",
        "isPrimeEligible": "1"
    },
    {
        "ASIN": "B08VF5RDL2",
        "title": "Farmacy Whipped Greens Face Wash - Oil Free Foaming Facial Cleanser for Combination and Oily Skin (5.0 Fl Oz)",
        "price": "$28.00 ($5.60 / Fl Oz)",
        "listPrice": "",
        "imageUrl": "https://m.media-amazon.com/images/I/41GwlvpZX0L._SL160_.jpg",
        "detailPageURL": "https://www.amazon.com/dp/B08VF5RDL2",
        "rating": "4.7",
        "totalReviews": "784",
        "subtitle": "Farmacy",
        "isPrimeEligible": "1"
    },
    {
        "ASIN": "B000GDDKIU",
        "title": "Murad Clarifying Cleanser - Acne Control Salicylic Acid & Green Tea Extract Face Wash - Exfoliating Acne Skin Care Treatment Backed by Science, 6.75 Oz",
        "price": "$28.80 ($14.40 / Fl Oz)",
        "listPrice": "$34.00 ($17.00 / Fl Oz)",
        "imageUrl": "https://m.media-amazon.com/images/I/41oE1UqXMGL._SL160_.jpg",
        "detailPageURL": "https://www.amazon.com/dp/B000GDDKIU",
        "rating": "4.7",
        "totalReviews": "5356",
        "subtitle": "",
        "isPrimeEligible": "1"
    },
    {
        "ASIN": "B004DOYM2Q",
        "title": "Proactiv Acne Cleanser - Benzoyl Peroxide Face Wash and Acne Treatment - Daily Facial Cleanser and Hyularonic Acid Moisturizer with Exfoliating Beads - 90 Day Supply, 6 Oz",
        "price": "$37.50 ($6.25 / Fl Oz)",
        "listPrice": "",
        "imageUrl": "https://m.media-amazon.com/images/I/314wENuDlFL._SL160_.jpg",
        "detailPageURL": "https://www.amazon.com/dp/B004DOYM2Q",
        "rating": "4.7",
        "totalReviews": "9272",
        "subtitle": "Proactiv",
        "isPrimeEligible": "1"
    },
    {
        "ASIN": "B09NMLMXXN",
        "title": "Versed Gentle Cycle Hydrating Milky Cleanser - Lightweight Daily Facial Wash Removes Makeup for Moisturized Skin - Oat Milk and Marula Oil Nourish Dry, Sensitive Skin - Vegan (5 fl oz)",
        "price": "$14.97 ($2.99 / Fl Oz)",
        "listPrice": "",
        "imageUrl": "https://m.media-amazon.com/images/I/21NydWJ3InL._SL160_.jpg",
        "detailPageURL": "https://www.amazon.com/dp/B09NMLMXXN",
        "rating": "4.0",
        "totalReviews": "115",
        "subtitle": "Versed",
        "isPrimeEligible": "1"
    },
    {
        "ASIN": "B01BQQUFQU",
        "title": "TULA Skin Care Supersize Cult Classic Purifying Face Cleanser - Gentle and Effective, Makeup Remover, Nourishing and Hydrating, 6.7oz",
        "price": "$29.20 ($4.36 / Ounce)",
        "listPrice": "$34.00 ($5.07 / Ounce)",
        "imageUrl": "https://m.media-amazon.com/images/I/31iLCcY027L._SL160_.jpg",
        "detailPageURL": "https://www.amazon.com/dp/B01BQQUFQU",
        "rating": "4.7",
        "totalReviews": "5414",
        "subtitle": "TULA",
        "isPrimeEligible": "1"
    },
    {
        "ASIN": "B07GKVBRMP",
        "title": "Neutrogena Oil-Free Salicylic Acid Pink Grapefruit Pore Cleansing Acne Wash and Facial Cleanser with Vitamin C, 9.1 fl. oz",
        "price": "$9.54 ($1.05 / Fl Oz)",
        "listPrice": "$13.39 ($1.47 / Fl Oz)",
        "imageUrl": "https://m.media-amazon.com/images/I/31Q6uMv-HtL._SL160_.jpg",
        "detailPageURL": "https://www.amazon.com/dp/B07GKVBRMP",
        "rating": "4.6",
        "totalReviews": "9830",
        "subtitle": "Neutrogena",
        "isPrimeEligible": "1"
    },
    {
        "ASIN": "B081KL2QYJ",
        "title": "PanOxyl Acne Foaming Wash Benzoyl Peroxide 10% Maximum Strength Antimicrobial, 5.5 Oz",
        "price": "$9.77 ($1.78 / Ounce)",
        "listPrice": "",
        "imageUrl": "https://m.media-amazon.com/images/I/41hug+i8ijL._SL160_.jpg",
        "detailPageURL": "https://www.amazon.com/dp/B081KL2QYJ",
        "rating": "4.6",
        "totalReviews": "52644",
        "subtitle": "PanOxyl",
        "isPrimeEligible": "1"
    },
    {
        "ASIN": "B008IEUERE",
        "title": "Clean & Clear Essentials Foaming Facial Cleanser, Oil-Free Daily Face Wash with Glycerin to Remove Acne Breakout-Causing Dirt, Oil & Makeup Without Over-Drying, 8 Fl Oz (Packaging may vary)",
        "price": "$5.36 ($0.67 / Fl Oz)",
        "listPrice": "$7.59 ($0.95 / Fl Oz)",
        "imageUrl": "https://m.media-amazon.com/images/I/41R1RG9BFKL._SL160_.jpg",
        "detailPageURL": "https://www.amazon.com/dp/B008IEUERE",
        "rating": "4.5",
        "totalReviews": "9475",
        "subtitle": "Clean & Clear",
        "isPrimeEligible": "1"
    },
    {
        "ASIN": "B00G0IKDWG",
        "title": "SkinMedica AHA/BHA Exfoliating Cleanser Gently Scrub Away Dead Skin with Exfoliating Fash Wash Cleanser, Improving the Appearance of Skin Tone and Texture, 6 Fl Oz",
        "price": "$48.00 ($8.00 / Fl Oz)",
        "listPrice": "",
        "imageUrl": "https://m.media-amazon.com/images/I/31lnP6zhW9L._SL160_.jpg",
        "detailPageURL": "https://www.amazon.com/dp/B00G0IKDWG",
        "rating": "4.7",
        "totalReviews": "2053",
        "subtitle": "",
        "isPrimeEligible": "1"
    },
    {
        "ASIN": "B08VF5RDL2",
        "title": "Farmacy Whipped Greens Face Wash - Oil Free Foaming Facial Cleanser for Combination and Oily Skin (5.0 Fl Oz)",
        "price": "$28.00 ($5.60 / Fl Oz)",
        "listPrice": "",
        "imageUrl": "https://m.media-amazon.com/images/I/41GwlvpZX0L._SL160_.jpg",
        "detailPageURL": "https://www.amazon.com/dp/B08VF5RDL2",
        "rating": "4.7",
        "totalReviews": "784",
        "subtitle": "Farmacy",
        "isPrimeEligible": "1"
    },
    {
        "ASIN": "B000GDDKIU",
        "title": "Murad Clarifying Cleanser - Acne Control Salicylic Acid & Green Tea Extract Face Wash - Exfoliating Acne Skin Care Treatment Backed by Science, 6.75 Oz",
        "price": "$28.80 ($14.40 / Fl Oz)",
        "listPrice": "$34.00 ($17.00 / Fl Oz)",
        "imageUrl": "https://m.media-amazon.com/images/I/41oE1UqXMGL._SL160_.jpg",
        "detailPageURL": "https://www.amazon.com/dp/B000GDDKIU",
        "rating": "4.7",
        "totalReviews": "5356",
        "subtitle": "",
        "isPrimeEligible": "1"
    },
    {
        "ASIN": "B004DOYM2Q",
        "title": "Proactiv Acne Cleanser - Benzoyl Peroxide Face Wash and Acne Treatment - Daily Facial Cleanser and Hyularonic Acid Moisturizer with Exfoliating Beads - 90 Day Supply, 6 Oz",
        "price": "$37.50 ($6.25 / Fl Oz)",
        "listPrice": "",
        "imageUrl": "https://m.media-amazon.com/images/I/314wENuDlFL._SL160_.jpg",
        "detailPageURL": "https://www.amazon.com/dp/B004DOYM2Q",
        "rating": "4.7",
        "totalReviews": "9272",
        "subtitle": "Proactiv",
        "isPrimeEligible": "1"
    },
    {
        "ASIN": "B09NMLMXXN",
        "title": "Versed Gentle Cycle Hydrating Milky Cleanser - Lightweight Daily Facial Wash Removes Makeup for Moisturized Skin - Oat Milk and Marula Oil Nourish Dry, Sensitive Skin - Vegan (5 fl oz)",
        "price": "$14.97 ($2.99 / Fl Oz)",
        "listPrice": "",
        "imageUrl": "https://m.media-amazon.com/images/I/21NydWJ3InL._SL160_.jpg",
        "detailPageURL": "https://www.amazon.com/dp/B09NMLMXXN",
        "rating": "4.0",
        "totalReviews": "115",
        "subtitle": "Versed",
        "isPrimeEligible": "1"
    },
    {
        "ASIN": "B01BQQUFQU",
        "title": "TULA Skin Care Supersize Cult Classic Purifying Face Cleanser - Gentle and Effective, Makeup Remover, Nourishing and Hydrating, 6.7oz",
        "price": "$29.20 ($4.36 / Ounce)",
        "listPrice": "$34.00 ($5.07 / Ounce)",
        "imageUrl": "https://m.media-amazon.com/images/I/31iLCcY027L._SL160_.jpg",
        "detailPageURL": "https://www.amazon.com/dp/B01BQQUFQU",
        "rating": "4.7",
        "totalReviews": "5414",
        "subtitle": "TULA",
        "isPrimeEligible": "1"
    },
    {
        "ASIN": "B07GKVBRMP",
        "title": "Neutrogena Oil-Free Salicylic Acid Pink Grapefruit Pore Cleansing Acne Wash and Facial Cleanser with Vitamin C, 9.1 fl. oz",
        "price": "$9.54 ($1.05 / Fl Oz)",
        "listPrice": "$13.39 ($1.47 / Fl Oz)",
        "imageUrl": "https://m.media-amazon.com/images/I/31Q6uMv-HtL._SL160_.jpg",
        "detailPageURL": "https://www.amazon.com/dp/B07GKVBRMP",
        "rating": "4.6",
        "totalReviews": "9830",
        "subtitle": "Neutrogena",
        "isPrimeEligible": "1"
    },
    {
        "ASIN": "B00DH209KO",
        "title": "Paula's Choice RESIST Optimal Results Hydrating Cleanser, Green Tea & Chamomile, Anti-Aging Face Wash, Dry Skin, 6.4 Ounce",
        "price": "$22.00 ($3.44 / Fl Oz)",
        "listPrice": "",
        "imageUrl": "https://m.media-amazon.com/images/I/31S5NvB5QqL._SL160_.jpg",
        "detailPageURL": "https://www.amazon.com/dp/B00DH209KO",
        "rating": "4.5",
        "totalReviews": "1203",
        "subtitle": "Paula's Choice",
        "isPrimeEligible": "1"
    },
    {
        "ASIN": "B008IEUERE",
        "title": "Clean & Clear Essentials Foaming Facial Cleanser, Oil-Free Daily Face Wash with Glycerin to Remove Acne Breakout-Causing Dirt, Oil & Makeup Without Over-Drying, 8 Fl Oz (Packaging may vary)",
        "price": "$5.36 ($0.67 / Fl Oz)",
        "listPrice": "$7.59 ($0.95 / Fl Oz)",
        "imageUrl": "https://m.media-amazon.com/images/I/41R1RG9BFKL._SL160_.jpg",
        "detailPageURL": "https://www.amazon.com/dp/B008IEUERE",
        "rating": "4.5",
        "totalReviews": "9475",
        "subtitle": "Clean & Clear",
        "isPrimeEligible": "1"
    },
    {
        "ASIN": "B00G0IKDWG",
        "title": "SkinMedica AHA/BHA Exfoliating Cleanser Gently Scrub Away Dead Skin with Exfoliating Fash Wash Cleanser, Improving the Appearance of Skin Tone and Texture, 6 Fl Oz",
        "price": "$48.00 ($8.00 / Fl Oz)",
        "listPrice": "",
        "imageUrl": "https://m.media-amazon.com/images/I/31lnP6zhW9L._SL160_.jpg",
        "detailPageURL": "https://www.amazon.com/dp/B00G0IKDWG",
        "rating": "4.7",
        "totalReviews": "2053",
        "subtitle": "",
        "isPrimeEligible": "1"
    },
    {
        "ASIN": "B08VF5RDL2",
        "title": "Farmacy Whipped Greens Face Wash - Oil Free Foaming Facial Cleanser for Combination and Oily Skin (5.0 Fl Oz)",
        "price": "$28.00 ($5.60 / Fl Oz)",
        "listPrice": "",
        "imageUrl": "https://m.media-amazon.com/images/I/41GwlvpZX0L._SL160_.jpg",
        "detailPageURL": "https://www.amazon.com/dp/B08VF5RDL2",
        "rating": "4.7",
        "totalReviews": "784",
        "subtitle": "Farmacy",
        "isPrimeEligible": "1"
    },
    {
        "ASIN": "B000GDDKIU",
        "title": "Murad Clarifying Cleanser - Acne Control Salicylic Acid & Green Tea Extract Face Wash - Exfoliating Acne Skin Care Treatment Backed by Science, 6.75 Oz",
        "price": "$28.80 ($14.40 / Fl Oz)",
        "listPrice": "$34.00 ($17.00 / Fl Oz)",
        "imageUrl": "https://m.media-amazon.com/images/I/41oE1UqXMGL._SL160_.jpg",
        "detailPageURL": "https://www.amazon.com/dp/B000GDDKIU",
        "rating": "4.7",
        "totalReviews": "5356",
        "subtitle": "",
        "isPrimeEligible": "1"
    },
    {
        "ASIN": "B004DOYM2Q",
        "title": "Proactiv Acne Cleanser - Benzoyl Peroxide Face Wash and Acne Treatment - Daily Facial Cleanser and Hyularonic Acid Moisturizer with Exfoliating Beads - 90 Day Supply, 6 Oz",
        "price": "$37.50 ($6.25 / Fl Oz)",
        "listPrice": "",
        "imageUrl": "https://m.media-amazon.com/images/I/314wENuDlFL._SL160_.jpg",
        "detailPageURL": "https://www.amazon.com/dp/B004DOYM2Q",
        "rating": "4.7",
        "totalReviews": "9272",
        "subtitle": "Proactiv",
        "isPrimeEligible": "1"
    },
    {
        "ASIN": "B09NMLMXXN",
        "title": "Versed Gentle Cycle Hydrating Milky Cleanser - Lightweight Daily Facial Wash Removes Makeup for Moisturized Skin - Oat Milk and Marula Oil Nourish Dry, Sensitive Skin - Vegan (5 fl oz)",
        "price": "$14.97 ($2.99 / Fl Oz)",
        "listPrice": "",
        "imageUrl": "https://m.media-amazon.com/images/I/21NydWJ3InL._SL160_.jpg",
        "detailPageURL": "https://www.amazon.com/dp/B09NMLMXXN",
        "rating": "4.0",
        "totalReviews": "115",
        "subtitle": "Versed",
        "isPrimeEligible": "1"
    },
    {
        "ASIN": "B01BQQUFQU",
        "title": "TULA Skin Care Supersize Cult Classic Purifying Face Cleanser - Gentle and Effective, Makeup Remover, Nourishing and Hydrating, 6.7oz",
        "price": "$29.20 ($4.36 / Ounce)",
        "listPrice": "$34.00 ($5.07 / Ounce)",
        "imageUrl": "https://m.media-amazon.com/images/I/31iLCcY027L._SL160_.jpg",
        "detailPageURL": "https://www.amazon.com/dp/B01BQQUFQU",
        "rating": "4.7",
        "totalReviews": "5414",
        "subtitle": "TULA",
        "isPrimeEligible": "1"
    },
    {
        "ASIN": "B07GKVBRMP",
        "title": "Neutrogena Oil-Free Salicylic Acid Pink Grapefruit Pore Cleansing Acne Wash and Facial Cleanser with Vitamin C, 9.1 fl. oz",
        "price": "$9.54 ($1.05 / Fl Oz)",
        "listPrice": "$13.39 ($1.47 / Fl Oz)",
        "imageUrl": "https://m.media-amazon.com/images/I/31Q6uMv-HtL._SL160_.jpg",
        "detailPageURL": "https://www.amazon.com/dp/B07GKVBRMP",
        "rating": "4.6",
        "totalReviews": "9830",
        "subtitle": "Neutrogena",
        "isPrimeEligible": "1"
    },
    {
        "ASIN": "B00DH209KO",
        "title": "Paula's Choice RESIST Optimal Results Hydrating Cleanser, Green Tea & Chamomile, Anti-Aging Face Wash, Dry Skin, 6.4 Ounce",
        "price": "$22.00 ($3.44 / Fl Oz)",
        "listPrice": "",
        "imageUrl": "https://m.media-amazon.com/images/I/31S5NvB5QqL._SL160_.jpg",
        "detailPageURL": "https://www.amazon.com/dp/B00DH209KO",
        "rating": "4.5",
        "totalReviews": "1203",
        "subtitle": "Paula's Choice",
        "isPrimeEligible": "1"
    },
    {
        "ASIN": "B082G1XYRB",
        "title": "ACURE Ultra Hydrating Green Juice Cleanser | 100% Vegan | Intense Moisture for Super Thirsty Skin | Supergreens & Adaptogens - Purifies, Deep Cleanses & Refreshes | 4Fl Oz",
        "price": "$13.27 ($3.32 / Fl Oz)",
        "listPrice": "$13.99 ($3.50 / Fl Oz)",
        "imageUrl": "https://m.media-amazon.com/images/I/31IxK35xbAL._SL160_.jpg",
        "detailPageURL": "https://www.amazon.com/dp/B082G1XYRB",
        "rating": "4.5",
        "totalReviews": "333",
        "subtitle": "Acure",
        "isPrimeEligible": "0"
    },
    {
        "ASIN": "B00G0IKDWG",
        "title": "SkinMedica AHA/BHA Exfoliating Cleanser Gently Scrub Away Dead Skin with Exfoliating Fash Wash Cleanser, Improving the Appearance of Skin Tone and Texture, 6 Fl Oz",
        "price": "$48.00 ($8.00 / Fl Oz)",
        "listPrice": "",
        "imageUrl": "https://m.media-amazon.com/images/I/31lnP6zhW9L._SL160_.jpg",
        "detailPageURL": "https://www.amazon.com/dp/B00G0IKDWG",
        "rating": "4.7",
        "totalReviews": "2053",
        "subtitle": "",
        "isPrimeEligible": "1"
    },
    {
        "ASIN": "B08VF5RDL2",
        "title": "Farmacy Whipped Greens Face Wash - Oil Free Foaming Facial Cleanser for Combination and Oily Skin (5.0 Fl Oz)",
        "price": "$28.00 ($5.60 / Fl Oz)",
        "listPrice": "",
        "imageUrl": "https://m.media-amazon.com/images/I/41GwlvpZX0L._SL160_.jpg",
        "detailPageURL": "https://www.amazon.com/dp/B08VF5RDL2",
        "rating": "4.7",
        "totalReviews": "784",
        "subtitle": "Farmacy",
        "isPrimeEligible": "1"
    },
    {
        "ASIN": "B000GDDKIU",
        "title": "Murad Clarifying Cleanser - Acne Control Salicylic Acid & Green Tea Extract Face Wash - Exfoliating Acne Skin Care Treatment Backed by Science, 6.75 Oz",
        "price": "$28.80 ($14.40 / Fl Oz)",
        "listPrice": "$34.00 ($17.00 / Fl Oz)",
        "imageUrl": "https://m.media-amazon.com/images/I/41oE1UqXMGL._SL160_.jpg",
        "detailPageURL": "https://www.amazon.com/dp/B000GDDKIU",
        "rating": "4.7",
        "totalReviews": "5356",
        "subtitle": "",
        "isPrimeEligible": "1"
    },
    {
        "ASIN": "B004DOYM2Q",
        "title": "Proactiv Acne Cleanser - Benzoyl Peroxide Face Wash and Acne Treatment - Daily Facial Cleanser and Hyularonic Acid Moisturizer with Exfoliating Beads - 90 Day Supply, 6 Oz",
        "price": "$37.50 ($6.25 / Fl Oz)",
        "listPrice": "",
        "imageUrl": "https://m.media-amazon.com/images/I/314wENuDlFL._SL160_.jpg",
        "detailPageURL": "https://www.amazon.com/dp/B004DOYM2Q",
        "rating": "4.7",
        "totalReviews": "9272",
        "subtitle": "Proactiv",
        "isPrimeEligible": "1"
    },
    {
        "ASIN": "B09NMLMXXN",
        "title": "Versed Gentle Cycle Hydrating Milky Cleanser - Lightweight Daily Facial Wash Removes Makeup for Moisturized Skin - Oat Milk and Marula Oil Nourish Dry, Sensitive Skin - Vegan (5 fl oz)",
        "price": "$14.97 ($2.99 / Fl Oz)",
        "listPrice": "",
        "imageUrl": "https://m.media-amazon.com/images/I/21NydWJ3InL._SL160_.jpg",
        "detailPageURL": "https://www.amazon.com/dp/B09NMLMXXN",
        "rating": "4.0",
        "totalReviews": "115",
        "subtitle": "Versed",
        "isPrimeEligible": "1"
    },
    {
        "ASIN": "B01BQQUFQU",
        "title": "TULA Skin Care Supersize Cult Classic Purifying Face Cleanser - Gentle and Effective, Makeup Remover, Nourishing and Hydrating, 6.7oz",
        "price": "$29.20 ($4.36 / Ounce)",
        "listPrice": "$34.00 ($5.07 / Ounce)",
        "imageUrl": "https://m.media-amazon.com/images/I/31iLCcY027L._SL160_.jpg",
        "detailPageURL": "https://www.amazon.com/dp/B01BQQUFQU",
        "rating": "4.7",
        "totalReviews": "5414",
        "subtitle": "TULA",
        "isPrimeEligible": "1"
    },
    {
        "ASIN": "B07GKVBRMP",
        "title": "Neutrogena Oil-Free Salicylic Acid Pink Grapefruit Pore Cleansing Acne Wash and Facial Cleanser with Vitamin C, 9.1 fl. oz",
        "price": "$9.54 ($1.05 / Fl Oz)",
        "listPrice": "$13.39 ($1.47 / Fl Oz)",
        "imageUrl": "https://m.media-amazon.com/images/I/31Q6uMv-HtL._SL160_.jpg",
        "detailPageURL": "https://www.amazon.com/dp/B07GKVBRMP",
        "rating": "4.6",
        "totalReviews": "9830",
        "subtitle": "Neutrogena",
        "isPrimeEligible": "1"
    },
    {
        "ASIN": "B00DH209KO",
        "title": "Paula's Choice RESIST Optimal Results Hydrating Cleanser, Green Tea & Chamomile, Anti-Aging Face Wash, Dry Skin, 6.4 Ounce",
        "price": "$22.00 ($3.44 / Fl Oz)",
        "listPrice": "",
        "imageUrl": "https://m.media-amazon.com/images/I/31S5NvB5QqL._SL160_.jpg",
        "detailPageURL": "https://www.amazon.com/dp/B00DH209KO",
        "rating": "4.5",
        "totalReviews": "1203",
        "subtitle": "Paula's Choice",
        "isPrimeEligible": "1"
    },
    {
        "ASIN": "B082G1XYRB",
        "title": "ACURE Ultra Hydrating Green Juice Cleanser | 100% Vegan | Intense Moisture for Super Thirsty Skin | Supergreens & Adaptogens - Purifies, Deep Cleanses & Refreshes | 4Fl Oz",
        "price": "$13.27 ($3.32 / Fl Oz)",
        "listPrice": "$13.99 ($3.50 / Fl Oz)",
        "imageUrl": "https://m.media-amazon.com/images/I/31IxK35xbAL._SL160_.jpg",
        "detailPageURL": "https://www.amazon.com/dp/B082G1XYRB",
        "rating": "4.5",
        "totalReviews": "333",
        "subtitle": "Acure",
        "isPrimeEligible": "0"
    },
    {
        "ASIN": "B07CTBMCY3",
        "title": "MAKEPREM Safe Me Relief Moisture Cleansing Foam Non-Stripping 5 Oz Hydrating Gentle Calming Foaming Cleanser Sensitive Acne-Prone Mature Dry Skin Face Wash pH 5.5 Sub-Acidic Age-Defying Chemical Free",
        "price": "$19.99 ($3.94 / Fl Oz)",
        "listPrice": "",
        "imageUrl": "https://m.media-amazon.com/images/I/41fNYGb7mmL._SL160_.jpg",
        "detailPageURL": "https://www.amazon.com/dp/B07CTBMCY3",
        "rating": "4.6",
        "totalReviews": "372",
        "subtitle": "MAKEP:REM",
        "isPrimeEligible": "1"
    },
    {
        "ASIN": "B08VF5RDL2",
        "title": "Farmacy Whipped Greens Face Wash - Oil Free Foaming Facial Cleanser for Combination and Oily Skin (5.0 Fl Oz)",
        "price": "$28.00 ($5.60 / Fl Oz)",
        "listPrice": "",
        "imageUrl": "https://m.media-amazon.com/images/I/41GwlvpZX0L._SL160_.jpg",
        "detailPageURL": "https://www.amazon.com/dp/B08VF5RDL2",
        "rating": "4.7",
        "totalReviews": "784",
        "subtitle": "Farmacy",
        "isPrimeEligible": "1"
    },
    {
        "ASIN": "B000GDDKIU",
        "title": "Murad Clarifying Cleanser - Acne Control Salicylic Acid & Green Tea Extract Face Wash - Exfoliating Acne Skin Care Treatment Backed by Science, 6.75 Oz",
        "price": "$28.80 ($14.40 / Fl Oz)",
        "listPrice": "$34.00 ($17.00 / Fl Oz)",
        "imageUrl": "https://m.media-amazon.com/images/I/41oE1UqXMGL._SL160_.jpg",
        "detailPageURL": "https://www.amazon.com/dp/B000GDDKIU",
        "rating": "4.7",
        "totalReviews": "5356",
        "subtitle": "",
        "isPrimeEligible": "1"
    },
    {
        "ASIN": "B004DOYM2Q",
        "title": "Proactiv Acne Cleanser - Benzoyl Peroxide Face Wash and Acne Treatment - Daily Facial Cleanser and Hyularonic Acid Moisturizer with Exfoliating Beads - 90 Day Supply, 6 Oz",
        "price": "$37.50 ($6.25 / Fl Oz)",
        "listPrice": "",
        "imageUrl": "https://m.media-amazon.com/images/I/314wENuDlFL._SL160_.jpg",
        "detailPageURL": "https://www.amazon.com/dp/B004DOYM2Q",
        "rating": "4.7",
        "totalReviews": "9272",
        "subtitle": "Proactiv",
        "isPrimeEligible": "1"
    },
    {
        "ASIN": "B09NMLMXXN",
        "title": "Versed Gentle Cycle Hydrating Milky Cleanser - Lightweight Daily Facial Wash Removes Makeup for Moisturized Skin - Oat Milk and Marula Oil Nourish Dry, Sensitive Skin - Vegan (5 fl oz)",
        "price": "$14.97 ($2.99 / Fl Oz)",
        "listPrice": "",
        "imageUrl": "https://m.media-amazon.com/images/I/21NydWJ3InL._SL160_.jpg",
        "detailPageURL": "https://www.amazon.com/dp/B09NMLMXXN",
        "rating": "4.0",
        "totalReviews": "115",
        "subtitle": "Versed",
        "isPrimeEligible": "1"
    },
    {
        "ASIN": "B01BQQUFQU",
        "title": "TULA Skin Care Supersize Cult Classic Purifying Face Cleanser - Gentle and Effective, Makeup Remover, Nourishing and Hydrating, 6.7oz",
        "price": "$29.20 ($4.36 / Ounce)",
        "listPrice": "$34.00 ($5.07 / Ounce)",
        "imageUrl": "https://m.media-amazon.com/images/I/31iLCcY027L._SL160_.jpg",
        "detailPageURL": "https://www.amazon.com/dp/B01BQQUFQU",
        "rating": "4.7",
        "totalReviews": "5414",
        "subtitle": "TULA",
        "isPrimeEligible": "1"
    },
    {
        "ASIN": "B07GKVBRMP",
        "title": "Neutrogena Oil-Free Salicylic Acid Pink Grapefruit Pore Cleansing Acne Wash and Facial Cleanser with Vitamin C, 9.1 fl. oz",
        "price": "$9.54 ($1.05 / Fl Oz)",
        "listPrice": "$13.39 ($1.47 / Fl Oz)",
        "imageUrl": "https://m.media-amazon.com/images/I/31Q6uMv-HtL._SL160_.jpg",
        "detailPageURL": "https://www.amazon.com/dp/B07GKVBRMP",
        "rating": "4.6",
        "totalReviews": "9830",
        "subtitle": "Neutrogena",
        "isPrimeEligible": "1"
    },
    {
        "ASIN": "B00DH209KO",
        "title": "Paula's Choice RESIST Optimal Results Hydrating Cleanser, Green Tea & Chamomile, Anti-Aging Face Wash, Dry Skin, 6.4 Ounce",
        "price": "$22.00 ($3.44 / Fl Oz)",
        "listPrice": "",
        "imageUrl": "https://m.media-amazon.com/images/I/31S5NvB5QqL._SL160_.jpg",
        "detailPageURL": "https://www.amazon.com/dp/B00DH209KO",
        "rating": "4.5",
        "totalReviews": "1203",
        "subtitle": "Paula's Choice",
        "isPrimeEligible": "1"
    },
    {
        "ASIN": "B082G1XYRB",
        "title": "ACURE Ultra Hydrating Green Juice Cleanser | 100% Vegan | Intense Moisture for Super Thirsty Skin | Supergreens & Adaptogens - Purifies, Deep Cleanses & Refreshes | 4Fl Oz",
        "price": "$13.27 ($3.32 / Fl Oz)",
        "listPrice": "$13.99 ($3.50 / Fl Oz)",
        "imageUrl": "https://m.media-amazon.com/images/I/31IxK35xbAL._SL160_.jpg",
        "detailPageURL": "https://www.amazon.com/dp/B082G1XYRB",
        "rating": "4.5",
        "totalReviews": "333",
        "subtitle": "Acure",
        "isPrimeEligible": "0"
    },
    {
        "ASIN": "B07CTBMCY3",
        "title": "MAKEPREM Safe Me Relief Moisture Cleansing Foam Non-Stripping 5 Oz Hydrating Gentle Calming Foaming Cleanser Sensitive Acne-Prone Mature Dry Skin Face Wash pH 5.5 Sub-Acidic Age-Defying Chemical Free",
        "price": "$19.99 ($3.94 / Fl Oz)",
        "listPrice": "",
        "imageUrl": "https://m.media-amazon.com/images/I/41fNYGb7mmL._SL160_.jpg",
        "detailPageURL": "https://www.amazon.com/dp/B07CTBMCY3",
        "rating": "4.6",
        "totalReviews": "372",
        "subtitle": "MAKEP:REM",
        "isPrimeEligible": "1"
    },
    {
        "ASIN": "B07F1KWK18",
        "title": "ESSENHERB TEA TREE FOAM CLEANSER, Creates a Creamy Foam that Soothes and Moisturizes, For All Skin Types Including Blemishes. (150ML)",
        "price": "$13.99 ($2.76 / Fl Oz)",
        "listPrice": "$18.00 ($3.55 / Fl Oz)",
        "imageUrl": "https://m.media-amazon.com/images/I/41Vj-kcrFFL._SL160_.jpg",
        "detailPageURL": "https://www.amazon.com/dp/B07F1KWK18",
        "rating": "4.8",
        "totalReviews": "572",
        "subtitle": "ESSENHERB",
        "isPrimeEligible": "1"
    },
    {
        "ASIN": "B000GDDKIU",
        "title": "Murad Clarifying Cleanser - Acne Control Salicylic Acid & Green Tea Extract Face Wash - Exfoliating Acne Skin Care Treatment Backed by Science, 6.75 Oz",
        "price": "$28.80 ($14.40 / Fl Oz)",
        "listPrice": "$34.00 ($17.00 / Fl Oz)",
        "imageUrl": "https://m.media-amazon.com/images/I/41oE1UqXMGL._SL160_.jpg",
        "detailPageURL": "https://www.amazon.com/dp/B000GDDKIU",
        "rating": "4.7",
        "totalReviews": "5356",
        "subtitle": "",
        "isPrimeEligible": "1"
    },
    {
        "ASIN": "B004DOYM2Q",
        "title": "Proactiv Acne Cleanser - Benzoyl Peroxide Face Wash and Acne Treatment - Daily Facial Cleanser and Hyularonic Acid Moisturizer with Exfoliating Beads - 90 Day Supply, 6 Oz",
        "price": "$37.50 ($6.25 / Fl Oz)",
        "listPrice": "",
        "imageUrl": "https://m.media-amazon.com/images/I/314wENuDlFL._SL160_.jpg",
        "detailPageURL": "https://www.amazon.com/dp/B004DOYM2Q",
        "rating": "4.7",
        "totalReviews": "9272",
        "subtitle": "Proactiv",
        "isPrimeEligible": "1"
    },
    {
        "ASIN": "B09NMLMXXN",
        "title": "Versed Gentle Cycle Hydrating Milky Cleanser - Lightweight Daily Facial Wash Removes Makeup for Moisturized Skin - Oat Milk and Marula Oil Nourish Dry, Sensitive Skin - Vegan (5 fl oz)",
        "price": "$14.97 ($2.99 / Fl Oz)",
        "listPrice": "",
        "imageUrl": "https://m.media-amazon.com/images/I/21NydWJ3InL._SL160_.jpg",
        "detailPageURL": "https://www.amazon.com/dp/B09NMLMXXN",
        "rating": "4.0",
        "totalReviews": "115",
        "subtitle": "Versed",
        "isPrimeEligible": "1"
    },
    {
        "ASIN": "B01BQQUFQU",
        "title": "TULA Skin Care Supersize Cult Classic Purifying Face Cleanser - Gentle and Effective, Makeup Remover, Nourishing and Hydrating, 6.7oz",
        "price": "$29.20 ($4.36 / Ounce)",
        "listPrice": "$34.00 ($5.07 / Ounce)",
        "imageUrl": "https://m.media-amazon.com/images/I/31iLCcY027L._SL160_.jpg",
        "detailPageURL": "https://www.amazon.com/dp/B01BQQUFQU",
        "rating": "4.7",
        "totalReviews": "5414",
        "subtitle": "TULA",
        "isPrimeEligible": "1"
    },
    {
        "ASIN": "B07GKVBRMP",
        "title": "Neutrogena Oil-Free Salicylic Acid Pink Grapefruit Pore Cleansing Acne Wash and Facial Cleanser with Vitamin C, 9.1 fl. oz",
        "price": "$9.54 ($1.05 / Fl Oz)",
        "listPrice": "$13.39 ($1.47 / Fl Oz)",
        "imageUrl": "https://m.media-amazon.com/images/I/31Q6uMv-HtL._SL160_.jpg",
        "detailPageURL": "https://www.amazon.com/dp/B07GKVBRMP",
        "rating": "4.6",
        "totalReviews": "9830",
        "subtitle": "Neutrogena",
        "isPrimeEligible": "1"
    },
    {
        "ASIN": "B00DH209KO",
        "title": "Paula's Choice RESIST Optimal Results Hydrating Cleanser, Green Tea & Chamomile, Anti-Aging Face Wash, Dry Skin, 6.4 Ounce",
        "price": "$22.00 ($3.44 / Fl Oz)",
        "listPrice": "",
        "imageUrl": "https://m.media-amazon.com/images/I/31S5NvB5QqL._SL160_.jpg",
        "detailPageURL": "https://www.amazon.com/dp/B00DH209KO",
        "rating": "4.5",
        "totalReviews": "1203",
        "subtitle": "Paula's Choice",
        "isPrimeEligible": "1"
    },
    {
        "ASIN": "B082G1XYRB",
        "title": "ACURE Ultra Hydrating Green Juice Cleanser | 100% Vegan | Intense Moisture for Super Thirsty Skin | Supergreens & Adaptogens - Purifies, Deep Cleanses & Refreshes | 4Fl Oz",
        "price": "$13.27 ($3.32 / Fl Oz)",
        "listPrice": "$13.99 ($3.50 / Fl Oz)",
        "imageUrl": "https://m.media-amazon.com/images/I/31IxK35xbAL._SL160_.jpg",
        "detailPageURL": "https://www.amazon.com/dp/B082G1XYRB",
        "rating": "4.5",
        "totalReviews": "333",
        "subtitle": "Acure",
        "isPrimeEligible": "0"
    },
    {
        "ASIN": "B07CTBMCY3",
        "title": "MAKEPREM Safe Me Relief Moisture Cleansing Foam Non-Stripping 5 Oz Hydrating Gentle Calming Foaming Cleanser Sensitive Acne-Prone Mature Dry Skin Face Wash pH 5.5 Sub-Acidic Age-Defying Chemical Free",
        "price": "$19.99 ($3.94 / Fl Oz)",
        "listPrice": "",
        "imageUrl": "https://m.media-amazon.com/images/I/41fNYGb7mmL._SL160_.jpg",
        "detailPageURL": "https://www.amazon.com/dp/B07CTBMCY3",
        "rating": "4.6",
        "totalReviews": "372",
        "subtitle": "MAKEP:REM",
        "isPrimeEligible": "1"
    },
    {
        "ASIN": "B07F1KWK18",
        "title": "ESSENHERB TEA TREE FOAM CLEANSER, Creates a Creamy Foam that Soothes and Moisturizes, For All Skin Types Including Blemishes. (150ML)",
        "price": "$13.99 ($2.76 / Fl Oz)",
        "listPrice": "$18.00 ($3.55 / Fl Oz)",
        "imageUrl": "https://m.media-amazon.com/images/I/41Vj-kcrFFL._SL160_.jpg",
        "detailPageURL": "https://www.amazon.com/dp/B07F1KWK18",
        "rating": "4.8",
        "totalReviews": "572",
        "subtitle": "ESSENHERB",
        "isPrimeEligible": "1"
    },
    {
        "ASIN": "B003RJ165Y",
        "title": "IMAGE Skincare, VITAL C Hydrating Facial Cleanser, Gentle Face Wash with Vitamin C, E and A, 6 fl oz",
        "price": "$38.00 ($6.33 / Fl Oz)",
        "listPrice": "",
        "imageUrl": "https://m.media-amazon.com/images/I/31w4ZlzZiyL._SL160_.jpg",
        "detailPageURL": "https://www.amazon.com/dp/B003RJ165Y",
        "rating": "4.7",
        "totalReviews": "2761",
        "subtitle": "",
        "isPrimeEligible": "1"
    },
    {
        "ASIN": "B004DOYM2Q",
        "title": "Proactiv Acne Cleanser - Benzoyl Peroxide Face Wash and Acne Treatment - Daily Facial Cleanser and Hyularonic Acid Moisturizer with Exfoliating Beads - 90 Day Supply, 6 Oz",
        "price": "$37.50 ($6.25 / Fl Oz)",
        "listPrice": "",
        "imageUrl": "https://m.media-amazon.com/images/I/314wENuDlFL._SL160_.jpg",
        "detailPageURL": "https://www.amazon.com/dp/B004DOYM2Q",
        "rating": "4.7",
        "totalReviews": "9272",
        "subtitle": "Proactiv",
        "isPrimeEligible": "1"
    },
    {
        "ASIN": "B09NMLMXXN",
        "title": "Versed Gentle Cycle Hydrating Milky Cleanser - Lightweight Daily Facial Wash Removes Makeup for Moisturized Skin - Oat Milk and Marula Oil Nourish Dry, Sensitive Skin - Vegan (5 fl oz)",
        "price": "$14.97 ($2.99 / Fl Oz)",
        "listPrice": "",
        "imageUrl": "https://m.media-amazon.com/images/I/21NydWJ3InL._SL160_.jpg",
        "detailPageURL": "https://www.amazon.com/dp/B09NMLMXXN",
        "rating": "4.0",
        "totalReviews": "115",
        "subtitle": "Versed",
        "isPrimeEligible": "1"
    },
    {
        "ASIN": "B01BQQUFQU",
        "title": "TULA Skin Care Supersize Cult Classic Purifying Face Cleanser - Gentle and Effective, Makeup Remover, Nourishing and Hydrating, 6.7oz",
        "price": "$29.20 ($4.36 / Ounce)",
        "listPrice": "$34.00 ($5.07 / Ounce)",
        "imageUrl": "https://m.media-amazon.com/images/I/31iLCcY027L._SL160_.jpg",
        "detailPageURL": "https://www.amazon.com/dp/B01BQQUFQU",
        "rating": "4.7",
        "totalReviews": "5414",
        "subtitle": "TULA",
        "isPrimeEligible": "1"
    },
    {
        "ASIN": "B07GKVBRMP",
        "title": "Neutrogena Oil-Free Salicylic Acid Pink Grapefruit Pore Cleansing Acne Wash and Facial Cleanser with Vitamin C, 9.1 fl. oz",
        "price": "$9.54 ($1.05 / Fl Oz)",
        "listPrice": "$13.39 ($1.47 / Fl Oz)",
        "imageUrl": "https://m.media-amazon.com/images/I/31Q6uMv-HtL._SL160_.jpg",
        "detailPageURL": "https://www.amazon.com/dp/B07GKVBRMP",
        "rating": "4.6",
        "totalReviews": "9830",
        "subtitle": "Neutrogena",
        "isPrimeEligible": "1"
    },
    {
        "ASIN": "B00DH209KO",
        "title": "Paula's Choice RESIST Optimal Results Hydrating Cleanser, Green Tea & Chamomile, Anti-Aging Face Wash, Dry Skin, 6.4 Ounce",
        "price": "$22.00 ($3.44 / Fl Oz)",
        "listPrice": "",
        "imageUrl": "https://m.media-amazon.com/images/I/31S5NvB5QqL._SL160_.jpg",
        "detailPageURL": "https://www.amazon.com/dp/B00DH209KO",
        "rating": "4.5",
        "totalReviews": "1203",
        "subtitle": "Paula's Choice",
        "isPrimeEligible": "1"
    },
    {
        "ASIN": "B082G1XYRB",
        "title": "ACURE Ultra Hydrating Green Juice Cleanser | 100% Vegan | Intense Moisture for Super Thirsty Skin | Supergreens & Adaptogens - Purifies, Deep Cleanses & Refreshes | 4Fl Oz",
        "price": "$13.27 ($3.32 / Fl Oz)",
        "listPrice": "$13.99 ($3.50 / Fl Oz)",
        "imageUrl": "https://m.media-amazon.com/images/I/31IxK35xbAL._SL160_.jpg",
        "detailPageURL": "https://www.amazon.com/dp/B082G1XYRB",
        "rating": "4.5",
        "totalReviews": "333",
        "subtitle": "Acure",
        "isPrimeEligible": "0"
    },
    {
        "ASIN": "B07CTBMCY3",
        "title": "MAKEPREM Safe Me Relief Moisture Cleansing Foam Non-Stripping 5 Oz Hydrating Gentle Calming Foaming Cleanser Sensitive Acne-Prone Mature Dry Skin Face Wash pH 5.5 Sub-Acidic Age-Defying Chemical Free",
        "price": "$19.99 ($3.94 / Fl Oz)",
        "listPrice": "",
        "imageUrl": "https://m.media-amazon.com/images/I/41fNYGb7mmL._SL160_.jpg",
        "detailPageURL": "https://www.amazon.com/dp/B07CTBMCY3",
        "rating": "4.6",
        "totalReviews": "372",
        "subtitle": "MAKEP:REM",
        "isPrimeEligible": "1"
    },
    {
        "ASIN": "B07F1KWK18",
        "title": "ESSENHERB TEA TREE FOAM CLEANSER, Creates a Creamy Foam that Soothes and Moisturizes, For All Skin Types Including Blemishes. (150ML)",
        "price": "$13.99 ($2.76 / Fl Oz)",
        "listPrice": "$18.00 ($3.55 / Fl Oz)",
        "imageUrl": "https://m.media-amazon.com/images/I/41Vj-kcrFFL._SL160_.jpg",
        "detailPageURL": "https://www.amazon.com/dp/B07F1KWK18",
        "rating": "4.8",
        "totalReviews": "572",
        "subtitle": "ESSENHERB",
        "isPrimeEligible": "1"
    },
    {
        "ASIN": "B003RJ165Y",
        "title": "IMAGE Skincare, VITAL C Hydrating Facial Cleanser, Gentle Face Wash with Vitamin C, E and A, 6 fl oz",
        "price": "$38.00 ($6.33 / Fl Oz)",
        "listPrice": "",
        "imageUrl": "https://m.media-amazon.com/images/I/31w4ZlzZiyL._SL160_.jpg",
        "detailPageURL": "https://www.amazon.com/dp/B003RJ165Y",
        "rating": "4.7",
        "totalReviews": "2761",
        "subtitle": "",
        "isPrimeEligible": "1"
    },
    {
        "ASIN": "B077FJJDVD",
        "title": "Cetaphil Oil Free Gentle Foaming Cleanser For Dry to Normal, Sensitive Skin, 8oz Pack of 2, Made with Glycerin and Vitamins B5 and E, Dermatologist Tested, Hypoallergenic, Soap Free, Fragrance Free",
        "price": "$17.94 ($1.12 / Fl Oz)",
        "listPrice": "",
        "imageUrl": "https://m.media-amazon.com/images/I/41B65C7LUZL._SL160_.jpg",
        "detailPageURL": "https://www.amazon.com/dp/B077FJJDVD",
        "rating": "4.6",
        "totalReviews": "5273",
        "subtitle": "Cetaphil",
        "isPrimeEligible": "1"
    },
    {
        "ASIN": "B09NMLMXXN",
        "title": "Versed Gentle Cycle Hydrating Milky Cleanser - Lightweight Daily Facial Wash Removes Makeup for Moisturized Skin - Oat Milk and Marula Oil Nourish Dry, Sensitive Skin - Vegan (5 fl oz)",
        "price": "$14.97 ($2.99 / Fl Oz)",
        "listPrice": "",
        "imageUrl": "https://m.media-amazon.com/images/I/21NydWJ3InL._SL160_.jpg",
        "detailPageURL": "https://www.amazon.com/dp/B09NMLMXXN",
        "rating": "4.0",
        "totalReviews": "115",
        "subtitle": "Versed",
        "isPrimeEligible": "1"
    },
    {
        "ASIN": "B01BQQUFQU",
        "title": "TULA Skin Care Supersize Cult Classic Purifying Face Cleanser - Gentle and Effective, Makeup Remover, Nourishing and Hydrating, 6.7oz",
        "price": "$29.20 ($4.36 / Ounce)",
        "listPrice": "$34.00 ($5.07 / Ounce)",
        "imageUrl": "https://m.media-amazon.com/images/I/31iLCcY027L._SL160_.jpg",
        "detailPageURL": "https://www.amazon.com/dp/B01BQQUFQU",
        "rating": "4.7",
        "totalReviews": "5414",
        "subtitle": "TULA",
        "isPrimeEligible": "1"
    },
    {
        "ASIN": "B07GKVBRMP",
        "title": "Neutrogena Oil-Free Salicylic Acid Pink Grapefruit Pore Cleansing Acne Wash and Facial Cleanser with Vitamin C, 9.1 fl. oz",
        "price": "$9.54 ($1.05 / Fl Oz)",
        "listPrice": "$13.39 ($1.47 / Fl Oz)",
        "imageUrl": "https://m.media-amazon.com/images/I/31Q6uMv-HtL._SL160_.jpg",
        "detailPageURL": "https://www.amazon.com/dp/B07GKVBRMP",
        "rating": "4.6",
        "totalReviews": "9830",
        "subtitle": "Neutrogena",
        "isPrimeEligible": "1"
    },
    {
        "ASIN": "B00DH209KO",
        "title": "Paula's Choice RESIST Optimal Results Hydrating Cleanser, Green Tea & Chamomile, Anti-Aging Face Wash, Dry Skin, 6.4 Ounce",
        "price": "$22.00 ($3.44 / Fl Oz)",
        "listPrice": "",
        "imageUrl": "https://m.media-amazon.com/images/I/31S5NvB5QqL._SL160_.jpg",
        "detailPageURL": "https://www.amazon.com/dp/B00DH209KO",
        "rating": "4.5",
        "totalReviews": "1203",
        "subtitle": "Paula's Choice",
        "isPrimeEligible": "1"
    },
    {
        "ASIN": "B082G1XYRB",
        "title": "ACURE Ultra Hydrating Green Juice Cleanser | 100% Vegan | Intense Moisture for Super Thirsty Skin | Supergreens & Adaptogens - Purifies, Deep Cleanses & Refreshes | 4Fl Oz",
        "price": "$13.27 ($3.32 / Fl Oz)",
        "listPrice": "$13.99 ($3.50 / Fl Oz)",
        "imageUrl": "https://m.media-amazon.com/images/I/31IxK35xbAL._SL160_.jpg",
        "detailPageURL": "https://www.amazon.com/dp/B082G1XYRB",
        "rating": "4.5",
        "totalReviews": "333",
        "subtitle": "Acure",
        "isPrimeEligible": "0"
    },
    {
        "ASIN": "B07CTBMCY3",
        "title": "MAKEPREM Safe Me Relief Moisture Cleansing Foam Non-Stripping 5 Oz Hydrating Gentle Calming Foaming Cleanser Sensitive Acne-Prone Mature Dry Skin Face Wash pH 5.5 Sub-Acidic Age-Defying Chemical Free",
        "price": "$19.99 ($3.94 / Fl Oz)",
        "listPrice": "",
        "imageUrl": "https://m.media-amazon.com/images/I/41fNYGb7mmL._SL160_.jpg",
        "detailPageURL": "https://www.amazon.com/dp/B07CTBMCY3",
        "rating": "4.6",
        "totalReviews": "372",
        "subtitle": "MAKEP:REM",
        "isPrimeEligible": "1"
    },
    {
        "ASIN": "B07F1KWK18",
        "title": "ESSENHERB TEA TREE FOAM CLEANSER, Creates a Creamy Foam that Soothes and Moisturizes, For All Skin Types Including Blemishes. (150ML)",
        "price": "$13.99 ($2.76 / Fl Oz)",
        "listPrice": "$18.00 ($3.55 / Fl Oz)",
        "imageUrl": "https://m.media-amazon.com/images/I/41Vj-kcrFFL._SL160_.jpg",
        "detailPageURL": "https://www.amazon.com/dp/B07F1KWK18",
        "rating": "4.8",
        "totalReviews": "572",
        "subtitle": "ESSENHERB",
        "isPrimeEligible": "1"
    },
    {
        "ASIN": "B003RJ165Y",
        "title": "IMAGE Skincare, VITAL C Hydrating Facial Cleanser, Gentle Face Wash with Vitamin C, E and A, 6 fl oz",
        "price": "$38.00 ($6.33 / Fl Oz)",
        "listPrice": "",
        "imageUrl": "https://m.media-amazon.com/images/I/31w4ZlzZiyL._SL160_.jpg",
        "detailPageURL": "https://www.amazon.com/dp/B003RJ165Y",
        "rating": "4.7",
        "totalReviews": "2761",
        "subtitle": "",
        "isPrimeEligible": "1"
    },
    {
        "ASIN": "B077FJJDVD",
        "title": "Cetaphil Oil Free Gentle Foaming Cleanser For Dry to Normal, Sensitive Skin, 8oz Pack of 2, Made with Glycerin and Vitamins B5 and E, Dermatologist Tested, Hypoallergenic, Soap Free, Fragrance Free",
        "price": "$17.94 ($1.12 / Fl Oz)",
        "listPrice": "",
        "imageUrl": "https://m.media-amazon.com/images/I/41B65C7LUZL._SL160_.jpg",
        "detailPageURL": "https://www.amazon.com/dp/B077FJJDVD",
        "rating": "4.6",
        "totalReviews": "5273",
        "subtitle": "Cetaphil",
        "isPrimeEligible": "1"
    },
    {
        "ASIN": "B09KG8B2QK",
        "title": "Rael Face Wash, Miracle Clear Exfoliating Cleanser - Face Cleanser for Oily and Acne Prone Skin, Gentle Facial Cleanser, Hydrating, w/Succinic Acid & Minerice, Vegan, Cruelty Free (5.1 fl. oz)",
        "price": "$11.98 ($2.35 / Fl Oz)",
        "listPrice": "",
        "imageUrl": "https://m.media-amazon.com/images/I/41EAXHZc5AL._SL160_.jpg",
        "detailPageURL": "https://www.amazon.com/dp/B09KG8B2QK",
        "rating": "4.4",
        "totalReviews": "326",
        "subtitle": "Rael",
        "isPrimeEligible": "1"
    },
    {
        "ASIN": "B01BQQUFQU",
        "title": "TULA Skin Care Supersize Cult Classic Purifying Face Cleanser - Gentle and Effective, Makeup Remover, Nourishing and Hydrating, 6.7oz",
        "price": "$29.20 ($4.36 / Ounce)",
        "listPrice": "$34.00 ($5.07 / Ounce)",
        "imageUrl": "https://m.media-amazon.com/images/I/31iLCcY027L._SL160_.jpg",
        "detailPageURL": "https://www.amazon.com/dp/B01BQQUFQU",
        "rating": "4.7",
        "totalReviews": "5414",
        "subtitle": "TULA",
        "isPrimeEligible": "1"
    },
    {
        "ASIN": "B07GKVBRMP",
        "title": "Neutrogena Oil-Free Salicylic Acid Pink Grapefruit Pore Cleansing Acne Wash and Facial Cleanser with Vitamin C, 9.1 fl. oz",
        "price": "$9.54 ($1.05 / Fl Oz)",
        "listPrice": "$13.39 ($1.47 / Fl Oz)",
        "imageUrl": "https://m.media-amazon.com/images/I/31Q6uMv-HtL._SL160_.jpg",
        "detailPageURL": "https://www.amazon.com/dp/B07GKVBRMP",
        "rating": "4.6",
        "totalReviews": "9830",
        "subtitle": "Neutrogena",
        "isPrimeEligible": "1"
    },
    {
        "ASIN": "B00DH209KO",
        "title": "Paula's Choice RESIST Optimal Results Hydrating Cleanser, Green Tea & Chamomile, Anti-Aging Face Wash, Dry Skin, 6.4 Ounce",
        "price": "$22.00 ($3.44 / Fl Oz)",
        "listPrice": "",
        "imageUrl": "https://m.media-amazon.com/images/I/31S5NvB5QqL._SL160_.jpg",
        "detailPageURL": "https://www.amazon.com/dp/B00DH209KO",
        "rating": "4.5",
        "totalReviews": "1203",
        "subtitle": "Paula's Choice",
        "isPrimeEligible": "1"
    },
    {
        "ASIN": "B082G1XYRB",
        "title": "ACURE Ultra Hydrating Green Juice Cleanser | 100% Vegan | Intense Moisture for Super Thirsty Skin | Supergreens & Adaptogens - Purifies, Deep Cleanses & Refreshes | 4Fl Oz",
        "price": "$13.27 ($3.32 / Fl Oz)",
        "listPrice": "$13.99 ($3.50 / Fl Oz)",
        "imageUrl": "https://m.media-amazon.com/images/I/31IxK35xbAL._SL160_.jpg",
        "detailPageURL": "https://www.amazon.com/dp/B082G1XYRB",
        "rating": "4.5",
        "totalReviews": "333",
        "subtitle": "Acure",
        "isPrimeEligible": "0"
    },
    {
        "ASIN": "B07CTBMCY3",
        "title": "MAKEPREM Safe Me Relief Moisture Cleansing Foam Non-Stripping 5 Oz Hydrating Gentle Calming Foaming Cleanser Sensitive Acne-Prone Mature Dry Skin Face Wash pH 5.5 Sub-Acidic Age-Defying Chemical Free",
        "price": "$19.99 ($3.94 / Fl Oz)",
        "listPrice": "",
        "imageUrl": "https://m.media-amazon.com/images/I/41fNYGb7mmL._SL160_.jpg",
        "detailPageURL": "https://www.amazon.com/dp/B07CTBMCY3",
        "rating": "4.6",
        "totalReviews": "372",
        "subtitle": "MAKEP:REM",
        "isPrimeEligible": "1"
    },
    {
        "ASIN": "B07F1KWK18",
        "title": "ESSENHERB TEA TREE FOAM CLEANSER, Creates a Creamy Foam that Soothes and Moisturizes, For All Skin Types Including Blemishes. (150ML)",
        "price": "$13.99 ($2.76 / Fl Oz)",
        "listPrice": "$18.00 ($3.55 / Fl Oz)",
        "imageUrl": "https://m.media-amazon.com/images/I/41Vj-kcrFFL._SL160_.jpg",
        "detailPageURL": "https://www.amazon.com/dp/B07F1KWK18",
        "rating": "4.8",
        "totalReviews": "572",
        "subtitle": "ESSENHERB",
        "isPrimeEligible": "1"
    },
    {
        "ASIN": "B003RJ165Y",
        "title": "IMAGE Skincare, VITAL C Hydrating Facial Cleanser, Gentle Face Wash with Vitamin C, E and A, 6 fl oz",
        "price": "$38.00 ($6.33 / Fl Oz)",
        "listPrice": "",
        "imageUrl": "https://m.media-amazon.com/images/I/31w4ZlzZiyL._SL160_.jpg",
        "detailPageURL": "https://www.amazon.com/dp/B003RJ165Y",
        "rating": "4.7",
        "totalReviews": "2761",
        "subtitle": "",
        "isPrimeEligible": "1"
    },
    {
        "ASIN": "B077FJJDVD",
        "title": "Cetaphil Oil Free Gentle Foaming Cleanser For Dry to Normal, Sensitive Skin, 8oz Pack of 2, Made with Glycerin and Vitamins B5 and E, Dermatologist Tested, Hypoallergenic, Soap Free, Fragrance Free",
        "price": "$17.94 ($1.12 / Fl Oz)",
        "listPrice": "",
        "imageUrl": "https://m.media-amazon.com/images/I/41B65C7LUZL._SL160_.jpg",
        "detailPageURL": "https://www.amazon.com/dp/B077FJJDVD",
        "rating": "4.6",
        "totalReviews": "5273",
        "subtitle": "Cetaphil",
        "isPrimeEligible": "1"
    },
    {
        "ASIN": "B09KG8B2QK",
        "title": "Rael Face Wash, Miracle Clear Exfoliating Cleanser - Face Cleanser for Oily and Acne Prone Skin, Gentle Facial Cleanser, Hydrating, w/Succinic Acid & Minerice, Vegan, Cruelty Free (5.1 fl. oz)",
        "price": "$11.98 ($2.35 / Fl Oz)",
        "listPrice": "",
        "imageUrl": "https://m.media-amazon.com/images/I/41EAXHZc5AL._SL160_.jpg",
        "detailPageURL": "https://www.amazon.com/dp/B09KG8B2QK",
        "rating": "4.4",
        "totalReviews": "326",
        "subtitle": "Rael",
        "isPrimeEligible": "1"
    },
    {
        "ASIN": "B07T9K2JK7",
        "title": "Neutrogena Fresh Foaming Facial Cleanser & Makeup Remover with Glycerin, Oil-, Soap- & Alcohol-Free Daily Face Wash Removes Dirt, Oil & Waterproof Makeup, Non-Comedogenic, 9.6 fl. oz",
        "price": "$18.99 ($1.98 / Fl Oz)",
        "listPrice": "",
        "imageUrl": "https://m.media-amazon.com/images/I/31zfuMh6F5L._SL160_.jpg",
        "detailPageURL": "https://www.amazon.com/dp/B07T9K2JK7",
        "rating": "4.6",
        "totalReviews": "18722",
        "subtitle": "Neutrogena",
        "isPrimeEligible": "1"
    },
    {
        "ASIN": "B07GKVBRMP",
        "title": "Neutrogena Oil-Free Salicylic Acid Pink Grapefruit Pore Cleansing Acne Wash and Facial Cleanser with Vitamin C, 9.1 fl. oz",
        "price": "$9.54 ($1.05 / Fl Oz)",
        "listPrice": "$13.39 ($1.47 / Fl Oz)",
        "imageUrl": "https://m.media-amazon.com/images/I/31Q6uMv-HtL._SL160_.jpg",
        "detailPageURL": "https://www.amazon.com/dp/B07GKVBRMP",
        "rating": "4.6",
        "totalReviews": "9830",
        "subtitle": "Neutrogena",
        "isPrimeEligible": "1"
    },
    {
        "ASIN": "B00DH209KO",
        "title": "Paula's Choice RESIST Optimal Results Hydrating Cleanser, Green Tea & Chamomile, Anti-Aging Face Wash, Dry Skin, 6.4 Ounce",
        "price": "$22.00 ($3.44 / Fl Oz)",
        "listPrice": "",
        "imageUrl": "https://m.media-amazon.com/images/I/31S5NvB5QqL._SL160_.jpg",
        "detailPageURL": "https://www.amazon.com/dp/B00DH209KO",
        "rating": "4.5",
        "totalReviews": "1203",
        "subtitle": "Paula's Choice",
        "isPrimeEligible": "1"
    },
    {
        "ASIN": "B082G1XYRB",
        "title": "ACURE Ultra Hydrating Green Juice Cleanser | 100% Vegan | Intense Moisture for Super Thirsty Skin | Supergreens & Adaptogens - Purifies, Deep Cleanses & Refreshes | 4Fl Oz",
        "price": "$13.27 ($3.32 / Fl Oz)",
        "listPrice": "$13.99 ($3.50 / Fl Oz)",
        "imageUrl": "https://m.media-amazon.com/images/I/31IxK35xbAL._SL160_.jpg",
        "detailPageURL": "https://www.amazon.com/dp/B082G1XYRB",
        "rating": "4.5",
        "totalReviews": "333",
        "subtitle": "Acure",
        "isPrimeEligible": "0"
    },
    {
        "ASIN": "B07CTBMCY3",
        "title": "MAKEPREM Safe Me Relief Moisture Cleansing Foam Non-Stripping 5 Oz Hydrating Gentle Calming Foaming Cleanser Sensitive Acne-Prone Mature Dry Skin Face Wash pH 5.5 Sub-Acidic Age-Defying Chemical Free",
        "price": "$19.99 ($3.94 / Fl Oz)",
        "listPrice": "",
        "imageUrl": "https://m.media-amazon.com/images/I/41fNYGb7mmL._SL160_.jpg",
        "detailPageURL": "https://www.amazon.com/dp/B07CTBMCY3",
        "rating": "4.6",
        "totalReviews": "372",
        "subtitle": "MAKEP:REM",
        "isPrimeEligible": "1"
    },
    {
        "ASIN": "B07F1KWK18",
        "title": "ESSENHERB TEA TREE FOAM CLEANSER, Creates a Creamy Foam that Soothes and Moisturizes, For All Skin Types Including Blemishes. (150ML)",
        "price": "$13.99 ($2.76 / Fl Oz)",
        "listPrice": "$18.00 ($3.55 / Fl Oz)",
        "imageUrl": "https://m.media-amazon.com/images/I/41Vj-kcrFFL._SL160_.jpg",
        "detailPageURL": "https://www.amazon.com/dp/B07F1KWK18",
        "rating": "4.8",
        "totalReviews": "572",
        "subtitle": "ESSENHERB",
        "isPrimeEligible": "1"
    },
    {
        "ASIN": "B003RJ165Y",
        "title": "IMAGE Skincare, VITAL C Hydrating Facial Cleanser, Gentle Face Wash with Vitamin C, E and A, 6 fl oz",
        "price": "$38.00 ($6.33 / Fl Oz)",
        "listPrice": "",
        "imageUrl": "https://m.media-amazon.com/images/I/31w4ZlzZiyL._SL160_.jpg",
        "detailPageURL": "https://www.amazon.com/dp/B003RJ165Y",
        "rating": "4.7",
        "totalReviews": "2761",
        "subtitle": "",
        "isPrimeEligible": "1"
    },
    {
        "ASIN": "B077FJJDVD",
        "title": "Cetaphil Oil Free Gentle Foaming Cleanser For Dry to Normal, Sensitive Skin, 8oz Pack of 2, Made with Glycerin and Vitamins B5 and E, Dermatologist Tested, Hypoallergenic, Soap Free, Fragrance Free",
        "price": "$17.94 ($1.12 / Fl Oz)",
        "listPrice": "",
        "imageUrl": "https://m.media-amazon.com/images/I/41B65C7LUZL._SL160_.jpg",
        "detailPageURL": "https://www.amazon.com/dp/B077FJJDVD",
        "rating": "4.6",
        "totalReviews": "5273",
        "subtitle": "Cetaphil",
        "isPrimeEligible": "1"
    },
    {
        "ASIN": "B09KG8B2QK",
        "title": "Rael Face Wash, Miracle Clear Exfoliating Cleanser - Face Cleanser for Oily and Acne Prone Skin, Gentle Facial Cleanser, Hydrating, w/Succinic Acid & Minerice, Vegan, Cruelty Free (5.1 fl. oz)",
        "price": "$11.98 ($2.35 / Fl Oz)",
        "listPrice": "",
        "imageUrl": "https://m.media-amazon.com/images/I/41EAXHZc5AL._SL160_.jpg",
        "detailPageURL": "https://www.amazon.com/dp/B09KG8B2QK",
        "rating": "4.4",
        "totalReviews": "326",
        "subtitle": "Rael",
        "isPrimeEligible": "1"
    },
    {
        "ASIN": "B07T9K2JK7",
        "title": "Neutrogena Fresh Foaming Facial Cleanser & Makeup Remover with Glycerin, Oil-, Soap- & Alcohol-Free Daily Face Wash Removes Dirt, Oil & Waterproof Makeup, Non-Comedogenic, 9.6 fl. oz",
        "price": "$18.99 ($1.98 / Fl Oz)",
        "listPrice": "",
        "imageUrl": "https://m.media-amazon.com/images/I/31zfuMh6F5L._SL160_.jpg",
        "detailPageURL": "https://www.amazon.com/dp/B07T9K2JK7",
        "rating": "4.6",
        "totalReviews": "18722",
        "subtitle": "Neutrogena",
        "isPrimeEligible": "1"
    },
    {
        "ASIN": "B07W6XK6HY",
        "title": "TULA Skin Care Super Calm Gentle Milk Cleanser | Nourishing and Calming for Sensitive Skin with Colloidal Oatmeal, Cucumber & Ginger | 5 fl. oz.",
        "price": "$34.00 ($6.80 / Fl Oz)",
        "listPrice": "",
        "imageUrl": "https://m.media-amazon.com/images/I/31lQl5UrOOL._SL160_.jpg",
        "detailPageURL": "https://www.amazon.com/dp/B07W6XK6HY",
        "rating": "4.6",
        "totalReviews": "458",
        "subtitle": "TULA",
        "isPrimeEligible": "1"
    },
    {
        "ASIN": "B00DH209KO",
        "title": "Paula's Choice RESIST Optimal Results Hydrating Cleanser, Green Tea & Chamomile, Anti-Aging Face Wash, Dry Skin, 6.4 Ounce",
        "price": "$22.00 ($3.44 / Fl Oz)",
        "listPrice": "",
        "imageUrl": "https://m.media-amazon.com/images/I/31S5NvB5QqL._SL160_.jpg",
        "detailPageURL": "https://www.amazon.com/dp/B00DH209KO",
        "rating": "4.5",
        "totalReviews": "1203",
        "subtitle": "Paula's Choice",
        "isPrimeEligible": "1"
    },
    {
        "ASIN": "B082G1XYRB",
        "title": "ACURE Ultra Hydrating Green Juice Cleanser | 100% Vegan | Intense Moisture for Super Thirsty Skin | Supergreens & Adaptogens - Purifies, Deep Cleanses & Refreshes | 4Fl Oz",
        "price": "$13.27 ($3.32 / Fl Oz)",
        "listPrice": "$13.99 ($3.50 / Fl Oz)",
        "imageUrl": "https://m.media-amazon.com/images/I/31IxK35xbAL._SL160_.jpg",
        "detailPageURL": "https://www.amazon.com/dp/B082G1XYRB",
        "rating": "4.5",
        "totalReviews": "333",
        "subtitle": "Acure",
        "isPrimeEligible": "0"
    },
    {
        "ASIN": "B07CTBMCY3",
        "title": "MAKEPREM Safe Me Relief Moisture Cleansing Foam Non-Stripping 5 Oz Hydrating Gentle Calming Foaming Cleanser Sensitive Acne-Prone Mature Dry Skin Face Wash pH 5.5 Sub-Acidic Age-Defying Chemical Free",
        "price": "$19.99 ($3.94 / Fl Oz)",
        "listPrice": "",
        "imageUrl": "https://m.media-amazon.com/images/I/41fNYGb7mmL._SL160_.jpg",
        "detailPageURL": "https://www.amazon.com/dp/B07CTBMCY3",
        "rating": "4.6",
        "totalReviews": "372",
        "subtitle": "MAKEP:REM",
        "isPrimeEligible": "1"
    },
    {
        "ASIN": "B07F1KWK18",
        "title": "ESSENHERB TEA TREE FOAM CLEANSER, Creates a Creamy Foam that Soothes and Moisturizes, For All Skin Types Including Blemishes. (150ML)",
        "price": "$13.99 ($2.76 / Fl Oz)",
        "listPrice": "$18.00 ($3.55 / Fl Oz)",
        "imageUrl": "https://m.media-amazon.com/images/I/41Vj-kcrFFL._SL160_.jpg",
        "detailPageURL": "https://www.amazon.com/dp/B07F1KWK18",
        "rating": "4.8",
        "totalReviews": "572",
        "subtitle": "ESSENHERB",
        "isPrimeEligible": "1"
    },
    {
        "ASIN": "B003RJ165Y",
        "title": "IMAGE Skincare, VITAL C Hydrating Facial Cleanser, Gentle Face Wash with Vitamin C, E and A, 6 fl oz",
        "price": "$38.00 ($6.33 / Fl Oz)",
        "listPrice": "",
        "imageUrl": "https://m.media-amazon.com/images/I/31w4ZlzZiyL._SL160_.jpg",
        "detailPageURL": "https://www.amazon.com/dp/B003RJ165Y",
        "rating": "4.7",
        "totalReviews": "2761",
        "subtitle": "",
        "isPrimeEligible": "1"
    },
    {
        "ASIN": "B077FJJDVD",
        "title": "Cetaphil Oil Free Gentle Foaming Cleanser For Dry to Normal, Sensitive Skin, 8oz Pack of 2, Made with Glycerin and Vitamins B5 and E, Dermatologist Tested, Hypoallergenic, Soap Free, Fragrance Free",
        "price": "$17.94 ($1.12 / Fl Oz)",
        "listPrice": "",
        "imageUrl": "https://m.media-amazon.com/images/I/41B65C7LUZL._SL160_.jpg",
        "detailPageURL": "https://www.amazon.com/dp/B077FJJDVD",
        "rating": "4.6",
        "totalReviews": "5273",
        "subtitle": "Cetaphil",
        "isPrimeEligible": "1"
    },
    {
        "ASIN": "B09KG8B2QK",
        "title": "Rael Face Wash, Miracle Clear Exfoliating Cleanser - Face Cleanser for Oily and Acne Prone Skin, Gentle Facial Cleanser, Hydrating, w/Succinic Acid & Minerice, Vegan, Cruelty Free (5.1 fl. oz)",
        "price": "$11.98 ($2.35 / Fl Oz)",
        "listPrice": "",
        "imageUrl": "https://m.media-amazon.com/images/I/41EAXHZc5AL._SL160_.jpg",
        "detailPageURL": "https://www.amazon.com/dp/B09KG8B2QK",
        "rating": "4.4",
        "totalReviews": "326",
        "subtitle": "Rael",
        "isPrimeEligible": "1"
    },
    {
        "ASIN": "B07T9K2JK7",
        "title": "Neutrogena Fresh Foaming Facial Cleanser & Makeup Remover with Glycerin, Oil-, Soap- & Alcohol-Free Daily Face Wash Removes Dirt, Oil & Waterproof Makeup, Non-Comedogenic, 9.6 fl. oz",
        "price": "$18.99 ($1.98 / Fl Oz)",
        "listPrice": "",
        "imageUrl": "https://m.media-amazon.com/images/I/31zfuMh6F5L._SL160_.jpg",
        "detailPageURL": "https://www.amazon.com/dp/B07T9K2JK7",
        "rating": "4.6",
        "totalReviews": "18722",
        "subtitle": "Neutrogena",
        "isPrimeEligible": "1"
    },
    {
        "ASIN": "B07W6XK6HY",
        "title": "TULA Skin Care Super Calm Gentle Milk Cleanser | Nourishing and Calming for Sensitive Skin with Colloidal Oatmeal, Cucumber & Ginger | 5 fl. oz.",
        "price": "$34.00 ($6.80 / Fl Oz)",
        "listPrice": "",
        "imageUrl": "https://m.media-amazon.com/images/I/31lQl5UrOOL._SL160_.jpg",
        "detailPageURL": "https://www.amazon.com/dp/B07W6XK6HY",
        "rating": "4.6",
        "totalReviews": "458",
        "subtitle": "TULA",
        "isPrimeEligible": "1"
    },
    {
        "ASIN": "B07D818484",
        "title": "Farmacy Clean Bee Gentle Facial Cleanser - Daily Face Wash & Moisturizer w/Hyaluronic Acid",
        "price": "$28.00 ($5.60 / Fl Oz)",
        "listPrice": "",
        "imageUrl": "https://m.media-amazon.com/images/I/41IPyp7yRyL._SL160_.jpg",
        "detailPageURL": "https://www.amazon.com/dp/B07D818484",
        "rating": "4.7",
        "totalReviews": "1037",
        "subtitle": "Farmacy",
        "isPrimeEligible": "1"
    },
    {
        "ASIN": "B082G1XYRB",
        "title": "ACURE Ultra Hydrating Green Juice Cleanser | 100% Vegan | Intense Moisture for Super Thirsty Skin | Supergreens & Adaptogens - Purifies, Deep Cleanses & Refreshes | 4Fl Oz",
        "price": "$13.27 ($3.32 / Fl Oz)",
        "listPrice": "$13.99 ($3.50 / Fl Oz)",
        "imageUrl": "https://m.media-amazon.com/images/I/31IxK35xbAL._SL160_.jpg",
        "detailPageURL": "https://www.amazon.com/dp/B082G1XYRB",
        "rating": "4.5",
        "totalReviews": "333",
        "subtitle": "Acure",
        "isPrimeEligible": "0"
    },
    {
        "ASIN": "B07CTBMCY3",
        "title": "MAKEPREM Safe Me Relief Moisture Cleansing Foam Non-Stripping 5 Oz Hydrating Gentle Calming Foaming Cleanser Sensitive Acne-Prone Mature Dry Skin Face Wash pH 5.5 Sub-Acidic Age-Defying Chemical Free",
        "price": "$19.99 ($3.94 / Fl Oz)",
        "listPrice": "",
        "imageUrl": "https://m.media-amazon.com/images/I/41fNYGb7mmL._SL160_.jpg",
        "detailPageURL": "https://www.amazon.com/dp/B07CTBMCY3",
        "rating": "4.6",
        "totalReviews": "372",
        "subtitle": "MAKEP:REM",
        "isPrimeEligible": "1"
    },
    {
        "ASIN": "B07F1KWK18",
        "title": "ESSENHERB TEA TREE FOAM CLEANSER, Creates a Creamy Foam that Soothes and Moisturizes, For All Skin Types Including Blemishes. (150ML)",
        "price": "$13.99 ($2.76 / Fl Oz)",
        "listPrice": "$18.00 ($3.55 / Fl Oz)",
        "imageUrl": "https://m.media-amazon.com/images/I/41Vj-kcrFFL._SL160_.jpg",
        "detailPageURL": "https://www.amazon.com/dp/B07F1KWK18",
        "rating": "4.8",
        "totalReviews": "572",
        "subtitle": "ESSENHERB",
        "isPrimeEligible": "1"
    },
    {
        "ASIN": "B003RJ165Y",
        "title": "IMAGE Skincare, VITAL C Hydrating Facial Cleanser, Gentle Face Wash with Vitamin C, E and A, 6 fl oz",
        "price": "$38.00 ($6.33 / Fl Oz)",
        "listPrice": "",
        "imageUrl": "https://m.media-amazon.com/images/I/31w4ZlzZiyL._SL160_.jpg",
        "detailPageURL": "https://www.amazon.com/dp/B003RJ165Y",
        "rating": "4.7",
        "totalReviews": "2761",
        "subtitle": "",
        "isPrimeEligible": "1"
    },
    {
        "ASIN": "B077FJJDVD",
        "title": "Cetaphil Oil Free Gentle Foaming Cleanser For Dry to Normal, Sensitive Skin, 8oz Pack of 2, Made with Glycerin and Vitamins B5 and E, Dermatologist Tested, Hypoallergenic, Soap Free, Fragrance Free",
        "price": "$17.94 ($1.12 / Fl Oz)",
        "listPrice": "",
        "imageUrl": "https://m.media-amazon.com/images/I/41B65C7LUZL._SL160_.jpg",
        "detailPageURL": "https://www.amazon.com/dp/B077FJJDVD",
        "rating": "4.6",
        "totalReviews": "5273",
        "subtitle": "Cetaphil",
        "isPrimeEligible": "1"
    },
    {
        "ASIN": "B09KG8B2QK",
        "title": "Rael Face Wash, Miracle Clear Exfoliating Cleanser - Face Cleanser for Oily and Acne Prone Skin, Gentle Facial Cleanser, Hydrating, w/Succinic Acid & Minerice, Vegan, Cruelty Free (5.1 fl. oz)",
        "price": "$11.98 ($2.35 / Fl Oz)",
        "listPrice": "",
        "imageUrl": "https://m.media-amazon.com/images/I/41EAXHZc5AL._SL160_.jpg",
        "detailPageURL": "https://www.amazon.com/dp/B09KG8B2QK",
        "rating": "4.4",
        "totalReviews": "326",
        "subtitle": "Rael",
        "isPrimeEligible": "1"
    },
    {
        "ASIN": "B07T9K2JK7",
        "title": "Neutrogena Fresh Foaming Facial Cleanser & Makeup Remover with Glycerin, Oil-, Soap- & Alcohol-Free Daily Face Wash Removes Dirt, Oil & Waterproof Makeup, Non-Comedogenic, 9.6 fl. oz",
        "price": "$18.99 ($1.98 / Fl Oz)",
        "listPrice": "",
        "imageUrl": "https://m.media-amazon.com/images/I/31zfuMh6F5L._SL160_.jpg",
        "detailPageURL": "https://www.amazon.com/dp/B07T9K2JK7",
        "rating": "4.6",
        "totalReviews": "18722",
        "subtitle": "Neutrogena",
        "isPrimeEligible": "1"
    },
    {
        "ASIN": "B07W6XK6HY",
        "title": "TULA Skin Care Super Calm Gentle Milk Cleanser | Nourishing and Calming for Sensitive Skin with Colloidal Oatmeal, Cucumber & Ginger | 5 fl. oz.",
        "price": "$34.00 ($6.80 / Fl Oz)",
        "listPrice": "",
        "imageUrl": "https://m.media-amazon.com/images/I/31lQl5UrOOL._SL160_.jpg",
        "detailPageURL": "https://www.amazon.com/dp/B07W6XK6HY",
        "rating": "4.6",
        "totalReviews": "458",
        "subtitle": "TULA",
        "isPrimeEligible": "1"
    },
    {
        "ASIN": "B07D818484",
        "title": "Farmacy Clean Bee Gentle Facial Cleanser - Daily Face Wash & Moisturizer w/Hyaluronic Acid",
        "price": "$28.00 ($5.60 / Fl Oz)",
        "listPrice": "",
        "imageUrl": "https://m.media-amazon.com/images/I/41IPyp7yRyL._SL160_.jpg",
        "detailPageURL": "https://www.amazon.com/dp/B07D818484",
        "rating": "4.7",
        "totalReviews": "1037",
        "subtitle": "Farmacy",
        "isPrimeEligible": "1"
    },
    {
        "ASIN": "B001E96OU6",
        "title": "Neutrogena Oil-Free Acne Fighting Face Wash, Daily Cleanser with Salicylic Acid Acne Treatment, 9.1 Fl Oz (Pack of 3)",
        "price": "$19.47 ($0.71 / Fl Oz)",
        "listPrice": "$24.02 ($0.88 / Fl Oz)",
        "imageUrl": "https://m.media-amazon.com/images/I/41UptkM62HL._SL160_.jpg",
        "detailPageURL": "https://www.amazon.com/dp/B001E96OU6",
        "rating": "4.7",
        "totalReviews": "10159",
        "subtitle": "Neutrogena",
        "isPrimeEligible": "1"
    },
    {
        "ASIN": "B07CTBMCY3",
        "title": "MAKEPREM Safe Me Relief Moisture Cleansing Foam Non-Stripping 5 Oz Hydrating Gentle Calming Foaming Cleanser Sensitive Acne-Prone Mature Dry Skin Face Wash pH 5.5 Sub-Acidic Age-Defying Chemical Free",
        "price": "$19.99 ($3.94 / Fl Oz)",
        "listPrice": "",
        "imageUrl": "https://m.media-amazon.com/images/I/41fNYGb7mmL._SL160_.jpg",
        "detailPageURL": "https://www.amazon.com/dp/B07CTBMCY3",
        "rating": "4.6",
        "totalReviews": "372",
        "subtitle": "MAKEP:REM",
        "isPrimeEligible": "1"
    },
    {
        "ASIN": "B07F1KWK18",
        "title": "ESSENHERB TEA TREE FOAM CLEANSER, Creates a Creamy Foam that Soothes and Moisturizes, For All Skin Types Including Blemishes. (150ML)",
        "price": "$13.99 ($2.76 / Fl Oz)",
        "listPrice": "$18.00 ($3.55 / Fl Oz)",
        "imageUrl": "https://m.media-amazon.com/images/I/41Vj-kcrFFL._SL160_.jpg",
        "detailPageURL": "https://www.amazon.com/dp/B07F1KWK18",
        "rating": "4.8",
        "totalReviews": "572",
        "subtitle": "ESSENHERB",
        "isPrimeEligible": "1"
    },
    {
        "ASIN": "B003RJ165Y",
        "title": "IMAGE Skincare, VITAL C Hydrating Facial Cleanser, Gentle Face Wash with Vitamin C, E and A, 6 fl oz",
        "price": "$38.00 ($6.33 / Fl Oz)",
        "listPrice": "",
        "imageUrl": "https://m.media-amazon.com/images/I/31w4ZlzZiyL._SL160_.jpg",
        "detailPageURL": "https://www.amazon.com/dp/B003RJ165Y",
        "rating": "4.7",
        "totalReviews": "2761",
        "subtitle": "",
        "isPrimeEligible": "1"
    },
    {
        "ASIN": "B077FJJDVD",
        "title": "Cetaphil Oil Free Gentle Foaming Cleanser For Dry to Normal, Sensitive Skin, 8oz Pack of 2, Made with Glycerin and Vitamins B5 and E, Dermatologist Tested, Hypoallergenic, Soap Free, Fragrance Free",
        "price": "$17.94 ($1.12 / Fl Oz)",
        "listPrice": "",
        "imageUrl": "https://m.media-amazon.com/images/I/41B65C7LUZL._SL160_.jpg",
        "detailPageURL": "https://www.amazon.com/dp/B077FJJDVD",
        "rating": "4.6",
        "totalReviews": "5273",
        "subtitle": "Cetaphil",
        "isPrimeEligible": "1"
    },
    {
        "ASIN": "B09KG8B2QK",
        "title": "Rael Face Wash, Miracle Clear Exfoliating Cleanser - Face Cleanser for Oily and Acne Prone Skin, Gentle Facial Cleanser, Hydrating, w/Succinic Acid & Minerice, Vegan, Cruelty Free (5.1 fl. oz)",
        "price": "$11.98 ($2.35 / Fl Oz)",
        "listPrice": "",
        "imageUrl": "https://m.media-amazon.com/images/I/41EAXHZc5AL._SL160_.jpg",
        "detailPageURL": "https://www.amazon.com/dp/B09KG8B2QK",
        "rating": "4.4",
        "totalReviews": "326",
        "subtitle": "Rael",
        "isPrimeEligible": "1"
    },
    {
        "ASIN": "B07T9K2JK7",
        "title": "Neutrogena Fresh Foaming Facial Cleanser & Makeup Remover with Glycerin, Oil-, Soap- & Alcohol-Free Daily Face Wash Removes Dirt, Oil & Waterproof Makeup, Non-Comedogenic, 9.6 fl. oz",
        "price": "$18.99 ($1.98 / Fl Oz)",
        "listPrice": "",
        "imageUrl": "https://m.media-amazon.com/images/I/31zfuMh6F5L._SL160_.jpg",
        "detailPageURL": "https://www.amazon.com/dp/B07T9K2JK7",
        "rating": "4.6",
        "totalReviews": "18722",
        "subtitle": "Neutrogena",
        "isPrimeEligible": "1"
    },
    {
        "ASIN": "B07W6XK6HY",
        "title": "TULA Skin Care Super Calm Gentle Milk Cleanser | Nourishing and Calming for Sensitive Skin with Colloidal Oatmeal, Cucumber & Ginger | 5 fl. oz.",
        "price": "$34.00 ($6.80 / Fl Oz)",
        "listPrice": "",
        "imageUrl": "https://m.media-amazon.com/images/I/31lQl5UrOOL._SL160_.jpg",
        "detailPageURL": "https://www.amazon.com/dp/B07W6XK6HY",
        "rating": "4.6",
        "totalReviews": "458",
        "subtitle": "TULA",
        "isPrimeEligible": "1"
    },
    {
        "ASIN": "B07D818484",
        "title": "Farmacy Clean Bee Gentle Facial Cleanser - Daily Face Wash & Moisturizer w/Hyaluronic Acid",
        "price": "$28.00 ($5.60 / Fl Oz)",
        "listPrice": "",
        "imageUrl": "https://m.media-amazon.com/images/I/41IPyp7yRyL._SL160_.jpg",
        "detailPageURL": "https://www.amazon.com/dp/B07D818484",
        "rating": "4.7",
        "totalReviews": "1037",
        "subtitle": "Farmacy",
        "isPrimeEligible": "1"
    },
    {
        "ASIN": "B001E96OU6",
        "title": "Neutrogena Oil-Free Acne Fighting Face Wash, Daily Cleanser with Salicylic Acid Acne Treatment, 9.1 Fl Oz (Pack of 3)",
        "price": "$19.47 ($0.71 / Fl Oz)",
        "listPrice": "$24.02 ($0.88 / Fl Oz)",
        "imageUrl": "https://m.media-amazon.com/images/I/41UptkM62HL._SL160_.jpg",
        "detailPageURL": "https://www.amazon.com/dp/B001E96OU6",
        "rating": "4.7",
        "totalReviews": "10159",
        "subtitle": "Neutrogena",
        "isPrimeEligible": "1"
    },
    {
        "ASIN": "B07BSVJ4H8",
        "title": "BANILA CO NEW Clean It Zero Original Cleansing Balm Makeup Remover, Balm to Oil, Double Cleanse, Face Wash, 2 sizes",
        "price": "$23.99",
        "listPrice": "",
        "imageUrl": "https://m.media-amazon.com/images/I/31BNxJzZ0fL._SL160_.jpg",
        "detailPageURL": "https://www.amazon.com/dp/B07BSVJ4H8",
        "rating": "4.8",
        "totalReviews": "8779",
        "subtitle": "BANILA CO",
        "isPrimeEligible": "1"
    },
    {
        "ASIN": "B07F1KWK18",
        "title": "ESSENHERB TEA TREE FOAM CLEANSER, Creates a Creamy Foam that Soothes and Moisturizes, For All Skin Types Including Blemishes. (150ML)",
        "price": "$13.99 ($2.76 / Fl Oz)",
        "listPrice": "$18.00 ($3.55 / Fl Oz)",
        "imageUrl": "https://m.media-amazon.com/images/I/41Vj-kcrFFL._SL160_.jpg",
        "detailPageURL": "https://www.amazon.com/dp/B07F1KWK18",
        "rating": "4.8",
        "totalReviews": "572",
        "subtitle": "ESSENHERB",
        "isPrimeEligible": "1"
    },
    {
        "ASIN": "B003RJ165Y",
        "title": "IMAGE Skincare, VITAL C Hydrating Facial Cleanser, Gentle Face Wash with Vitamin C, E and A, 6 fl oz",
        "price": "$38.00 ($6.33 / Fl Oz)",
        "listPrice": "",
        "imageUrl": "https://m.media-amazon.com/images/I/31w4ZlzZiyL._SL160_.jpg",
        "detailPageURL": "https://www.amazon.com/dp/B003RJ165Y",
        "rating": "4.7",
        "totalReviews": "2761",
        "subtitle": "",
        "isPrimeEligible": "1"
    },
    {
        "ASIN": "B077FJJDVD",
        "title": "Cetaphil Oil Free Gentle Foaming Cleanser For Dry to Normal, Sensitive Skin, 8oz Pack of 2, Made with Glycerin and Vitamins B5 and E, Dermatologist Tested, Hypoallergenic, Soap Free, Fragrance Free",
        "price": "$17.94 ($1.12 / Fl Oz)",
        "listPrice": "",
        "imageUrl": "https://m.media-amazon.com/images/I/41B65C7LUZL._SL160_.jpg",
        "detailPageURL": "https://www.amazon.com/dp/B077FJJDVD",
        "rating": "4.6",
        "totalReviews": "5273",
        "subtitle": "Cetaphil",
        "isPrimeEligible": "1"
    },
    {
        "ASIN": "B09KG8B2QK",
        "title": "Rael Face Wash, Miracle Clear Exfoliating Cleanser - Face Cleanser for Oily and Acne Prone Skin, Gentle Facial Cleanser, Hydrating, w/Succinic Acid & Minerice, Vegan, Cruelty Free (5.1 fl. oz)",
        "price": "$11.98 ($2.35 / Fl Oz)",
        "listPrice": "",
        "imageUrl": "https://m.media-amazon.com/images/I/41EAXHZc5AL._SL160_.jpg",
        "detailPageURL": "https://www.amazon.com/dp/B09KG8B2QK",
        "rating": "4.4",
        "totalReviews": "326",
        "subtitle": "Rael",
        "isPrimeEligible": "1"
    },
    {
        "ASIN": "B07T9K2JK7",
        "title": "Neutrogena Fresh Foaming Facial Cleanser & Makeup Remover with Glycerin, Oil-, Soap- & Alcohol-Free Daily Face Wash Removes Dirt, Oil & Waterproof Makeup, Non-Comedogenic, 9.6 fl. oz",
        "price": "$18.99 ($1.98 / Fl Oz)",
        "listPrice": "",
        "imageUrl": "https://m.media-amazon.com/images/I/31zfuMh6F5L._SL160_.jpg",
        "detailPageURL": "https://www.amazon.com/dp/B07T9K2JK7",
        "rating": "4.6",
        "totalReviews": "18722",
        "subtitle": "Neutrogena",
        "isPrimeEligible": "1"
    },
    {
        "ASIN": "B07W6XK6HY",
        "title": "TULA Skin Care Super Calm Gentle Milk Cleanser | Nourishing and Calming for Sensitive Skin with Colloidal Oatmeal, Cucumber & Ginger | 5 fl. oz.",
        "price": "$34.00 ($6.80 / Fl Oz)",
        "listPrice": "",
        "imageUrl": "https://m.media-amazon.com/images/I/31lQl5UrOOL._SL160_.jpg",
        "detailPageURL": "https://www.amazon.com/dp/B07W6XK6HY",
        "rating": "4.6",
        "totalReviews": "458",
        "subtitle": "TULA",
        "isPrimeEligible": "1"
    },
    {
        "ASIN": "B07D818484",
        "title": "Farmacy Clean Bee Gentle Facial Cleanser - Daily Face Wash & Moisturizer w/Hyaluronic Acid",
        "price": "$28.00 ($5.60 / Fl Oz)",
        "listPrice": "",
        "imageUrl": "https://m.media-amazon.com/images/I/41IPyp7yRyL._SL160_.jpg",
        "detailPageURL": "https://www.amazon.com/dp/B07D818484",
        "rating": "4.7",
        "totalReviews": "1037",
        "subtitle": "Farmacy",
        "isPrimeEligible": "1"
    },
    {
        "ASIN": "B001E96OU6",
        "title": "Neutrogena Oil-Free Acne Fighting Face Wash, Daily Cleanser with Salicylic Acid Acne Treatment, 9.1 Fl Oz (Pack of 3)",
        "price": "$19.47 ($0.71 / Fl Oz)",
        "listPrice": "$24.02 ($0.88 / Fl Oz)",
        "imageUrl": "https://m.media-amazon.com/images/I/41UptkM62HL._SL160_.jpg",
        "detailPageURL": "https://www.amazon.com/dp/B001E96OU6",
        "rating": "4.7",
        "totalReviews": "10159",
        "subtitle": "Neutrogena",
        "isPrimeEligible": "1"
    },
    {
        "ASIN": "B07BSVJ4H8",
        "title": "BANILA CO NEW Clean It Zero Original Cleansing Balm Makeup Remover, Balm to Oil, Double Cleanse, Face Wash, 2 sizes",
        "price": "$23.99",
        "listPrice": "",
        "imageUrl": "https://m.media-amazon.com/images/I/31BNxJzZ0fL._SL160_.jpg",
        "detailPageURL": "https://www.amazon.com/dp/B07BSVJ4H8",
        "rating": "4.8",
        "totalReviews": "8779",
        "subtitle": "BANILA CO",
        "isPrimeEligible": "1"
    },
    {
        "ASIN": "B076CXKV72",
        "title": "AROMATICA Tea Tree Balancing Foaming Cleanser 6.35oz / 180g, Vegan, EWG VERIFIED, Packaging may vary",
        "price": "$15.88 ($2.50 / ounce)",
        "listPrice": "",
        "imageUrl": "https://m.media-amazon.com/images/I/31-J3pM1--L._SL160_.jpg",
        "detailPageURL": "https://www.amazon.com/dp/B076CXKV72",
        "rating": "4.5",
        "totalReviews": "976",
        "subtitle": "AROMATICA",
        "isPrimeEligible": "1"
    },
    {
        "ASIN": "B003RJ165Y",
        "title": "IMAGE Skincare, VITAL C Hydrating Facial Cleanser, Gentle Face Wash with Vitamin C, E and A, 6 fl oz",
        "price": "$38.00 ($6.33 / Fl Oz)",
        "listPrice": "",
        "imageUrl": "https://m.media-amazon.com/images/I/31w4ZlzZiyL._SL160_.jpg",
        "detailPageURL": "https://www.amazon.com/dp/B003RJ165Y",
        "rating": "4.7",
        "totalReviews": "2761",
        "subtitle": "",
        "isPrimeEligible": "1"
    },
    {
        "ASIN": "B077FJJDVD",
        "title": "Cetaphil Oil Free Gentle Foaming Cleanser For Dry to Normal, Sensitive Skin, 8oz Pack of 2, Made with Glycerin and Vitamins B5 and E, Dermatologist Tested, Hypoallergenic, Soap Free, Fragrance Free",
        "price": "$17.94 ($1.12 / Fl Oz)",
        "listPrice": "",
        "imageUrl": "https://m.media-amazon.com/images/I/41B65C7LUZL._SL160_.jpg",
        "detailPageURL": "https://www.amazon.com/dp/B077FJJDVD",
        "rating": "4.6",
        "totalReviews": "5273",
        "subtitle": "Cetaphil",
        "isPrimeEligible": "1"
    },
    {
        "ASIN": "B09KG8B2QK",
        "title": "Rael Face Wash, Miracle Clear Exfoliating Cleanser - Face Cleanser for Oily and Acne Prone Skin, Gentle Facial Cleanser, Hydrating, w/Succinic Acid & Minerice, Vegan, Cruelty Free (5.1 fl. oz)",
        "price": "$11.98 ($2.35 / Fl Oz)",
        "listPrice": "",
        "imageUrl": "https://m.media-amazon.com/images/I/41EAXHZc5AL._SL160_.jpg",
        "detailPageURL": "https://www.amazon.com/dp/B09KG8B2QK",
        "rating": "4.4",
        "totalReviews": "326",
        "subtitle": "Rael",
        "isPrimeEligible": "1"
    },
    {
        "ASIN": "B07T9K2JK7",
        "title": "Neutrogena Fresh Foaming Facial Cleanser & Makeup Remover with Glycerin, Oil-, Soap- & Alcohol-Free Daily Face Wash Removes Dirt, Oil & Waterproof Makeup, Non-Comedogenic, 9.6 fl. oz",
        "price": "$18.99 ($1.98 / Fl Oz)",
        "listPrice": "",
        "imageUrl": "https://m.media-amazon.com/images/I/31zfuMh6F5L._SL160_.jpg",
        "detailPageURL": "https://www.amazon.com/dp/B07T9K2JK7",
        "rating": "4.6",
        "totalReviews": "18722",
        "subtitle": "Neutrogena",
        "isPrimeEligible": "1"
    },
    {
        "ASIN": "B07W6XK6HY",
        "title": "TULA Skin Care Super Calm Gentle Milk Cleanser | Nourishing and Calming for Sensitive Skin with Colloidal Oatmeal, Cucumber & Ginger | 5 fl. oz.",
        "price": "$34.00 ($6.80 / Fl Oz)",
        "listPrice": "",
        "imageUrl": "https://m.media-amazon.com/images/I/31lQl5UrOOL._SL160_.jpg",
        "detailPageURL": "https://www.amazon.com/dp/B07W6XK6HY",
        "rating": "4.6",
        "totalReviews": "458",
        "subtitle": "TULA",
        "isPrimeEligible": "1"
    },
    {
        "ASIN": "B07D818484",
        "title": "Farmacy Clean Bee Gentle Facial Cleanser - Daily Face Wash & Moisturizer w/Hyaluronic Acid",
        "price": "$28.00 ($5.60 / Fl Oz)",
        "listPrice": "",
        "imageUrl": "https://m.media-amazon.com/images/I/41IPyp7yRyL._SL160_.jpg",
        "detailPageURL": "https://www.amazon.com/dp/B07D818484",
        "rating": "4.7",
        "totalReviews": "1037",
        "subtitle": "Farmacy",
        "isPrimeEligible": "1"
    },
    {
        "ASIN": "B001E96OU6",
        "title": "Neutrogena Oil-Free Acne Fighting Face Wash, Daily Cleanser with Salicylic Acid Acne Treatment, 9.1 Fl Oz (Pack of 3)",
        "price": "$19.47 ($0.71 / Fl Oz)",
        "listPrice": "$24.02 ($0.88 / Fl Oz)",
        "imageUrl": "https://m.media-amazon.com/images/I/41UptkM62HL._SL160_.jpg",
        "detailPageURL": "https://www.amazon.com/dp/B001E96OU6",
        "rating": "4.7",
        "totalReviews": "10159",
        "subtitle": "Neutrogena",
        "isPrimeEligible": "1"
    },
    {
        "ASIN": "B07BSVJ4H8",
        "title": "BANILA CO NEW Clean It Zero Original Cleansing Balm Makeup Remover, Balm to Oil, Double Cleanse, Face Wash, 2 sizes",
        "price": "$23.99",
        "listPrice": "",
        "imageUrl": "https://m.media-amazon.com/images/I/31BNxJzZ0fL._SL160_.jpg",
        "detailPageURL": "https://www.amazon.com/dp/B07BSVJ4H8",
        "rating": "4.8",
        "totalReviews": "8779",
        "subtitle": "BANILA CO",
        "isPrimeEligible": "1"
    },
    {
        "ASIN": "B076CXKV72",
        "title": "AROMATICA Tea Tree Balancing Foaming Cleanser 6.35oz / 180g, Vegan, EWG VERIFIED, Packaging may vary",
        "price": "$15.88 ($2.50 / ounce)",
        "listPrice": "",
        "imageUrl": "https://m.media-amazon.com/images/I/31-J3pM1--L._SL160_.jpg",
        "detailPageURL": "https://www.amazon.com/dp/B076CXKV72",
        "rating": "4.5",
        "totalReviews": "976",
        "subtitle": "AROMATICA",
        "isPrimeEligible": "1"
    },
    {
        "ASIN": "B085HJTPT5",
        "title": "RNW DER. CLEAR Bubble Deep Cleanser,with Oxygen Bubbles Amino Acids Foaming Facial Cleanser Gentle Hydrating Moisturizing Mild Face Wash,PH Balancing 200g / 7 oz.| Korean Face Cleanser",
        "price": "$22.99 ($3.28 / Fl Oz)",
        "listPrice": "",
        "imageUrl": "https://m.media-amazon.com/images/I/31+hysfT4KL._SL160_.jpg",
        "detailPageURL": "https://www.amazon.com/dp/B085HJTPT5",
        "rating": "4.2",
        "totalReviews": "54",
        "subtitle": "RNW",
        "isPrimeEligible": "1"
    },
    {
        "ASIN": "B077FJJDVD",
        "title": "Cetaphil Oil Free Gentle Foaming Cleanser For Dry to Normal, Sensitive Skin, 8oz Pack of 2, Made with Glycerin and Vitamins B5 and E, Dermatologist Tested, Hypoallergenic, Soap Free, Fragrance Free",
        "price": "$17.94 ($1.12 / Fl Oz)",
        "listPrice": "",
        "imageUrl": "https://m.media-amazon.com/images/I/41B65C7LUZL._SL160_.jpg",
        "detailPageURL": "https://www.amazon.com/dp/B077FJJDVD",
        "rating": "4.6",
        "totalReviews": "5273",
        "subtitle": "Cetaphil",
        "isPrimeEligible": "1"
    },
    {
        "ASIN": "B09KG8B2QK",
        "title": "Rael Face Wash, Miracle Clear Exfoliating Cleanser - Face Cleanser for Oily and Acne Prone Skin, Gentle Facial Cleanser, Hydrating, w/Succinic Acid & Minerice, Vegan, Cruelty Free (5.1 fl. oz)",
        "price": "$11.98 ($2.35 / Fl Oz)",
        "listPrice": "",
        "imageUrl": "https://m.media-amazon.com/images/I/41EAXHZc5AL._SL160_.jpg",
        "detailPageURL": "https://www.amazon.com/dp/B09KG8B2QK",
        "rating": "4.4",
        "totalReviews": "326",
        "subtitle": "Rael",
        "isPrimeEligible": "1"
    },
    {
        "ASIN": "B07T9K2JK7",
        "title": "Neutrogena Fresh Foaming Facial Cleanser & Makeup Remover with Glycerin, Oil-, Soap- & Alcohol-Free Daily Face Wash Removes Dirt, Oil & Waterproof Makeup, Non-Comedogenic, 9.6 fl. oz",
        "price": "$18.99 ($1.98 / Fl Oz)",
        "listPrice": "",
        "imageUrl": "https://m.media-amazon.com/images/I/31zfuMh6F5L._SL160_.jpg",
        "detailPageURL": "https://www.amazon.com/dp/B07T9K2JK7",
        "rating": "4.6",
        "totalReviews": "18722",
        "subtitle": "Neutrogena",
        "isPrimeEligible": "1"
    },
    {
        "ASIN": "B07W6XK6HY",
        "title": "TULA Skin Care Super Calm Gentle Milk Cleanser | Nourishing and Calming for Sensitive Skin with Colloidal Oatmeal, Cucumber & Ginger | 5 fl. oz.",
        "price": "$34.00 ($6.80 / Fl Oz)",
        "listPrice": "",
        "imageUrl": "https://m.media-amazon.com/images/I/31lQl5UrOOL._SL160_.jpg",
        "detailPageURL": "https://www.amazon.com/dp/B07W6XK6HY",
        "rating": "4.6",
        "totalReviews": "458",
        "subtitle": "TULA",
        "isPrimeEligible": "1"
    },
    {
        "ASIN": "B07D818484",
        "title": "Farmacy Clean Bee Gentle Facial Cleanser - Daily Face Wash & Moisturizer w/Hyaluronic Acid",
        "price": "$28.00 ($5.60 / Fl Oz)",
        "listPrice": "",
        "imageUrl": "https://m.media-amazon.com/images/I/41IPyp7yRyL._SL160_.jpg",
        "detailPageURL": "https://www.amazon.com/dp/B07D818484",
        "rating": "4.7",
        "totalReviews": "1037",
        "subtitle": "Farmacy",
        "isPrimeEligible": "1"
    },
    {
        "ASIN": "B001E96OU6",
        "title": "Neutrogena Oil-Free Acne Fighting Face Wash, Daily Cleanser with Salicylic Acid Acne Treatment, 9.1 Fl Oz (Pack of 3)",
        "price": "$19.47 ($0.71 / Fl Oz)",
        "listPrice": "$24.02 ($0.88 / Fl Oz)",
        "imageUrl": "https://m.media-amazon.com/images/I/41UptkM62HL._SL160_.jpg",
        "detailPageURL": "https://www.amazon.com/dp/B001E96OU6",
        "rating": "4.7",
        "totalReviews": "10159",
        "subtitle": "Neutrogena",
        "isPrimeEligible": "1"
    },
    {
        "ASIN": "B07BSVJ4H8",
        "title": "BANILA CO NEW Clean It Zero Original Cleansing Balm Makeup Remover, Balm to Oil, Double Cleanse, Face Wash, 2 sizes",
        "price": "$23.99",
        "listPrice": "",
        "imageUrl": "https://m.media-amazon.com/images/I/31BNxJzZ0fL._SL160_.jpg",
        "detailPageURL": "https://www.amazon.com/dp/B07BSVJ4H8",
        "rating": "4.8",
        "totalReviews": "8779",
        "subtitle": "BANILA CO",
        "isPrimeEligible": "1"
    },
    {
        "ASIN": "B076CXKV72",
        "title": "AROMATICA Tea Tree Balancing Foaming Cleanser 6.35oz / 180g, Vegan, EWG VERIFIED, Packaging may vary",
        "price": "$15.88 ($2.50 / ounce)",
        "listPrice": "",
        "imageUrl": "https://m.media-amazon.com/images/I/31-J3pM1--L._SL160_.jpg",
        "detailPageURL": "https://www.amazon.com/dp/B076CXKV72",
        "rating": "4.5",
        "totalReviews": "976",
        "subtitle": "AROMATICA",
        "isPrimeEligible": "1"
    },
    {
        "ASIN": "B085HJTPT5",
        "title": "RNW DER. CLEAR Bubble Deep Cleanser,with Oxygen Bubbles Amino Acids Foaming Facial Cleanser Gentle Hydrating Moisturizing Mild Face Wash,PH Balancing 200g / 7 oz.| Korean Face Cleanser",
        "price": "$22.99 ($3.28 / Fl Oz)",
        "listPrice": "",
        "imageUrl": "https://m.media-amazon.com/images/I/31+hysfT4KL._SL160_.jpg",
        "detailPageURL": "https://www.amazon.com/dp/B085HJTPT5",
        "rating": "4.2",
        "totalReviews": "54",
        "subtitle": "RNW",
        "isPrimeEligible": "1"
    },
    {
        "ASIN": "B0BN2PX8V3",
        "title": "ANUA Heartleaf Pore Control Cleansing Oil Korean Facial Cleanser, Daily Makeup Blackheads Removal 6.7 fl oz(200ml)",
        "price": "$17.90 ($2.67 / Fl Oz)",
        "listPrice": "",
        "imageUrl": "https://m.media-amazon.com/images/I/31n4TECLwuL._SL160_.jpg",
        "detailPageURL": "https://www.amazon.com/dp/B0BN2PX8V3",
        "rating": "4.5",
        "totalReviews": "506",
        "subtitle": "ANUA",
        "isPrimeEligible": "1"
    },
    {
        "ASIN": "B09KG8B2QK",
        "title": "Rael Face Wash, Miracle Clear Exfoliating Cleanser - Face Cleanser for Oily and Acne Prone Skin, Gentle Facial Cleanser, Hydrating, w/Succinic Acid & Minerice, Vegan, Cruelty Free (5.1 fl. oz)",
        "price": "$11.98 ($2.35 / Fl Oz)",
        "listPrice": "",
        "imageUrl": "https://m.media-amazon.com/images/I/41EAXHZc5AL._SL160_.jpg",
        "detailPageURL": "https://www.amazon.com/dp/B09KG8B2QK",
        "rating": "4.4",
        "totalReviews": "326",
        "subtitle": "Rael",
        "isPrimeEligible": "1"
    },
    {
        "ASIN": "B07T9K2JK7",
        "title": "Neutrogena Fresh Foaming Facial Cleanser & Makeup Remover with Glycerin, Oil-, Soap- & Alcohol-Free Daily Face Wash Removes Dirt, Oil & Waterproof Makeup, Non-Comedogenic, 9.6 fl. oz",
        "price": "$18.99 ($1.98 / Fl Oz)",
        "listPrice": "",
        "imageUrl": "https://m.media-amazon.com/images/I/31zfuMh6F5L._SL160_.jpg",
        "detailPageURL": "https://www.amazon.com/dp/B07T9K2JK7",
        "rating": "4.6",
        "totalReviews": "18722",
        "subtitle": "Neutrogena",
        "isPrimeEligible": "1"
    },
    {
        "ASIN": "B07W6XK6HY",
        "title": "TULA Skin Care Super Calm Gentle Milk Cleanser | Nourishing and Calming for Sensitive Skin with Colloidal Oatmeal, Cucumber & Ginger | 5 fl. oz.",
        "price": "$34.00 ($6.80 / Fl Oz)",
        "listPrice": "",
        "imageUrl": "https://m.media-amazon.com/images/I/31lQl5UrOOL._SL160_.jpg",
        "detailPageURL": "https://www.amazon.com/dp/B07W6XK6HY",
        "rating": "4.6",
        "totalReviews": "458",
        "subtitle": "TULA",
        "isPrimeEligible": "1"
    },
    {
        "ASIN": "B07D818484",
        "title": "Farmacy Clean Bee Gentle Facial Cleanser - Daily Face Wash & Moisturizer w/Hyaluronic Acid",
        "price": "$28.00 ($5.60 / Fl Oz)",
        "listPrice": "",
        "imageUrl": "https://m.media-amazon.com/images/I/41IPyp7yRyL._SL160_.jpg",
        "detailPageURL": "https://www.amazon.com/dp/B07D818484",
        "rating": "4.7",
        "totalReviews": "1037",
        "subtitle": "Farmacy",
        "isPrimeEligible": "1"
    },
    {
        "ASIN": "B001E96OU6",
        "title": "Neutrogena Oil-Free Acne Fighting Face Wash, Daily Cleanser with Salicylic Acid Acne Treatment, 9.1 Fl Oz (Pack of 3)",
        "price": "$19.47 ($0.71 / Fl Oz)",
        "listPrice": "$24.02 ($0.88 / Fl Oz)",
        "imageUrl": "https://m.media-amazon.com/images/I/41UptkM62HL._SL160_.jpg",
        "detailPageURL": "https://www.amazon.com/dp/B001E96OU6",
        "rating": "4.7",
        "totalReviews": "10159",
        "subtitle": "Neutrogena",
        "isPrimeEligible": "1"
    },
    {
        "ASIN": "B07BSVJ4H8",
        "title": "BANILA CO NEW Clean It Zero Original Cleansing Balm Makeup Remover, Balm to Oil, Double Cleanse, Face Wash, 2 sizes",
        "price": "$23.99",
        "listPrice": "",
        "imageUrl": "https://m.media-amazon.com/images/I/31BNxJzZ0fL._SL160_.jpg",
        "detailPageURL": "https://www.amazon.com/dp/B07BSVJ4H8",
        "rating": "4.8",
        "totalReviews": "8779",
        "subtitle": "BANILA CO",
        "isPrimeEligible": "1"
    },
    {
        "ASIN": "B076CXKV72",
        "title": "AROMATICA Tea Tree Balancing Foaming Cleanser 6.35oz / 180g, Vegan, EWG VERIFIED, Packaging may vary",
        "price": "$15.88 ($2.50 / ounce)",
        "listPrice": "",
        "imageUrl": "https://m.media-amazon.com/images/I/31-J3pM1--L._SL160_.jpg",
        "detailPageURL": "https://www.amazon.com/dp/B076CXKV72",
        "rating": "4.5",
        "totalReviews": "976",
        "subtitle": "AROMATICA",
        "isPrimeEligible": "1"
    },
    {
        "ASIN": "B085HJTPT5",
        "title": "RNW DER. CLEAR Bubble Deep Cleanser,with Oxygen Bubbles Amino Acids Foaming Facial Cleanser Gentle Hydrating Moisturizing Mild Face Wash,PH Balancing 200g / 7 oz.| Korean Face Cleanser",
        "price": "$22.99 ($3.28 / Fl Oz)",
        "listPrice": "",
        "imageUrl": "https://m.media-amazon.com/images/I/31+hysfT4KL._SL160_.jpg",
        "detailPageURL": "https://www.amazon.com/dp/B085HJTPT5",
        "rating": "4.2",
        "totalReviews": "54",
        "subtitle": "RNW",
        "isPrimeEligible": "1"
    },
    {
        "ASIN": "B0BN2PX8V3",
        "title": "ANUA Heartleaf Pore Control Cleansing Oil Korean Facial Cleanser, Daily Makeup Blackheads Removal 6.7 fl oz(200ml)",
        "price": "$17.90 ($2.67 / Fl Oz)",
        "listPrice": "",
        "imageUrl": "https://m.media-amazon.com/images/I/31n4TECLwuL._SL160_.jpg",
        "detailPageURL": "https://www.amazon.com/dp/B0BN2PX8V3",
        "rating": "4.5",
        "totalReviews": "506",
        "subtitle": "ANUA",
        "isPrimeEligible": "1"
    },
    {
        "ASIN": "B003XQ929I",
        "title": "DERMA-E Hydrating Gentle Cleanser with Hyaluronic Acid \u2013 Moisturizing Facial Cleanser Tones, Moisturizes & Improves Skin Texture \u2013 Gently Exfoliating Face Wash, 6 fl oz",
        "price": "$10.94",
        "listPrice": "$15.50",
        "imageUrl": "https://m.media-amazon.com/images/I/31JoHQqHFxL._SL160_.jpg",
        "detailPageURL": "https://www.amazon.com/dp/B003XQ929I",
        "rating": "4.5",
        "totalReviews": "2115",
        "subtitle": "DERMA-E",
        "isPrimeEligible": "1"
    },
    {
        "ASIN": "B07T9K2JK7",
        "title": "Neutrogena Fresh Foaming Facial Cleanser & Makeup Remover with Glycerin, Oil-, Soap- & Alcohol-Free Daily Face Wash Removes Dirt, Oil & Waterproof Makeup, Non-Comedogenic, 9.6 fl. oz",
        "price": "$18.99 ($1.98 / Fl Oz)",
        "listPrice": "",
        "imageUrl": "https://m.media-amazon.com/images/I/31zfuMh6F5L._SL160_.jpg",
        "detailPageURL": "https://www.amazon.com/dp/B07T9K2JK7",
        "rating": "4.6",
        "totalReviews": "18722",
        "subtitle": "Neutrogena",
        "isPrimeEligible": "1"
    },
    {
        "ASIN": "B07W6XK6HY",
        "title": "TULA Skin Care Super Calm Gentle Milk Cleanser | Nourishing and Calming for Sensitive Skin with Colloidal Oatmeal, Cucumber & Ginger | 5 fl. oz.",
        "price": "$34.00 ($6.80 / Fl Oz)",
        "listPrice": "",
        "imageUrl": "https://m.media-amazon.com/images/I/31lQl5UrOOL._SL160_.jpg",
        "detailPageURL": "https://www.amazon.com/dp/B07W6XK6HY",
        "rating": "4.6",
        "totalReviews": "458",
        "subtitle": "TULA",
        "isPrimeEligible": "1"
    },
    {
        "ASIN": "B07D818484",
        "title": "Farmacy Clean Bee Gentle Facial Cleanser - Daily Face Wash & Moisturizer w/Hyaluronic Acid",
        "price": "$28.00 ($5.60 / Fl Oz)",
        "listPrice": "",
        "imageUrl": "https://m.media-amazon.com/images/I/41IPyp7yRyL._SL160_.jpg",
        "detailPageURL": "https://www.amazon.com/dp/B07D818484",
        "rating": "4.7",
        "totalReviews": "1037",
        "subtitle": "Farmacy",
        "isPrimeEligible": "1"
    },
    {
        "ASIN": "B001E96OU6",
        "title": "Neutrogena Oil-Free Acne Fighting Face Wash, Daily Cleanser with Salicylic Acid Acne Treatment, 9.1 Fl Oz (Pack of 3)",
        "price": "$19.47 ($0.71 / Fl Oz)",
        "listPrice": "$24.02 ($0.88 / Fl Oz)",
        "imageUrl": "https://m.media-amazon.com/images/I/41UptkM62HL._SL160_.jpg",
        "detailPageURL": "https://www.amazon.com/dp/B001E96OU6",
        "rating": "4.7",
        "totalReviews": "10159",
        "subtitle": "Neutrogena",
        "isPrimeEligible": "1"
    },
    {
        "ASIN": "B07BSVJ4H8",
        "title": "BANILA CO NEW Clean It Zero Original Cleansing Balm Makeup Remover, Balm to Oil, Double Cleanse, Face Wash, 2 sizes",
        "price": "$23.99",
        "listPrice": "",
        "imageUrl": "https://m.media-amazon.com/images/I/31BNxJzZ0fL._SL160_.jpg",
        "detailPageURL": "https://www.amazon.com/dp/B07BSVJ4H8",
        "rating": "4.8",
        "totalReviews": "8779",
        "subtitle": "BANILA CO",
        "isPrimeEligible": "1"
    },
    {
        "ASIN": "B076CXKV72",
        "title": "AROMATICA Tea Tree Balancing Foaming Cleanser 6.35oz / 180g, Vegan, EWG VERIFIED, Packaging may vary",
        "price": "$15.88 ($2.50 / ounce)",
        "listPrice": "",
        "imageUrl": "https://m.media-amazon.com/images/I/31-J3pM1--L._SL160_.jpg",
        "detailPageURL": "https://www.amazon.com/dp/B076CXKV72",
        "rating": "4.5",
        "totalReviews": "976",
        "subtitle": "AROMATICA",
        "isPrimeEligible": "1"
    },
    {
        "ASIN": "B085HJTPT5",
        "title": "RNW DER. CLEAR Bubble Deep Cleanser,with Oxygen Bubbles Amino Acids Foaming Facial Cleanser Gentle Hydrating Moisturizing Mild Face Wash,PH Balancing 200g / 7 oz.| Korean Face Cleanser",
        "price": "$22.99 ($3.28 / Fl Oz)",
        "listPrice": "",
        "imageUrl": "https://m.media-amazon.com/images/I/31+hysfT4KL._SL160_.jpg",
        "detailPageURL": "https://www.amazon.com/dp/B085HJTPT5",
        "rating": "4.2",
        "totalReviews": "54",
        "subtitle": "RNW",
        "isPrimeEligible": "1"
    },
    {
        "ASIN": "B0BN2PX8V3",
        "title": "ANUA Heartleaf Pore Control Cleansing Oil Korean Facial Cleanser, Daily Makeup Blackheads Removal 6.7 fl oz(200ml)",
        "price": "$17.90 ($2.67 / Fl Oz)",
        "listPrice": "",
        "imageUrl": "https://m.media-amazon.com/images/I/31n4TECLwuL._SL160_.jpg",
        "detailPageURL": "https://www.amazon.com/dp/B0BN2PX8V3",
        "rating": "4.5",
        "totalReviews": "506",
        "subtitle": "ANUA",
        "isPrimeEligible": "1"
    },
    {
        "ASIN": "B003XQ929I",
        "title": "DERMA-E Hydrating Gentle Cleanser with Hyaluronic Acid \u2013 Moisturizing Facial Cleanser Tones, Moisturizes & Improves Skin Texture \u2013 Gently Exfoliating Face Wash, 6 fl oz",
        "price": "$10.94",
        "listPrice": "$15.50",
        "imageUrl": "https://m.media-amazon.com/images/I/31JoHQqHFxL._SL160_.jpg",
        "detailPageURL": "https://www.amazon.com/dp/B003XQ929I",
        "rating": "4.5",
        "totalReviews": "2115",
        "subtitle": "DERMA-E",
        "isPrimeEligible": "1"
    },
    {
        "ASIN": "B07BV5Z2CF",
        "title": "10% Glycolic Acid Face Wash - Exfoliating, Non Drying & Foaming AHA Cleanser - Anti-Aging, Skin Tone & Texture, Wrinkles, Pores, Blackheads - Sulfate Free, Oil Free, & Low PH - 6 oz.",
        "price": "$19.95 ($3.32 / Ounce)",
        "listPrice": "$25.95 ($4.32 / Ounce)",
        "imageUrl": "https://m.media-amazon.com/images/I/31wew9mLxKL._SL160_.jpg",
        "detailPageURL": "https://www.amazon.com/dp/B07BV5Z2CF",
        "rating": "4.4",
        "totalReviews": "1647",
        "subtitle": "TOUCH",
        "isPrimeEligible": "1"
    },
    {
        "ASIN": "B07W6XK6HY",
        "title": "TULA Skin Care Super Calm Gentle Milk Cleanser | Nourishing and Calming for Sensitive Skin with Colloidal Oatmeal, Cucumber & Ginger | 5 fl. oz.",
        "price": "$34.00 ($6.80 / Fl Oz)",
        "listPrice": "",
        "imageUrl": "https://m.media-amazon.com/images/I/31lQl5UrOOL._SL160_.jpg",
        "detailPageURL": "https://www.amazon.com/dp/B07W6XK6HY",
        "rating": "4.6",
        "totalReviews": "458",
        "subtitle": "TULA",
        "isPrimeEligible": "1"
    },
    {
        "ASIN": "B07D818484",
        "title": "Farmacy Clean Bee Gentle Facial Cleanser - Daily Face Wash & Moisturizer w/Hyaluronic Acid",
        "price": "$28.00 ($5.60 / Fl Oz)",
        "listPrice": "",
        "imageUrl": "https://m.media-amazon.com/images/I/41IPyp7yRyL._SL160_.jpg",
        "detailPageURL": "https://www.amazon.com/dp/B07D818484",
        "rating": "4.7",
        "totalReviews": "1037",
        "subtitle": "Farmacy",
        "isPrimeEligible": "1"
    },
    {
        "ASIN": "B001E96OU6",
        "title": "Neutrogena Oil-Free Acne Fighting Face Wash, Daily Cleanser with Salicylic Acid Acne Treatment, 9.1 Fl Oz (Pack of 3)",
        "price": "$19.47 ($0.71 / Fl Oz)",
        "listPrice": "$24.02 ($0.88 / Fl Oz)",
        "imageUrl": "https://m.media-amazon.com/images/I/41UptkM62HL._SL160_.jpg",
        "detailPageURL": "https://www.amazon.com/dp/B001E96OU6",
        "rating": "4.7",
        "totalReviews": "10159",
        "subtitle": "Neutrogena",
        "isPrimeEligible": "1"
    },
    {
        "ASIN": "B07BSVJ4H8",
        "title": "BANILA CO NEW Clean It Zero Original Cleansing Balm Makeup Remover, Balm to Oil, Double Cleanse, Face Wash, 2 sizes",
        "price": "$23.99",
        "listPrice": "",
        "imageUrl": "https://m.media-amazon.com/images/I/31BNxJzZ0fL._SL160_.jpg",
        "detailPageURL": "https://www.amazon.com/dp/B07BSVJ4H8",
        "rating": "4.8",
        "totalReviews": "8779",
        "subtitle": "BANILA CO",
        "isPrimeEligible": "1"
    },
    {
        "ASIN": "B076CXKV72",
        "title": "AROMATICA Tea Tree Balancing Foaming Cleanser 6.35oz / 180g, Vegan, EWG VERIFIED, Packaging may vary",
        "price": "$15.88 ($2.50 / ounce)",
        "listPrice": "",
        "imageUrl": "https://m.media-amazon.com/images/I/31-J3pM1--L._SL160_.jpg",
        "detailPageURL": "https://www.amazon.com/dp/B076CXKV72",
        "rating": "4.5",
        "totalReviews": "976",
        "subtitle": "AROMATICA",
        "isPrimeEligible": "1"
    },
    {
        "ASIN": "B085HJTPT5",
        "title": "RNW DER. CLEAR Bubble Deep Cleanser,with Oxygen Bubbles Amino Acids Foaming Facial Cleanser Gentle Hydrating Moisturizing Mild Face Wash,PH Balancing 200g / 7 oz.| Korean Face Cleanser",
        "price": "$22.99 ($3.28 / Fl Oz)",
        "listPrice": "",
        "imageUrl": "https://m.media-amazon.com/images/I/31+hysfT4KL._SL160_.jpg",
        "detailPageURL": "https://www.amazon.com/dp/B085HJTPT5",
        "rating": "4.2",
        "totalReviews": "54",
        "subtitle": "RNW",
        "isPrimeEligible": "1"
    },
    {
        "ASIN": "B0BN2PX8V3",
        "title": "ANUA Heartleaf Pore Control Cleansing Oil Korean Facial Cleanser, Daily Makeup Blackheads Removal 6.7 fl oz(200ml)",
        "price": "$17.90 ($2.67 / Fl Oz)",
        "listPrice": "",
        "imageUrl": "https://m.media-amazon.com/images/I/31n4TECLwuL._SL160_.jpg",
        "detailPageURL": "https://www.amazon.com/dp/B0BN2PX8V3",
        "rating": "4.5",
        "totalReviews": "506",
        "subtitle": "ANUA",
        "isPrimeEligible": "1"
    },
    {
        "ASIN": "B003XQ929I",
        "title": "DERMA-E Hydrating Gentle Cleanser with Hyaluronic Acid \u2013 Moisturizing Facial Cleanser Tones, Moisturizes & Improves Skin Texture \u2013 Gently Exfoliating Face Wash, 6 fl oz",
        "price": "$10.94",
        "listPrice": "$15.50",
        "imageUrl": "https://m.media-amazon.com/images/I/31JoHQqHFxL._SL160_.jpg",
        "detailPageURL": "https://www.amazon.com/dp/B003XQ929I",
        "rating": "4.5",
        "totalReviews": "2115",
        "subtitle": "DERMA-E",
        "isPrimeEligible": "1"
    },
    {
        "ASIN": "B07BV5Z2CF",
        "title": "10% Glycolic Acid Face Wash - Exfoliating, Non Drying & Foaming AHA Cleanser - Anti-Aging, Skin Tone & Texture, Wrinkles, Pores, Blackheads - Sulfate Free, Oil Free, & Low PH - 6 oz.",
        "price": "$19.95 ($3.32 / Ounce)",
        "listPrice": "$25.95 ($4.32 / Ounce)",
        "imageUrl": "https://m.media-amazon.com/images/I/31wew9mLxKL._SL160_.jpg",
        "detailPageURL": "https://www.amazon.com/dp/B07BV5Z2CF",
        "rating": "4.4",
        "totalReviews": "1647",
        "subtitle": "TOUCH",
        "isPrimeEligible": "1"
    },
    {
        "ASIN": "B00NQ3463K",
        "title": "CeraVe Foaming Facial Cleanser, 12 Ounce",
        "price": "$19.61 ($1.63 / Fl Oz)",
        "listPrice": "",
        "imageUrl": "https://m.media-amazon.com/images/I/31YK6UB2uIL._SL160_.jpg",
        "detailPageURL": "https://www.amazon.com/dp/B00NQ3463K",
        "rating": "4.7",
        "totalReviews": "370",
        "subtitle": "CeraVe",
        "isPrimeEligible": "1"
    },
    {
        "ASIN": "B07D818484",
        "title": "Farmacy Clean Bee Gentle Facial Cleanser - Daily Face Wash & Moisturizer w/Hyaluronic Acid",
        "price": "$28.00 ($5.60 / Fl Oz)",
        "listPrice": "",
        "imageUrl": "https://m.media-amazon.com/images/I/41IPyp7yRyL._SL160_.jpg",
        "detailPageURL": "https://www.amazon.com/dp/B07D818484",
        "rating": "4.7",
        "totalReviews": "1037",
        "subtitle": "Farmacy",
        "isPrimeEligible": "1"
    },
    {
        "ASIN": "B001E96OU6",
        "title": "Neutrogena Oil-Free Acne Fighting Face Wash, Daily Cleanser with Salicylic Acid Acne Treatment, 9.1 Fl Oz (Pack of 3)",
        "price": "$19.47 ($0.71 / Fl Oz)",
        "listPrice": "$24.02 ($0.88 / Fl Oz)",
        "imageUrl": "https://m.media-amazon.com/images/I/41UptkM62HL._SL160_.jpg",
        "detailPageURL": "https://www.amazon.com/dp/B001E96OU6",
        "rating": "4.7",
        "totalReviews": "10159",
        "subtitle": "Neutrogena",
        "isPrimeEligible": "1"
    },
    {
        "ASIN": "B07BSVJ4H8",
        "title": "BANILA CO NEW Clean It Zero Original Cleansing Balm Makeup Remover, Balm to Oil, Double Cleanse, Face Wash, 2 sizes",
        "price": "$23.99",
        "listPrice": "",
        "imageUrl": "https://m.media-amazon.com/images/I/31BNxJzZ0fL._SL160_.jpg",
        "detailPageURL": "https://www.amazon.com/dp/B07BSVJ4H8",
        "rating": "4.8",
        "totalReviews": "8779",
        "subtitle": "BANILA CO",
        "isPrimeEligible": "1"
    },
    {
        "ASIN": "B076CXKV72",
        "title": "AROMATICA Tea Tree Balancing Foaming Cleanser 6.35oz / 180g, Vegan, EWG VERIFIED, Packaging may vary",
        "price": "$15.88 ($2.50 / ounce)",
        "listPrice": "",
        "imageUrl": "https://m.media-amazon.com/images/I/31-J3pM1--L._SL160_.jpg",
        "detailPageURL": "https://www.amazon.com/dp/B076CXKV72",
        "rating": "4.5",
        "totalReviews": "976",
        "subtitle": "AROMATICA",
        "isPrimeEligible": "1"
    },
    {
        "ASIN": "B085HJTPT5",
        "title": "RNW DER. CLEAR Bubble Deep Cleanser,with Oxygen Bubbles Amino Acids Foaming Facial Cleanser Gentle Hydrating Moisturizing Mild Face Wash,PH Balancing 200g / 7 oz.| Korean Face Cleanser",
        "price": "$22.99 ($3.28 / Fl Oz)",
        "listPrice": "",
        "imageUrl": "https://m.media-amazon.com/images/I/31+hysfT4KL._SL160_.jpg",
        "detailPageURL": "https://www.amazon.com/dp/B085HJTPT5",
        "rating": "4.2",
        "totalReviews": "54",
        "subtitle": "RNW",
        "isPrimeEligible": "1"
    },
    {
        "ASIN": "B0BN2PX8V3",
        "title": "ANUA Heartleaf Pore Control Cleansing Oil Korean Facial Cleanser, Daily Makeup Blackheads Removal 6.7 fl oz(200ml)",
        "price": "$17.90 ($2.67 / Fl Oz)",
        "listPrice": "",
        "imageUrl": "https://m.media-amazon.com/images/I/31n4TECLwuL._SL160_.jpg",
        "detailPageURL": "https://www.amazon.com/dp/B0BN2PX8V3",
        "rating": "4.5",
        "totalReviews": "506",
        "subtitle": "ANUA",
        "isPrimeEligible": "1"
    },
    {
        "ASIN": "B003XQ929I",
        "title": "DERMA-E Hydrating Gentle Cleanser with Hyaluronic Acid \u2013 Moisturizing Facial Cleanser Tones, Moisturizes & Improves Skin Texture \u2013 Gently Exfoliating Face Wash, 6 fl oz",
        "price": "$10.94",
        "listPrice": "$15.50",
        "imageUrl": "https://m.media-amazon.com/images/I/31JoHQqHFxL._SL160_.jpg",
        "detailPageURL": "https://www.amazon.com/dp/B003XQ929I",
        "rating": "4.5",
        "totalReviews": "2115",
        "subtitle": "DERMA-E",
        "isPrimeEligible": "1"
    },
    {
        "ASIN": "B07BV5Z2CF",
        "title": "10% Glycolic Acid Face Wash - Exfoliating, Non Drying & Foaming AHA Cleanser - Anti-Aging, Skin Tone & Texture, Wrinkles, Pores, Blackheads - Sulfate Free, Oil Free, & Low PH - 6 oz.",
        "price": "$19.95 ($3.32 / Ounce)",
        "listPrice": "$25.95 ($4.32 / Ounce)",
        "imageUrl": "https://m.media-amazon.com/images/I/31wew9mLxKL._SL160_.jpg",
        "detailPageURL": "https://www.amazon.com/dp/B07BV5Z2CF",
        "rating": "4.4",
        "totalReviews": "1647",
        "subtitle": "TOUCH",
        "isPrimeEligible": "1"
    },
    {
        "ASIN": "B00NQ3463K",
        "title": "CeraVe Foaming Facial Cleanser, 12 Ounce",
        "price": "$19.61 ($1.63 / Fl Oz)",
        "listPrice": "",
        "imageUrl": "https://m.media-amazon.com/images/I/31YK6UB2uIL._SL160_.jpg",
        "detailPageURL": "https://www.amazon.com/dp/B00NQ3463K",
        "rating": "4.7",
        "totalReviews": "370",
        "subtitle": "CeraVe",
        "isPrimeEligible": "1"
    },
    {
        "ASIN": "B00D58RWPU",
        "title": "Dermalogica Ultracalming Cleanser (16.9 Fl Oz) Gentle Non-Foaming Face Wash for Sensitive Skin - No Artificial Fragrances or Colors",
        "price": "$68.00 ($4.02 / Fl Oz)",
        "listPrice": "",
        "imageUrl": "https://m.media-amazon.com/images/I/31tgoz6z9GL._SL160_.jpg",
        "detailPageURL": "https://www.amazon.com/dp/B00D58RWPU",
        "rating": "4.7",
        "totalReviews": "1439",
        "subtitle": "",
        "isPrimeEligible": "1"
    },
    {
        "ASIN": "B001E96OU6",
        "title": "Neutrogena Oil-Free Acne Fighting Face Wash, Daily Cleanser with Salicylic Acid Acne Treatment, 9.1 Fl Oz (Pack of 3)",
        "price": "$19.47 ($0.71 / Fl Oz)",
        "listPrice": "$24.02 ($0.88 / Fl Oz)",
        "imageUrl": "https://m.media-amazon.com/images/I/41UptkM62HL._SL160_.jpg",
        "detailPageURL": "https://www.amazon.com/dp/B001E96OU6",
        "rating": "4.7",
        "totalReviews": "10159",
        "subtitle": "Neutrogena",
        "isPrimeEligible": "1"
    },
    {
        "ASIN": "B07BSVJ4H8",
        "title": "BANILA CO NEW Clean It Zero Original Cleansing Balm Makeup Remover, Balm to Oil, Double Cleanse, Face Wash, 2 sizes",
        "price": "$23.99",
        "listPrice": "",
        "imageUrl": "https://m.media-amazon.com/images/I/31BNxJzZ0fL._SL160_.jpg",
        "detailPageURL": "https://www.amazon.com/dp/B07BSVJ4H8",
        "rating": "4.8",
        "totalReviews": "8779",
        "subtitle": "BANILA CO",
        "isPrimeEligible": "1"
    },
    {
        "ASIN": "B076CXKV72",
        "title": "AROMATICA Tea Tree Balancing Foaming Cleanser 6.35oz / 180g, Vegan, EWG VERIFIED, Packaging may vary",
        "price": "$15.88 ($2.50 / ounce)",
        "listPrice": "",
        "imageUrl": "https://m.media-amazon.com/images/I/31-J3pM1--L._SL160_.jpg",
        "detailPageURL": "https://www.amazon.com/dp/B076CXKV72",
        "rating": "4.5",
        "totalReviews": "976",
        "subtitle": "AROMATICA",
        "isPrimeEligible": "1"
    },
    {
        "ASIN": "B085HJTPT5",
        "title": "RNW DER. CLEAR Bubble Deep Cleanser,with Oxygen Bubbles Amino Acids Foaming Facial Cleanser Gentle Hydrating Moisturizing Mild Face Wash,PH Balancing 200g / 7 oz.| Korean Face Cleanser",
        "price": "$22.99 ($3.28 / Fl Oz)",
        "listPrice": "",
        "imageUrl": "https://m.media-amazon.com/images/I/31+hysfT4KL._SL160_.jpg",
        "detailPageURL": "https://www.amazon.com/dp/B085HJTPT5",
        "rating": "4.2",
        "totalReviews": "54",
        "subtitle": "RNW",
        "isPrimeEligible": "1"
    },
    {
        "ASIN": "B0BN2PX8V3",
        "title": "ANUA Heartleaf Pore Control Cleansing Oil Korean Facial Cleanser, Daily Makeup Blackheads Removal 6.7 fl oz(200ml)",
        "price": "$17.90 ($2.67 / Fl Oz)",
        "listPrice": "",
        "imageUrl": "https://m.media-amazon.com/images/I/31n4TECLwuL._SL160_.jpg",
        "detailPageURL": "https://www.amazon.com/dp/B0BN2PX8V3",
        "rating": "4.5",
        "totalReviews": "506",
        "subtitle": "ANUA",
        "isPrimeEligible": "1"
    },
    {
        "ASIN": "B003XQ929I",
        "title": "DERMA-E Hydrating Gentle Cleanser with Hyaluronic Acid \u2013 Moisturizing Facial Cleanser Tones, Moisturizes & Improves Skin Texture \u2013 Gently Exfoliating Face Wash, 6 fl oz",
        "price": "$10.94",
        "listPrice": "$15.50",
        "imageUrl": "https://m.media-amazon.com/images/I/31JoHQqHFxL._SL160_.jpg",
        "detailPageURL": "https://www.amazon.com/dp/B003XQ929I",
        "rating": "4.5",
        "totalReviews": "2115",
        "subtitle": "DERMA-E",
        "isPrimeEligible": "1"
    },
    {
        "ASIN": "B07BV5Z2CF",
        "title": "10% Glycolic Acid Face Wash - Exfoliating, Non Drying & Foaming AHA Cleanser - Anti-Aging, Skin Tone & Texture, Wrinkles, Pores, Blackheads - Sulfate Free, Oil Free, & Low PH - 6 oz.",
        "price": "$19.95 ($3.32 / Ounce)",
        "listPrice": "$25.95 ($4.32 / Ounce)",
        "imageUrl": "https://m.media-amazon.com/images/I/31wew9mLxKL._SL160_.jpg",
        "detailPageURL": "https://www.amazon.com/dp/B07BV5Z2CF",
        "rating": "4.4",
        "totalReviews": "1647",
        "subtitle": "TOUCH",
        "isPrimeEligible": "1"
    },
    {
        "ASIN": "B00NQ3463K",
        "title": "CeraVe Foaming Facial Cleanser, 12 Ounce",
        "price": "$19.61 ($1.63 / Fl Oz)",
        "listPrice": "",
        "imageUrl": "https://m.media-amazon.com/images/I/31YK6UB2uIL._SL160_.jpg",
        "detailPageURL": "https://www.amazon.com/dp/B00NQ3463K",
        "rating": "4.7",
        "totalReviews": "370",
        "subtitle": "CeraVe",
        "isPrimeEligible": "1"
    },
    {
        "ASIN": "B00D58RWPU",
        "title": "Dermalogica Ultracalming Cleanser (16.9 Fl Oz) Gentle Non-Foaming Face Wash for Sensitive Skin - No Artificial Fragrances or Colors",
        "price": "$68.00 ($4.02 / Fl Oz)",
        "listPrice": "",
        "imageUrl": "https://m.media-amazon.com/images/I/31tgoz6z9GL._SL160_.jpg",
        "detailPageURL": "https://www.amazon.com/dp/B00D58RWPU",
        "rating": "4.7",
        "totalReviews": "1439",
        "subtitle": "",
        "isPrimeEligible": "1"
    },
    {
        "ASIN": "B075M36V5M",
        "title": "PURITO Defence Barrier Ph Cleanser 150ml/5.1 fl.oz Sensitive Skin, Oil Control, Pore Cleansing, Refreshening, Low pH 5.5, Gentle Cleanser, lightweight",
        "price": "$9.49 ($1.86 / Fl Oz)",
        "listPrice": "$10.70 ($2.10 / Fl Oz)",
        "imageUrl": "https://m.media-amazon.com/images/I/21gAcOSmUdL._SL160_.jpg",
        "detailPageURL": "https://www.amazon.com/dp/B075M36V5M",
        "rating": "4.5",
        "totalReviews": "609",
        "subtitle": "PURITO",
        "isPrimeEligible": "1"
    }
]