[
    {
        "ASIN": "B001UE60E0",
        "title": "DHC Deep Cleansing Oil, Facial Cleansing Oil, Makeup Remover, Cleanses without Clogging Pores, Residue-Free, Fragrance and Colorant Free, All Skin Types, 6.7 fl. oz.",
        "price": "$23.00 ($3.43 / Fl Oz)",
        "listPrice": "$28.00 ($4.18 / Fl Oz)",
        "imageUrl": "https://m.media-amazon.com/images/I/31cFL31-1pL._SL160_.jpg",
        "detailPageURL": "https://www.amazon.com/dp/B001UE60E0",
        "rating": "4.7",
        "totalReviews": "20654",
        "subtitle": "DHC",
        "isPrimeEligible": "1"
    },
    {
        "ASIN": "B0CGCCR1NH",
        "title": "Thunder Tech KOSE Softymo Speedy Cleansing Oil Bottle 230ml Makeup RemoverJapan Direct Import",
        "price": "$14.80 ($1.83 / Fl Oz)",
        "listPrice": "",
        "imageUrl": "https://m.media-amazon.com/images/I/41xZ4V2hfBL._SL160_.jpg",
        "detailPageURL": "https://www.amazon.com/dp/B0CGCCR1NH",
        "rating": "",
        "totalReviews": "",
        "subtitle": "Thunder Tech",
        "isPrimeEligible": "1"
    },
    {
        "ASIN": "B004OQHZ2M",
        "title": "ROHTO Hadalabo Gokujun Cleansing Oil 200ml",
        "price": "$11.88 ($1.76 / Ounce)",
        "listPrice": "$18.99 ($2.81 / Ounce)",
        "imageUrl": "https://m.media-amazon.com/images/I/310Kj-uSprS._SL160_.jpg",
        "detailPageURL": "https://www.amazon.com/dp/B004OQHZ2M",
        "rating": "4.6",
        "totalReviews": "4838",
        "subtitle": "Rohto",
        "isPrimeEligible": "1"
    },
    {
        "ASIN": "B002IT6GTU",
        "title": "KOSE Softymo Speedy Cleansing Oil 200ml Refill Pack",
        "price": "$14.97 ($2.21 / Fl Oz)",
        "listPrice": "",
        "imageUrl": "https://m.media-amazon.com/images/I/41O7YG06D6L._SL160_.jpg",
        "detailPageURL": "https://www.amazon.com/dp/B002IT6GTU",
        "rating": "4.7",
        "totalReviews": "1944",
        "subtitle": "Kose Cosmeport",
        "isPrimeEligible": "1"
    },
    {
        "ASIN": "B0CGBFHPL5",
        "title": "ODE Cleansing Oil for Makeup- Speedy Cleansing Oil 7.8 Fl Oz Bottle",
        "price": "$12.99 ($1.67 / Fl Oz)",
        "listPrice": "",
        "imageUrl": "https://m.media-amazon.com/images/I/41bKpBBcb5L._SL160_.jpg",
        "detailPageURL": "https://www.amazon.com/dp/B0CGBFHPL5",
        "rating": "",
        "totalReviews": "",
        "subtitle": "ODE",
        "isPrimeEligible": "1"
    },
    {
        "ASIN": "B001G60EK8",
        "title": "L'Occitane Cleansing & Softening Almond Shower Oil, 8.4 Fl Oz: Oil-to-Milky Lather, Softer Skin, Smooth Skin, Cleanse Without Drying, With Almond Oil",
        "price": "$29.00 ($3.45 / Fl Oz)",
        "listPrice": "",
        "imageUrl": "https://m.media-amazon.com/images/I/41ReO14knqL._SL160_.jpg",
        "detailPageURL": "https://www.amazon.com/dp/B001G60EK8",
        "rating": "4.6",
        "totalReviews": "7361",
        "subtitle": "",
        "isPrimeEligible": "1"
    },
    {
        "ASIN": "B0CGCM48SC",
        "title": "Beverly Kose Softymo Speedy Cleansing Oil 7.77floz(230ml) Pump",
        "price": "$14.89 ($1.92 / Fl Oz)",
        "listPrice": "",
        "imageUrl": "https://m.media-amazon.com/images/I/412L1R0KRTL._SL160_.jpg",
        "detailPageURL": "https://www.amazon.com/dp/B0CGCM48SC",
        "rating": "",
        "totalReviews": "",
        "subtitle": "Beverly",
        "isPrimeEligible": "1"
    },
    {
        "ASIN": "B08W1ZHTL3",
        "title": "Haruharu Wonder Black Rice Moisture Deep Cleansing Oil 5.1 fl.oz / 150ml | Korean Facial Cleanser, Makeup Remover | Vegan, Cruelty Free | Jojoba Seed Oil, Macadamia Seed Oil",
        "price": "$15.99 ($3.14 / Fl Oz)",
        "listPrice": "",
        "imageUrl": "https://m.media-amazon.com/images/I/31MaA-9c9lL._SL160_.jpg",
        "detailPageURL": "https://www.amazon.com/dp/B08W1ZHTL3",
        "rating": "4.4",
        "totalReviews": "159",
        "subtitle": "HARUHARU",
        "isPrimeEligible": "1"
    },
    {
        "ASIN": "B000V2FB88",
        "title": "KOSE Softy Mo Deep Treatment Oil, 7.8oz",
        "price": "$11.59 ($1.49 / Fl Oz)",
        "listPrice": "$13.99 ($1.79 / Fl Oz)",
        "imageUrl": "https://m.media-amazon.com/images/I/41Sg1FmJrtL._SL160_.jpg",
        "detailPageURL": "https://www.amazon.com/dp/B000V2FB88",
        "rating": "4.4",
        "totalReviews": "3029",
        "subtitle": "KOSE",
        "isPrimeEligible": "1"
    },
    {
        "ASIN": "B0C673PKK3",
        "title": "La Roche-Posay NEW Lipikar AP+ Gentle Foaming Cleansing Oil | Gentle Oil Cleanser for Face and Body Formulated with Niacinamide | Long-Lasting 24-hour Hydration | Fragrance-Free & Soap Free",
        "price": "$16.99 ($1.26 / Fl Oz)",
        "listPrice": "",
        "imageUrl": "https://m.media-amazon.com/images/I/41RRhed4IfL._SL160_.jpg",
        "detailPageURL": "https://www.amazon.com/dp/B0C673PKK3",
        "rating": "4.5",
        "totalReviews": "165",
        "subtitle": "",
        "isPrimeEligible": "1"
    },
    {
        "ASIN": "B0CGCCR1NH",
        "title": "Thunder Tech KOSE Softymo Speedy Cleansing Oil Bottle 230ml Makeup RemoverJapan Direct Import",
        "price": "$14.80 ($1.83 / Fl Oz)",
        "listPrice": "",
        "imageUrl": "https://m.media-amazon.com/images/I/41xZ4V2hfBL._SL160_.jpg",
        "detailPageURL": "https://www.amazon.com/dp/B0CGCCR1NH",
        "rating": "",
        "totalReviews": "",
        "subtitle": "Thunder Tech",
        "isPrimeEligible": "1"
    },
    {
        "ASIN": "B004OQHZ2M",
        "title": "ROHTO Hadalabo Gokujun Cleansing Oil 200ml",
        "price": "$11.88 ($1.76 / Ounce)",
        "listPrice": "$18.99 ($2.81 / Ounce)",
        "imageUrl": "https://m.media-amazon.com/images/I/310Kj-uSprS._SL160_.jpg",
        "detailPageURL": "https://www.amazon.com/dp/B004OQHZ2M",
        "rating": "4.6",
        "totalReviews": "4838",
        "subtitle": "Rohto",
        "isPrimeEligible": "1"
    },
    {
        "ASIN": "B002IT6GTU",
        "title": "KOSE Softymo Speedy Cleansing Oil 200ml Refill Pack",
        "price": "$14.97 ($2.21 / Fl Oz)",
        "listPrice": "",
        "imageUrl": "https://m.media-amazon.com/images/I/41O7YG06D6L._SL160_.jpg",
        "detailPageURL": "https://www.amazon.com/dp/B002IT6GTU",
        "rating": "4.7",
        "totalReviews": "1944",
        "subtitle": "Kose Cosmeport",
        "isPrimeEligible": "1"
    },
    {
        "ASIN": "B0CGBFHPL5",
        "title": "ODE Cleansing Oil for Makeup- Speedy Cleansing Oil 7.8 Fl Oz Bottle",
        "price": "$12.99 ($1.67 / Fl Oz)",
        "listPrice": "",
        "imageUrl": "https://m.media-amazon.com/images/I/41bKpBBcb5L._SL160_.jpg",
        "detailPageURL": "https://www.amazon.com/dp/B0CGBFHPL5",
        "rating": "",
        "totalReviews": "",
        "subtitle": "ODE",
        "isPrimeEligible": "1"
    },
    {
        "ASIN": "B001G60EK8",
        "title": "L'Occitane Cleansing & Softening Almond Shower Oil, 8.4 Fl Oz: Oil-to-Milky Lather, Softer Skin, Smooth Skin, Cleanse Without Drying, With Almond Oil",
        "price": "$29.00 ($3.45 / Fl Oz)",
        "listPrice": "",
        "imageUrl": "https://m.media-amazon.com/images/I/41ReO14knqL._SL160_.jpg",
        "detailPageURL": "https://www.amazon.com/dp/B001G60EK8",
        "rating": "4.6",
        "totalReviews": "7361",
        "subtitle": "",
        "isPrimeEligible": "1"
    },
    {
        "ASIN": "B0CGCM48SC",
        "title": "Beverly Kose Softymo Speedy Cleansing Oil 7.77floz(230ml) Pump",
        "price": "$14.89 ($1.92 / Fl Oz)",
        "listPrice": "",
        "imageUrl": "https://m.media-amazon.com/images/I/412L1R0KRTL._SL160_.jpg",
        "detailPageURL": "https://www.amazon.com/dp/B0CGCM48SC",
        "rating": "",
        "totalReviews": "",
        "subtitle": "Beverly",
        "isPrimeEligible": "1"
    },
    {
        "ASIN": "B08W1ZHTL3",
        "title": "Haruharu Wonder Black Rice Moisture Deep Cleansing Oil 5.1 fl.oz / 150ml | Korean Facial Cleanser, Makeup Remover | Vegan, Cruelty Free | Jojoba Seed Oil, Macadamia Seed Oil",
        "price": "$15.99 ($3.14 / Fl Oz)",
        "listPrice": "",
        "imageUrl": "https://m.media-amazon.com/images/I/31MaA-9c9lL._SL160_.jpg",
        "detailPageURL": "https://www.amazon.com/dp/B08W1ZHTL3",
        "rating": "4.4",
        "totalReviews": "159",
        "subtitle": "HARUHARU",
        "isPrimeEligible": "1"
    },
    {
        "ASIN": "B000V2FB88",
        "title": "KOSE Softy Mo Deep Treatment Oil, 7.8oz",
        "price": "$11.59 ($1.49 / Fl Oz)",
        "listPrice": "$13.99 ($1.79 / Fl Oz)",
        "imageUrl": "https://m.media-amazon.com/images/I/41Sg1FmJrtL._SL160_.jpg",
        "detailPageURL": "https://www.amazon.com/dp/B000V2FB88",
        "rating": "4.4",
        "totalReviews": "3029",
        "subtitle": "KOSE",
        "isPrimeEligible": "1"
    },
    {
        "ASIN": "B0C673PKK3",
        "title": "La Roche-Posay NEW Lipikar AP+ Gentle Foaming Cleansing Oil | Gentle Oil Cleanser for Face and Body Formulated with Niacinamide | Long-Lasting 24-hour Hydration | Fragrance-Free & Soap Free",
        "price": "$16.99 ($1.26 / Fl Oz)",
        "listPrice": "",
        "imageUrl": "https://m.media-amazon.com/images/I/41RRhed4IfL._SL160_.jpg",
        "detailPageURL": "https://www.amazon.com/dp/B0C673PKK3",
        "rating": "4.5",
        "totalReviews": "165",
        "subtitle": "",
        "isPrimeEligible": "1"
    },
    {
        "ASIN": "B00W2CTHT4",
        "title": "Palmer's Cocoa Butter Skin Therapy Cleansing Facial Oil, Gentle Makeup Remover for Face, Rosehip Fragrance, 6.5 Ounce",
        "price": "$9.99 ($1.54 / Fl Oz)",
        "listPrice": "$11.99 ($1.84 / Fl Oz)",
        "imageUrl": "https://m.media-amazon.com/images/I/31llGV+K-RL._SL160_.jpg",
        "detailPageURL": "https://www.amazon.com/dp/B00W2CTHT4",
        "rating": "4.5",
        "totalReviews": "7384",
        "subtitle": "Palmer's",
        "isPrimeEligible": "1"
    },
    {
        "ASIN": "B004OQHZ2M",
        "title": "ROHTO Hadalabo Gokujun Cleansing Oil 200ml",
        "price": "$11.88 ($1.76 / Ounce)",
        "listPrice": "$18.99 ($2.81 / Ounce)",
        "imageUrl": "https://m.media-amazon.com/images/I/310Kj-uSprS._SL160_.jpg",
        "detailPageURL": "https://www.amazon.com/dp/B004OQHZ2M",
        "rating": "4.6",
        "totalReviews": "4838",
        "subtitle": "Rohto",
        "isPrimeEligible": "1"
    },
    {
        "ASIN": "B002IT6GTU",
        "title": "KOSE Softymo Speedy Cleansing Oil 200ml Refill Pack",
        "price": "$14.97 ($2.21 / Fl Oz)",
        "listPrice": "",
        "imageUrl": "https://m.media-amazon.com/images/I/41O7YG06D6L._SL160_.jpg",
        "detailPageURL": "https://www.amazon.com/dp/B002IT6GTU",
        "rating": "4.7",
        "totalReviews": "1944",
        "subtitle": "Kose Cosmeport",
        "isPrimeEligible": "1"
    },
    {
        "ASIN": "B0CGBFHPL5",
        "title": "ODE Cleansing Oil for Makeup- Speedy Cleansing Oil 7.8 Fl Oz Bottle",
        "price": "$12.99 ($1.67 / Fl Oz)",
        "listPrice": "",
        "imageUrl": "https://m.media-amazon.com/images/I/41bKpBBcb5L._SL160_.jpg",
        "detailPageURL": "https://www.amazon.com/dp/B0CGBFHPL5",
        "rating": "",
        "totalReviews": "",
        "subtitle": "ODE",
        "isPrimeEligible": "1"
    },
    {
        "ASIN": "B001G60EK8",
        "title": "L'Occitane Cleansing & Softening Almond Shower Oil, 8.4 Fl Oz: Oil-to-Milky Lather, Softer Skin, Smooth Skin, Cleanse Without Drying, With Almond Oil",
        "price": "$29.00 ($3.45 / Fl Oz)",
        "listPrice": "",
        "imageUrl": "https://m.media-amazon.com/images/I/41ReO14knqL._SL160_.jpg",
        "detailPageURL": "https://www.amazon.com/dp/B001G60EK8",
        "rating": "4.6",
        "totalReviews": "7361",
        "subtitle": "",
        "isPrimeEligible": "1"
    },
    {
        "ASIN": "B0CGCM48SC",
        "title": "Beverly Kose Softymo Speedy Cleansing Oil 7.77floz(230ml) Pump",
        "price": "$14.89 ($1.92 / Fl Oz)",
        "listPrice": "",
        "imageUrl": "https://m.media-amazon.com/images/I/412L1R0KRTL._SL160_.jpg",
        "detailPageURL": "https://www.amazon.com/dp/B0CGCM48SC",
        "rating": "",
        "totalReviews": "",
        "subtitle": "Beverly",
        "isPrimeEligible": "1"
    },
    {
        "ASIN": "B08W1ZHTL3",
        "title": "Haruharu Wonder Black Rice Moisture Deep Cleansing Oil 5.1 fl.oz / 150ml | Korean Facial Cleanser, Makeup Remover | Vegan, Cruelty Free | Jojoba Seed Oil, Macadamia Seed Oil",
        "price": "$15.99 ($3.14 / Fl Oz)",
        "listPrice": "",
        "imageUrl": "https://m.media-amazon.com/images/I/31MaA-9c9lL._SL160_.jpg",
        "detailPageURL": "https://www.amazon.com/dp/B08W1ZHTL3",
        "rating": "4.4",
        "totalReviews": "159",
        "subtitle": "HARUHARU",
        "isPrimeEligible": "1"
    },
    {
        "ASIN": "B000V2FB88",
        "title": "KOSE Softy Mo Deep Treatment Oil, 7.8oz",
        "price": "$11.59 ($1.49 / Fl Oz)",
        "listPrice": "$13.99 ($1.79 / Fl Oz)",
        "imageUrl": "https://m.media-amazon.com/images/I/41Sg1FmJrtL._SL160_.jpg",
        "detailPageURL": "https://www.amazon.com/dp/B000V2FB88",
        "rating": "4.4",
        "totalReviews": "3029",
        "subtitle": "KOSE",
        "isPrimeEligible": "1"
    },
    {
        "ASIN": "B0C673PKK3",
        "title": "La Roche-Posay NEW Lipikar AP+ Gentle Foaming Cleansing Oil | Gentle Oil Cleanser for Face and Body Formulated with Niacinamide | Long-Lasting 24-hour Hydration | Fragrance-Free & Soap Free",
        "price": "$16.99 ($1.26 / Fl Oz)",
        "listPrice": "",
        "imageUrl": "https://m.media-amazon.com/images/I/41RRhed4IfL._SL160_.jpg",
        "detailPageURL": "https://www.amazon.com/dp/B0C673PKK3",
        "rating": "4.5",
        "totalReviews": "165",
        "subtitle": "",
        "isPrimeEligible": "1"
    },
    {
        "ASIN": "B00W2CTHT4",
        "title": "Palmer's Cocoa Butter Skin Therapy Cleansing Facial Oil, Gentle Makeup Remover for Face, Rosehip Fragrance, 6.5 Ounce",
        "price": "$9.99 ($1.54 / Fl Oz)",
        "listPrice": "$11.99 ($1.84 / Fl Oz)",
        "imageUrl": "https://m.media-amazon.com/images/I/31llGV+K-RL._SL160_.jpg",
        "detailPageURL": "https://www.amazon.com/dp/B00W2CTHT4",
        "rating": "4.5",
        "totalReviews": "7384",
        "subtitle": "Palmer's",
        "isPrimeEligible": "1"
    },
    {
        "ASIN": "B0B45M89LX",
        "title": "Beauty of Joseon Ginseng Cleansing Oil (210ml, 7.1 fl.oz.)",
        "price": "$19.90 ($2.80 / Fl Oz)",
        "listPrice": "",
        "imageUrl": "https://m.media-amazon.com/images/I/317yIE+6xiL._SL160_.jpg",
        "detailPageURL": "https://www.amazon.com/dp/B0B45M89LX",
        "rating": "4.4",
        "totalReviews": "348",
        "subtitle": "Beauty of Joseon",
        "isPrimeEligible": "1"
    },
    {
        "ASIN": "B002IT6GTU",
        "title": "KOSE Softymo Speedy Cleansing Oil 200ml Refill Pack",
        "price": "$14.97 ($2.21 / Fl Oz)",
        "listPrice": "",
        "imageUrl": "https://m.media-amazon.com/images/I/41O7YG06D6L._SL160_.jpg",
        "detailPageURL": "https://www.amazon.com/dp/B002IT6GTU",
        "rating": "4.7",
        "totalReviews": "1944",
        "subtitle": "Kose Cosmeport",
        "isPrimeEligible": "1"
    },
    {
        "ASIN": "B0CGBFHPL5",
        "title": "ODE Cleansing Oil for Makeup- Speedy Cleansing Oil 7.8 Fl Oz Bottle",
        "price": "$12.99 ($1.67 / Fl Oz)",
        "listPrice": "",
        "imageUrl": "https://m.media-amazon.com/images/I/41bKpBBcb5L._SL160_.jpg",
        "detailPageURL": "https://www.amazon.com/dp/B0CGBFHPL5",
        "rating": "",
        "totalReviews": "",
        "subtitle": "ODE",
        "isPrimeEligible": "1"
    },
    {
        "ASIN": "B001G60EK8",
        "title": "L'Occitane Cleansing & Softening Almond Shower Oil, 8.4 Fl Oz: Oil-to-Milky Lather, Softer Skin, Smooth Skin, Cleanse Without Drying, With Almond Oil",
        "price": "$29.00 ($3.45 / Fl Oz)",
        "listPrice": "",
        "imageUrl": "https://m.media-amazon.com/images/I/41ReO14knqL._SL160_.jpg",
        "detailPageURL": "https://www.amazon.com/dp/B001G60EK8",
        "rating": "4.6",
        "totalReviews": "7361",
        "subtitle": "",
        "isPrimeEligible": "1"
    },
    {
        "ASIN": "B0CGCM48SC",
        "title": "Beverly Kose Softymo Speedy Cleansing Oil 7.77floz(230ml) Pump",
        "price": "$14.89 ($1.92 / Fl Oz)",
        "listPrice": "",
        "imageUrl": "https://m.media-amazon.com/images/I/412L1R0KRTL._SL160_.jpg",
        "detailPageURL": "https://www.amazon.com/dp/B0CGCM48SC",
        "rating": "",
        "totalReviews": "",
        "subtitle": "Beverly",
        "isPrimeEligible": "1"
    },
    {
        "ASIN": "B08W1ZHTL3",
        "title": "Haruharu Wonder Black Rice Moisture Deep Cleansing Oil 5.1 fl.oz / 150ml | Korean Facial Cleanser, Makeup Remover | Vegan, Cruelty Free | Jojoba Seed Oil, Macadamia Seed Oil",
        "price": "$15.99 ($3.14 / Fl Oz)",
        "listPrice": "",
        "imageUrl": "https://m.media-amazon.com/images/I/31MaA-9c9lL._SL160_.jpg",
        "detailPageURL": "https://www.amazon.com/dp/B08W1ZHTL3",
        "rating": "4.4",
        "totalReviews": "159",
        "subtitle": "HARUHARU",
        "isPrimeEligible": "1"
    },
    {
        "ASIN": "B000V2FB88",
        "title": "KOSE Softy Mo Deep Treatment Oil, 7.8oz",
        "price": "$11.59 ($1.49 / Fl Oz)",
        "listPrice": "$13.99 ($1.79 / Fl Oz)",
        "imageUrl": "https://m.media-amazon.com/images/I/41Sg1FmJrtL._SL160_.jpg",
        "detailPageURL": "https://www.amazon.com/dp/B000V2FB88",
        "rating": "4.4",
        "totalReviews": "3029",
        "subtitle": "KOSE",
        "isPrimeEligible": "1"
    },
    {
        "ASIN": "B0C673PKK3",
        "title": "La Roche-Posay NEW Lipikar AP+ Gentle Foaming Cleansing Oil | Gentle Oil Cleanser for Face and Body Formulated with Niacinamide | Long-Lasting 24-hour Hydration | Fragrance-Free & Soap Free",
        "price": "$16.99 ($1.26 / Fl Oz)",
        "listPrice": "",
        "imageUrl": "https://m.media-amazon.com/images/I/41RRhed4IfL._SL160_.jpg",
        "detailPageURL": "https://www.amazon.com/dp/B0C673PKK3",
        "rating": "4.5",
        "totalReviews": "165",
        "subtitle": "",
        "isPrimeEligible": "1"
    },
    {
        "ASIN": "B00W2CTHT4",
        "title": "Palmer's Cocoa Butter Skin Therapy Cleansing Facial Oil, Gentle Makeup Remover for Face, Rosehip Fragrance, 6.5 Ounce",
        "price": "$9.99 ($1.54 / Fl Oz)",
        "listPrice": "$11.99 ($1.84 / Fl Oz)",
        "imageUrl": "https://m.media-amazon.com/images/I/31llGV+K-RL._SL160_.jpg",
        "detailPageURL": "https://www.amazon.com/dp/B00W2CTHT4",
        "rating": "4.5",
        "totalReviews": "7384",
        "subtitle": "Palmer's",
        "isPrimeEligible": "1"
    },
    {
        "ASIN": "B0B45M89LX",
        "title": "Beauty of Joseon Ginseng Cleansing Oil (210ml, 7.1 fl.oz.)",
        "price": "$19.90 ($2.80 / Fl Oz)",
        "listPrice": "",
        "imageUrl": "https://m.media-amazon.com/images/I/317yIE+6xiL._SL160_.jpg",
        "detailPageURL": "https://www.amazon.com/dp/B0B45M89LX",
        "rating": "4.4",
        "totalReviews": "348",
        "subtitle": "Beauty of Joseon",
        "isPrimeEligible": "1"
    },
    {
        "ASIN": "B00809ERAM",
        "title": "THE FACE SHOP Rice Water Bright Face Wash, Facial Cleanser for Sensitive, Normal & Oily Skin, Gentle Hydrating Daily Face Cleansing Oil, 5.0 Fl Oz (1 Pack)",
        "price": "$15.00 ($3.00 / Fl Oz)",
        "listPrice": "",
        "imageUrl": "https://m.media-amazon.com/images/I/31Ue0SIs-4L._SL160_.jpg",
        "detailPageURL": "https://www.amazon.com/dp/B00809ERAM",
        "rating": "4.4",
        "totalReviews": "10905",
        "subtitle": "",
        "isPrimeEligible": "1"
    },
    {
        "ASIN": "B0CGBFHPL5",
        "title": "ODE Cleansing Oil for Makeup- Speedy Cleansing Oil 7.8 Fl Oz Bottle",
        "price": "$12.99 ($1.67 / Fl Oz)",
        "listPrice": "",
        "imageUrl": "https://m.media-amazon.com/images/I/41bKpBBcb5L._SL160_.jpg",
        "detailPageURL": "https://www.amazon.com/dp/B0CGBFHPL5",
        "rating": "",
        "totalReviews": "",
        "subtitle": "ODE",
        "isPrimeEligible": "1"
    },
    {
        "ASIN": "B001G60EK8",
        "title": "L'Occitane Cleansing & Softening Almond Shower Oil, 8.4 Fl Oz: Oil-to-Milky Lather, Softer Skin, Smooth Skin, Cleanse Without Drying, With Almond Oil",
        "price": "$29.00 ($3.45 / Fl Oz)",
        "listPrice": "",
        "imageUrl": "https://m.media-amazon.com/images/I/41ReO14knqL._SL160_.jpg",
        "detailPageURL": "https://www.amazon.com/dp/B001G60EK8",
        "rating": "4.6",
        "totalReviews": "7361",
        "subtitle": "",
        "isPrimeEligible": "1"
    },
    {
        "ASIN": "B0CGCM48SC",
        "title": "Beverly Kose Softymo Speedy Cleansing Oil 7.77floz(230ml) Pump",
        "price": "$14.89 ($1.92 / Fl Oz)",
        "listPrice": "",
        "imageUrl": "https://m.media-amazon.com/images/I/412L1R0KRTL._SL160_.jpg",
        "detailPageURL": "https://www.amazon.com/dp/B0CGCM48SC",
        "rating": "",
        "totalReviews": "",
        "subtitle": "Beverly",
        "isPrimeEligible": "1"
    },
    {
        "ASIN": "B08W1ZHTL3",
        "title": "Haruharu Wonder Black Rice Moisture Deep Cleansing Oil 5.1 fl.oz / 150ml | Korean Facial Cleanser, Makeup Remover | Vegan, Cruelty Free | Jojoba Seed Oil, Macadamia Seed Oil",
        "price": "$15.99 ($3.14 / Fl Oz)",
        "listPrice": "",
        "imageUrl": "https://m.media-amazon.com/images/I/31MaA-9c9lL._SL160_.jpg",
        "detailPageURL": "https://www.amazon.com/dp/B08W1ZHTL3",
        "rating": "4.4",
        "totalReviews": "159",
        "subtitle": "HARUHARU",
        "isPrimeEligible": "1"
    },
    {
        "ASIN": "B000V2FB88",
        "title": "KOSE Softy Mo Deep Treatment Oil, 7.8oz",
        "price": "$11.59 ($1.49 / Fl Oz)",
        "listPrice": "$13.99 ($1.79 / Fl Oz)",
        "imageUrl": "https://m.media-amazon.com/images/I/41Sg1FmJrtL._SL160_.jpg",
        "detailPageURL": "https://www.amazon.com/dp/B000V2FB88",
        "rating": "4.4",
        "totalReviews": "3029",
        "subtitle": "KOSE",
        "isPrimeEligible": "1"
    },
    {
        "ASIN": "B0C673PKK3",
        "title": "La Roche-Posay NEW Lipikar AP+ Gentle Foaming Cleansing Oil | Gentle Oil Cleanser for Face and Body Formulated with Niacinamide | Long-Lasting 24-hour Hydration | Fragrance-Free & Soap Free",
        "price": "$16.99 ($1.26 / Fl Oz)",
        "listPrice": "",
        "imageUrl": "https://m.media-amazon.com/images/I/41RRhed4IfL._SL160_.jpg",
        "detailPageURL": "https://www.amazon.com/dp/B0C673PKK3",
        "rating": "4.5",
        "totalReviews": "165",
        "subtitle": "",
        "isPrimeEligible": "1"
    },
    {
        "ASIN": "B00W2CTHT4",
        "title": "Palmer's Cocoa Butter Skin Therapy Cleansing Facial Oil, Gentle Makeup Remover for Face, Rosehip Fragrance, 6.5 Ounce",
        "price": "$9.99 ($1.54 / Fl Oz)",
        "listPrice": "$11.99 ($1.84 / Fl Oz)",
        "imageUrl": "https://m.media-amazon.com/images/I/31llGV+K-RL._SL160_.jpg",
        "detailPageURL": "https://www.amazon.com/dp/B00W2CTHT4",
        "rating": "4.5",
        "totalReviews": "7384",
        "subtitle": "Palmer's",
        "isPrimeEligible": "1"
    },
    {
        "ASIN": "B0B45M89LX",
        "title": "Beauty of Joseon Ginseng Cleansing Oil (210ml, 7.1 fl.oz.)",
        "price": "$19.90 ($2.80 / Fl Oz)",
        "listPrice": "",
        "imageUrl": "https://m.media-amazon.com/images/I/317yIE+6xiL._SL160_.jpg",
        "detailPageURL": "https://www.amazon.com/dp/B0B45M89LX",
        "rating": "4.4",
        "totalReviews": "348",
        "subtitle": "Beauty of Joseon",
        "isPrimeEligible": "1"
    },
    {
        "ASIN": "B00809ERAM",
        "title": "THE FACE SHOP Rice Water Bright Face Wash, Facial Cleanser for Sensitive, Normal & Oily Skin, Gentle Hydrating Daily Face Cleansing Oil, 5.0 Fl Oz (1 Pack)",
        "price": "$15.00 ($3.00 / Fl Oz)",
        "listPrice": "",
        "imageUrl": "https://m.media-amazon.com/images/I/31Ue0SIs-4L._SL160_.jpg",
        "detailPageURL": "https://www.amazon.com/dp/B00809ERAM",
        "rating": "4.4",
        "totalReviews": "10905",
        "subtitle": "",
        "isPrimeEligible": "1"
    },
    {
        "ASIN": "B07PCTBWZT",
        "title": "COXIR Ultra Hyaluronic Cleansing Oil |No Paraben, No Silicon, No Animal Testing, No Mineral oil | K-beauty, Korean Skin Care| Make-up remover, Blackhead off",
        "price": "$17.00 ($3.35 / Fl Oz)",
        "listPrice": "$17.89 ($3.53 / Fl Oz)",
        "imageUrl": "https://m.media-amazon.com/images/I/31WPNqYddSL._SL160_.jpg",
        "detailPageURL": "https://www.amazon.com/dp/B07PCTBWZT",
        "rating": "4.4",
        "totalReviews": "493",
        "subtitle": "COXIR",
        "isPrimeEligible": "1"
    },
    {
        "ASIN": "B001G60EK8",
        "title": "L'Occitane Cleansing & Softening Almond Shower Oil, 8.4 Fl Oz: Oil-to-Milky Lather, Softer Skin, Smooth Skin, Cleanse Without Drying, With Almond Oil",
        "price": "$29.00 ($3.45 / Fl Oz)",
        "listPrice": "",
        "imageUrl": "https://m.media-amazon.com/images/I/41ReO14knqL._SL160_.jpg",
        "detailPageURL": "https://www.amazon.com/dp/B001G60EK8",
        "rating": "4.6",
        "totalReviews": "7361",
        "subtitle": "",
        "isPrimeEligible": "1"
    },
    {
        "ASIN": "B0CGCM48SC",
        "title": "Beverly Kose Softymo Speedy Cleansing Oil 7.77floz(230ml) Pump",
        "price": "$14.89 ($1.92 / Fl Oz)",
        "listPrice": "",
        "imageUrl": "https://m.media-amazon.com/images/I/412L1R0KRTL._SL160_.jpg",
        "detailPageURL": "https://www.amazon.com/dp/B0CGCM48SC",
        "rating": "",
        "totalReviews": "",
        "subtitle": "Beverly",
        "isPrimeEligible": "1"
    },
    {
        "ASIN": "B08W1ZHTL3",
        "title": "Haruharu Wonder Black Rice Moisture Deep Cleansing Oil 5.1 fl.oz / 150ml | Korean Facial Cleanser, Makeup Remover | Vegan, Cruelty Free | Jojoba Seed Oil, Macadamia Seed Oil",
        "price": "$15.99 ($3.14 / Fl Oz)",
        "listPrice": "",
        "imageUrl": "https://m.media-amazon.com/images/I/31MaA-9c9lL._SL160_.jpg",
        "detailPageURL": "https://www.amazon.com/dp/B08W1ZHTL3",
        "rating": "4.4",
        "totalReviews": "159",
        "subtitle": "HARUHARU",
        "isPrimeEligible": "1"
    },
    {
        "ASIN": "B000V2FB88",
        "title": "KOSE Softy Mo Deep Treatment Oil, 7.8oz",
        "price": "$11.59 ($1.49 / Fl Oz)",
        "listPrice": "$13.99 ($1.79 / Fl Oz)",
        "imageUrl": "https://m.media-amazon.com/images/I/41Sg1FmJrtL._SL160_.jpg",
        "detailPageURL": "https://www.amazon.com/dp/B000V2FB88",
        "rating": "4.4",
        "totalReviews": "3029",
        "subtitle": "KOSE",
        "isPrimeEligible": "1"
    },
    {
        "ASIN": "B0C673PKK3",
        "title": "La Roche-Posay NEW Lipikar AP+ Gentle Foaming Cleansing Oil | Gentle Oil Cleanser for Face and Body Formulated with Niacinamide | Long-Lasting 24-hour Hydration | Fragrance-Free & Soap Free",
        "price": "$16.99 ($1.26 / Fl Oz)",
        "listPrice": "",
        "imageUrl": "https://m.media-amazon.com/images/I/41RRhed4IfL._SL160_.jpg",
        "detailPageURL": "https://www.amazon.com/dp/B0C673PKK3",
        "rating": "4.5",
        "totalReviews": "165",
        "subtitle": "",
        "isPrimeEligible": "1"
    },
    {
        "ASIN": "B00W2CTHT4",
        "title": "Palmer's Cocoa Butter Skin Therapy Cleansing Facial Oil, Gentle Makeup Remover for Face, Rosehip Fragrance, 6.5 Ounce",
        "price": "$9.99 ($1.54 / Fl Oz)",
        "listPrice": "$11.99 ($1.84 / Fl Oz)",
        "imageUrl": "https://m.media-amazon.com/images/I/31llGV+K-RL._SL160_.jpg",
        "detailPageURL": "https://www.amazon.com/dp/B00W2CTHT4",
        "rating": "4.5",
        "totalReviews": "7384",
        "subtitle": "Palmer's",
        "isPrimeEligible": "1"
    },
    {
        "ASIN": "B0B45M89LX",
        "title": "Beauty of Joseon Ginseng Cleansing Oil (210ml, 7.1 fl.oz.)",
        "price": "$19.90 ($2.80 / Fl Oz)",
        "listPrice": "",
        "imageUrl": "https://m.media-amazon.com/images/I/317yIE+6xiL._SL160_.jpg",
        "detailPageURL": "https://www.amazon.com/dp/B0B45M89LX",
        "rating": "4.4",
        "totalReviews": "348",
        "subtitle": "Beauty of Joseon",
        "isPrimeEligible": "1"
    },
    {
        "ASIN": "B00809ERAM",
        "title": "THE FACE SHOP Rice Water Bright Face Wash, Facial Cleanser for Sensitive, Normal & Oily Skin, Gentle Hydrating Daily Face Cleansing Oil, 5.0 Fl Oz (1 Pack)",
        "price": "$15.00 ($3.00 / Fl Oz)",
        "listPrice": "",
        "imageUrl": "https://m.media-amazon.com/images/I/31Ue0SIs-4L._SL160_.jpg",
        "detailPageURL": "https://www.amazon.com/dp/B00809ERAM",
        "rating": "4.4",
        "totalReviews": "10905",
        "subtitle": "",
        "isPrimeEligible": "1"
    },
    {
        "ASIN": "B07PCTBWZT",
        "title": "COXIR Ultra Hyaluronic Cleansing Oil |No Paraben, No Silicon, No Animal Testing, No Mineral oil | K-beauty, Korean Skin Care| Make-up remover, Blackhead off",
        "price": "$17.00 ($3.35 / Fl Oz)",
        "listPrice": "$17.89 ($3.53 / Fl Oz)",
        "imageUrl": "https://m.media-amazon.com/images/I/31WPNqYddSL._SL160_.jpg",
        "detailPageURL": "https://www.amazon.com/dp/B07PCTBWZT",
        "rating": "4.4",
        "totalReviews": "493",
        "subtitle": "COXIR",
        "isPrimeEligible": "1"
    },
    {
        "ASIN": "B0C7J55374",
        "title": "CeraVe Hydrating Foaming Oil Cleanser | Foaming Oil Wash with Squalane Oil, Triglyceride, Hyaluronic Acid and Ceramides | For Dry to Very Dry Skin | 8 Oz",
        "price": "$12.37 ($1.55 / Fl Oz)",
        "listPrice": "$15.99 ($2.00 / Fl Oz)",
        "imageUrl": "https://m.media-amazon.com/images/I/416+0cXwuaL._SL160_.jpg",
        "detailPageURL": "https://www.amazon.com/dp/B0C7J55374",
        "rating": "4.6",
        "totalReviews": "201",
        "subtitle": "CeraVe",
        "isPrimeEligible": "1"
    },
    {
        "ASIN": "B0CGCM48SC",
        "title": "Beverly Kose Softymo Speedy Cleansing Oil 7.77floz(230ml) Pump",
        "price": "$14.89 ($1.92 / Fl Oz)",
        "listPrice": "",
        "imageUrl": "https://m.media-amazon.com/images/I/412L1R0KRTL._SL160_.jpg",
        "detailPageURL": "https://www.amazon.com/dp/B0CGCM48SC",
        "rating": "",
        "totalReviews": "",
        "subtitle": "Beverly",
        "isPrimeEligible": "1"
    },
    {
        "ASIN": "B08W1ZHTL3",
        "title": "Haruharu Wonder Black Rice Moisture Deep Cleansing Oil 5.1 fl.oz / 150ml | Korean Facial Cleanser, Makeup Remover | Vegan, Cruelty Free | Jojoba Seed Oil, Macadamia Seed Oil",
        "price": "$15.99 ($3.14 / Fl Oz)",
        "listPrice": "",
        "imageUrl": "https://m.media-amazon.com/images/I/31MaA-9c9lL._SL160_.jpg",
        "detailPageURL": "https://www.amazon.com/dp/B08W1ZHTL3",
        "rating": "4.4",
        "totalReviews": "159",
        "subtitle": "HARUHARU",
        "isPrimeEligible": "1"
    },
    {
        "ASIN": "B000V2FB88",
        "title": "KOSE Softy Mo Deep Treatment Oil, 7.8oz",
        "price": "$11.59 ($1.49 / Fl Oz)",
        "listPrice": "$13.99 ($1.79 / Fl Oz)",
        "imageUrl": "https://m.media-amazon.com/images/I/41Sg1FmJrtL._SL160_.jpg",
        "detailPageURL": "https://www.amazon.com/dp/B000V2FB88",
        "rating": "4.4",
        "totalReviews": "3029",
        "subtitle": "KOSE",
        "isPrimeEligible": "1"
    },
    {
        "ASIN": "B0C673PKK3",
        "title": "La Roche-Posay NEW Lipikar AP+ Gentle Foaming Cleansing Oil | Gentle Oil Cleanser for Face and Body Formulated with Niacinamide | Long-Lasting 24-hour Hydration | Fragrance-Free & Soap Free",
        "price": "$16.99 ($1.26 / Fl Oz)",
        "listPrice": "",
        "imageUrl": "https://m.media-amazon.com/images/I/41RRhed4IfL._SL160_.jpg",
        "detailPageURL": "https://www.amazon.com/dp/B0C673PKK3",
        "rating": "4.5",
        "totalReviews": "165",
        "subtitle": "",
        "isPrimeEligible": "1"
    },
    {
        "ASIN": "B00W2CTHT4",
        "title": "Palmer's Cocoa Butter Skin Therapy Cleansing Facial Oil, Gentle Makeup Remover for Face, Rosehip Fragrance, 6.5 Ounce",
        "price": "$9.99 ($1.54 / Fl Oz)",
        "listPrice": "$11.99 ($1.84 / Fl Oz)",
        "imageUrl": "https://m.media-amazon.com/images/I/31llGV+K-RL._SL160_.jpg",
        "detailPageURL": "https://www.amazon.com/dp/B00W2CTHT4",
        "rating": "4.5",
        "totalReviews": "7384",
        "subtitle": "Palmer's",
        "isPrimeEligible": "1"
    },
    {
        "ASIN": "B0B45M89LX",
        "title": "Beauty of Joseon Ginseng Cleansing Oil (210ml, 7.1 fl.oz.)",
        "price": "$19.90 ($2.80 / Fl Oz)",
        "listPrice": "",
        "imageUrl": "https://m.media-amazon.com/images/I/317yIE+6xiL._SL160_.jpg",
        "detailPageURL": "https://www.amazon.com/dp/B0B45M89LX",
        "rating": "4.4",
        "totalReviews": "348",
        "subtitle": "Beauty of Joseon",
        "isPrimeEligible": "1"
    },
    {
        "ASIN": "B00809ERAM",
        "title": "THE FACE SHOP Rice Water Bright Face Wash, Facial Cleanser for Sensitive, Normal & Oily Skin, Gentle Hydrating Daily Face Cleansing Oil, 5.0 Fl Oz (1 Pack)",
        "price": "$15.00 ($3.00 / Fl Oz)",
        "listPrice": "",
        "imageUrl": "https://m.media-amazon.com/images/I/31Ue0SIs-4L._SL160_.jpg",
        "detailPageURL": "https://www.amazon.com/dp/B00809ERAM",
        "rating": "4.4",
        "totalReviews": "10905",
        "subtitle": "",
        "isPrimeEligible": "1"
    },
    {
        "ASIN": "B07PCTBWZT",
        "title": "COXIR Ultra Hyaluronic Cleansing Oil |No Paraben, No Silicon, No Animal Testing, No Mineral oil | K-beauty, Korean Skin Care| Make-up remover, Blackhead off",
        "price": "$17.00 ($3.35 / Fl Oz)",
        "listPrice": "$17.89 ($3.53 / Fl Oz)",
        "imageUrl": "https://m.media-amazon.com/images/I/31WPNqYddSL._SL160_.jpg",
        "detailPageURL": "https://www.amazon.com/dp/B07PCTBWZT",
        "rating": "4.4",
        "totalReviews": "493",
        "subtitle": "COXIR",
        "isPrimeEligible": "1"
    },
    {
        "ASIN": "B0C7J55374",
        "title": "CeraVe Hydrating Foaming Oil Cleanser | Foaming Oil Wash with Squalane Oil, Triglyceride, Hyaluronic Acid and Ceramides | For Dry to Very Dry Skin | 8 Oz",
        "price": "$12.37 ($1.55 / Fl Oz)",
        "listPrice": "$15.99 ($2.00 / Fl Oz)",
        "imageUrl": "https://m.media-amazon.com/images/I/416+0cXwuaL._SL160_.jpg",
        "detailPageURL": "https://www.amazon.com/dp/B0C7J55374",
        "rating": "4.6",
        "totalReviews": "201",
        "subtitle": "CeraVe",
        "isPrimeEligible": "1"
    },
    {
        "ASIN": "B01034IN9M",
        "title": "Neutrogena Ultra-Light Cleansing Oil, 4.0 Fluid Ounce",
        "price": "$9.97 ($2.49 / Fl Oz)",
        "listPrice": "$13.29 ($3.32 / Fl Oz)",
        "imageUrl": "https://m.media-amazon.com/images/I/31fA8duCMuL._SL160_.jpg",
        "detailPageURL": "https://www.amazon.com/dp/B01034IN9M",
        "rating": "4.5",
        "totalReviews": "587",
        "subtitle": "Neutrogena",
        "isPrimeEligible": "1"
    },
    {
        "ASIN": "B08W1ZHTL3",
        "title": "Haruharu Wonder Black Rice Moisture Deep Cleansing Oil 5.1 fl.oz / 150ml | Korean Facial Cleanser, Makeup Remover | Vegan, Cruelty Free | Jojoba Seed Oil, Macadamia Seed Oil",
        "price": "$15.99 ($3.14 / Fl Oz)",
        "listPrice": "",
        "imageUrl": "https://m.media-amazon.com/images/I/31MaA-9c9lL._SL160_.jpg",
        "detailPageURL": "https://www.amazon.com/dp/B08W1ZHTL3",
        "rating": "4.4",
        "totalReviews": "159",
        "subtitle": "HARUHARU",
        "isPrimeEligible": "1"
    },
    {
        "ASIN": "B000V2FB88",
        "title": "KOSE Softy Mo Deep Treatment Oil, 7.8oz",
        "price": "$11.59 ($1.49 / Fl Oz)",
        "listPrice": "$13.99 ($1.79 / Fl Oz)",
        "imageUrl": "https://m.media-amazon.com/images/I/41Sg1FmJrtL._SL160_.jpg",
        "detailPageURL": "https://www.amazon.com/dp/B000V2FB88",
        "rating": "4.4",
        "totalReviews": "3029",
        "subtitle": "KOSE",
        "isPrimeEligible": "1"
    },
    {
        "ASIN": "B0C673PKK3",
        "title": "La Roche-Posay NEW Lipikar AP+ Gentle Foaming Cleansing Oil | Gentle Oil Cleanser for Face and Body Formulated with Niacinamide | Long-Lasting 24-hour Hydration | Fragrance-Free & Soap Free",
        "price": "$16.99 ($1.26 / Fl Oz)",
        "listPrice": "",
        "imageUrl": "https://m.media-amazon.com/images/I/41RRhed4IfL._SL160_.jpg",
        "detailPageURL": "https://www.amazon.com/dp/B0C673PKK3",
        "rating": "4.5",
        "totalReviews": "165",
        "subtitle": "",
        "isPrimeEligible": "1"
    },
    {
        "ASIN": "B00W2CTHT4",
        "title": "Palmer's Cocoa Butter Skin Therapy Cleansing Facial Oil, Gentle Makeup Remover for Face, Rosehip Fragrance, 6.5 Ounce",
        "price": "$9.99 ($1.54 / Fl Oz)",
        "listPrice": "$11.99 ($1.84 / Fl Oz)",
        "imageUrl": "https://m.media-amazon.com/images/I/31llGV+K-RL._SL160_.jpg",
        "detailPageURL": "https://www.amazon.com/dp/B00W2CTHT4",
        "rating": "4.5",
        "totalReviews": "7384",
        "subtitle": "Palmer's",
        "isPrimeEligible": "1"
    },
    {
        "ASIN": "B0B45M89LX",
        "title": "Beauty of Joseon Ginseng Cleansing Oil (210ml, 7.1 fl.oz.)",
        "price": "$19.90 ($2.80 / Fl Oz)",
        "listPrice": "",
        "imageUrl": "https://m.media-amazon.com/images/I/317yIE+6xiL._SL160_.jpg",
        "detailPageURL": "https://www.amazon.com/dp/B0B45M89LX",
        "rating": "4.4",
        "totalReviews": "348",
        "subtitle": "Beauty of Joseon",
        "isPrimeEligible": "1"
    },
    {
        "ASIN": "B00809ERAM",
        "title": "THE FACE SHOP Rice Water Bright Face Wash, Facial Cleanser for Sensitive, Normal & Oily Skin, Gentle Hydrating Daily Face Cleansing Oil, 5.0 Fl Oz (1 Pack)",
        "price": "$15.00 ($3.00 / Fl Oz)",
        "listPrice": "",
        "imageUrl": "https://m.media-amazon.com/images/I/31Ue0SIs-4L._SL160_.jpg",
        "detailPageURL": "https://www.amazon.com/dp/B00809ERAM",
        "rating": "4.4",
        "totalReviews": "10905",
        "subtitle": "",
        "isPrimeEligible": "1"
    },
    {
        "ASIN": "B07PCTBWZT",
        "title": "COXIR Ultra Hyaluronic Cleansing Oil |No Paraben, No Silicon, No Animal Testing, No Mineral oil | K-beauty, Korean Skin Care| Make-up remover, Blackhead off",
        "price": "$17.00 ($3.35 / Fl Oz)",
        "listPrice": "$17.89 ($3.53 / Fl Oz)",
        "imageUrl": "https://m.media-amazon.com/images/I/31WPNqYddSL._SL160_.jpg",
        "detailPageURL": "https://www.amazon.com/dp/B07PCTBWZT",
        "rating": "4.4",
        "totalReviews": "493",
        "subtitle": "COXIR",
        "isPrimeEligible": "1"
    },
    {
        "ASIN": "B0C7J55374",
        "title": "CeraVe Hydrating Foaming Oil Cleanser | Foaming Oil Wash with Squalane Oil, Triglyceride, Hyaluronic Acid and Ceramides | For Dry to Very Dry Skin | 8 Oz",
        "price": "$12.37 ($1.55 / Fl Oz)",
        "listPrice": "$15.99 ($2.00 / Fl Oz)",
        "imageUrl": "https://m.media-amazon.com/images/I/416+0cXwuaL._SL160_.jpg",
        "detailPageURL": "https://www.amazon.com/dp/B0C7J55374",
        "rating": "4.6",
        "totalReviews": "201",
        "subtitle": "CeraVe",
        "isPrimeEligible": "1"
    },
    {
        "ASIN": "B01034IN9M",
        "title": "Neutrogena Ultra-Light Cleansing Oil, 4.0 Fluid Ounce",
        "price": "$9.97 ($2.49 / Fl Oz)",
        "listPrice": "$13.29 ($3.32 / Fl Oz)",
        "imageUrl": "https://m.media-amazon.com/images/I/31fA8duCMuL._SL160_.jpg",
        "detailPageURL": "https://www.amazon.com/dp/B01034IN9M",
        "rating": "4.5",
        "totalReviews": "587",
        "subtitle": "Neutrogena",
        "isPrimeEligible": "1"
    },
    {
        "ASIN": "B07NNZSG2K",
        "title": "IUNIK Calendula Complete Deep Vegan Cleansing Oil 94% Plant-based Oils Blackhead Melting Makeup Remover Mascara Sunscreen Eyeliner Facial Cleanser - Dry Oily Acne-Prone Sensitive Skin Korean Skincare",
        "price": "$19.99 ($2.98 / Fl Oz)",
        "listPrice": "$24.99 ($3.73 / Fl Oz)",
        "imageUrl": "https://m.media-amazon.com/images/I/31N+oqWEB4L._SL160_.jpg",
        "detailPageURL": "https://www.amazon.com/dp/B07NNZSG2K",
        "rating": "4.5",
        "totalReviews": "2233",
        "subtitle": "IUNIK",
        "isPrimeEligible": "1"
    },
    {
        "ASIN": "B000V2FB88",
        "title": "KOSE Softy Mo Deep Treatment Oil, 7.8oz",
        "price": "$11.59 ($1.49 / Fl Oz)",
        "listPrice": "$13.99 ($1.79 / Fl Oz)",
        "imageUrl": "https://m.media-amazon.com/images/I/41Sg1FmJrtL._SL160_.jpg",
        "detailPageURL": "https://www.amazon.com/dp/B000V2FB88",
        "rating": "4.4",
        "totalReviews": "3029",
        "subtitle": "KOSE",
        "isPrimeEligible": "1"
    },
    {
        "ASIN": "B0C673PKK3",
        "title": "La Roche-Posay NEW Lipikar AP+ Gentle Foaming Cleansing Oil | Gentle Oil Cleanser for Face and Body Formulated with Niacinamide | Long-Lasting 24-hour Hydration | Fragrance-Free & Soap Free",
        "price": "$16.99 ($1.26 / Fl Oz)",
        "listPrice": "",
        "imageUrl": "https://m.media-amazon.com/images/I/41RRhed4IfL._SL160_.jpg",
        "detailPageURL": "https://www.amazon.com/dp/B0C673PKK3",
        "rating": "4.5",
        "totalReviews": "165",
        "subtitle": "",
        "isPrimeEligible": "1"
    },
    {
        "ASIN": "B00W2CTHT4",
        "title": "Palmer's Cocoa Butter Skin Therapy Cleansing Facial Oil, Gentle Makeup Remover for Face, Rosehip Fragrance, 6.5 Ounce",
        "price": "$9.99 ($1.54 / Fl Oz)",
        "listPrice": "$11.99 ($1.84 / Fl Oz)",
        "imageUrl": "https://m.media-amazon.com/images/I/31llGV+K-RL._SL160_.jpg",
        "detailPageURL": "https://www.amazon.com/dp/B00W2CTHT4",
        "rating": "4.5",
        "totalReviews": "7384",
        "subtitle": "Palmer's",
        "isPrimeEligible": "1"
    },
    {
        "ASIN": "B0B45M89LX",
        "title": "Beauty of Joseon Ginseng Cleansing Oil (210ml, 7.1 fl.oz.)",
        "price": "$19.90 ($2.80 / Fl Oz)",
        "listPrice": "",
        "imageUrl": "https://m.media-amazon.com/images/I/317yIE+6xiL._SL160_.jpg",
        "detailPageURL": "https://www.amazon.com/dp/B0B45M89LX",
        "rating": "4.4",
        "totalReviews": "348",
        "subtitle": "Beauty of Joseon",
        "isPrimeEligible": "1"
    },
    {
        "ASIN": "B00809ERAM",
        "title": "THE FACE SHOP Rice Water Bright Face Wash, Facial Cleanser for Sensitive, Normal & Oily Skin, Gentle Hydrating Daily Face Cleansing Oil, 5.0 Fl Oz (1 Pack)",
        "price": "$15.00 ($3.00 / Fl Oz)",
        "listPrice": "",
        "imageUrl": "https://m.media-amazon.com/images/I/31Ue0SIs-4L._SL160_.jpg",
        "detailPageURL": "https://www.amazon.com/dp/B00809ERAM",
        "rating": "4.4",
        "totalReviews": "10905",
        "subtitle": "",
        "isPrimeEligible": "1"
    },
    {
        "ASIN": "B07PCTBWZT",
        "title": "COXIR Ultra Hyaluronic Cleansing Oil |No Paraben, No Silicon, No Animal Testing, No Mineral oil | K-beauty, Korean Skin Care| Make-up remover, Blackhead off",
        "price": "$17.00 ($3.35 / Fl Oz)",
        "listPrice": "$17.89 ($3.53 / Fl Oz)",
        "imageUrl": "https://m.media-amazon.com/images/I/31WPNqYddSL._SL160_.jpg",
        "detailPageURL": "https://www.amazon.com/dp/B07PCTBWZT",
        "rating": "4.4",
        "totalReviews": "493",
        "subtitle": "COXIR",
        "isPrimeEligible": "1"
    },
    {
        "ASIN": "B0C7J55374",
        "title": "CeraVe Hydrating Foaming Oil Cleanser | Foaming Oil Wash with Squalane Oil, Triglyceride, Hyaluronic Acid and Ceramides | For Dry to Very Dry Skin | 8 Oz",
        "price": "$12.37 ($1.55 / Fl Oz)",
        "listPrice": "$15.99 ($2.00 / Fl Oz)",
        "imageUrl": "https://m.media-amazon.com/images/I/416+0cXwuaL._SL160_.jpg",
        "detailPageURL": "https://www.amazon.com/dp/B0C7J55374",
        "rating": "4.6",
        "totalReviews": "201",
        "subtitle": "CeraVe",
        "isPrimeEligible": "1"
    },
    {
        "ASIN": "B01034IN9M",
        "title": "Neutrogena Ultra-Light Cleansing Oil, 4.0 Fluid Ounce",
        "price": "$9.97 ($2.49 / Fl Oz)",
        "listPrice": "$13.29 ($3.32 / Fl Oz)",
        "imageUrl": "https://m.media-amazon.com/images/I/31fA8duCMuL._SL160_.jpg",
        "detailPageURL": "https://www.amazon.com/dp/B01034IN9M",
        "rating": "4.5",
        "totalReviews": "587",
        "subtitle": "Neutrogena",
        "isPrimeEligible": "1"
    },
    {
        "ASIN": "B07NNZSG2K",
        "title": "IUNIK Calendula Complete Deep Vegan Cleansing Oil 94% Plant-based Oils Blackhead Melting Makeup Remover Mascara Sunscreen Eyeliner Facial Cleanser - Dry Oily Acne-Prone Sensitive Skin Korean Skincare",
        "price": "$19.99 ($2.98 / Fl Oz)",
        "listPrice": "$24.99 ($3.73 / Fl Oz)",
        "imageUrl": "https://m.media-amazon.com/images/I/31N+oqWEB4L._SL160_.jpg",
        "detailPageURL": "https://www.amazon.com/dp/B07NNZSG2K",
        "rating": "4.5",
        "totalReviews": "2233",
        "subtitle": "IUNIK",
        "isPrimeEligible": "1"
    },
    {
        "ASIN": "B00917HHWC",
        "title": "Oil Pulling Therapy: Detoxifying and Healing the Body Through Oral Cleansing",
        "price": "$6.99",
        "listPrice": "",
        "imageUrl": "https://m.media-amazon.com/images/I/51ZxFEFfXVL._SL160_.jpg",
        "detailPageURL": "https://www.amazon.com/dp/B00917HHWC",
        "rating": "4.6",
        "totalReviews": "775",
        "subtitle": "",
        "isPrimeEligible": "0"
    },
    {
        "ASIN": "B0C673PKK3",
        "title": "La Roche-Posay NEW Lipikar AP+ Gentle Foaming Cleansing Oil | Gentle Oil Cleanser for Face and Body Formulated with Niacinamide | Long-Lasting 24-hour Hydration | Fragrance-Free & Soap Free",
        "price": "$16.99 ($1.26 / Fl Oz)",
        "listPrice": "",
        "imageUrl": "https://m.media-amazon.com/images/I/41RRhed4IfL._SL160_.jpg",
        "detailPageURL": "https://www.amazon.com/dp/B0C673PKK3",
        "rating": "4.5",
        "totalReviews": "165",
        "subtitle": "",
        "isPrimeEligible": "1"
    },
    {
        "ASIN": "B00W2CTHT4",
        "title": "Palmer's Cocoa Butter Skin Therapy Cleansing Facial Oil, Gentle Makeup Remover for Face, Rosehip Fragrance, 6.5 Ounce",
        "price": "$9.99 ($1.54 / Fl Oz)",
        "listPrice": "$11.99 ($1.84 / Fl Oz)",
        "imageUrl": "https://m.media-amazon.com/images/I/31llGV+K-RL._SL160_.jpg",
        "detailPageURL": "https://www.amazon.com/dp/B00W2CTHT4",
        "rating": "4.5",
        "totalReviews": "7384",
        "subtitle": "Palmer's",
        "isPrimeEligible": "1"
    },
    {
        "ASIN": "B0B45M89LX",
        "title": "Beauty of Joseon Ginseng Cleansing Oil (210ml, 7.1 fl.oz.)",
        "price": "$19.90 ($2.80 / Fl Oz)",
        "listPrice": "",
        "imageUrl": "https://m.media-amazon.com/images/I/317yIE+6xiL._SL160_.jpg",
        "detailPageURL": "https://www.amazon.com/dp/B0B45M89LX",
        "rating": "4.4",
        "totalReviews": "348",
        "subtitle": "Beauty of Joseon",
        "isPrimeEligible": "1"
    },
    {
        "ASIN": "B00809ERAM",
        "title": "THE FACE SHOP Rice Water Bright Face Wash, Facial Cleanser for Sensitive, Normal & Oily Skin, Gentle Hydrating Daily Face Cleansing Oil, 5.0 Fl Oz (1 Pack)",
        "price": "$15.00 ($3.00 / Fl Oz)",
        "listPrice": "",
        "imageUrl": "https://m.media-amazon.com/images/I/31Ue0SIs-4L._SL160_.jpg",
        "detailPageURL": "https://www.amazon.com/dp/B00809ERAM",
        "rating": "4.4",
        "totalReviews": "10905",
        "subtitle": "",
        "isPrimeEligible": "1"
    },
    {
        "ASIN": "B07PCTBWZT",
        "title": "COXIR Ultra Hyaluronic Cleansing Oil |No Paraben, No Silicon, No Animal Testing, No Mineral oil | K-beauty, Korean Skin Care| Make-up remover, Blackhead off",
        "price": "$17.00 ($3.35 / Fl Oz)",
        "listPrice": "$17.89 ($3.53 / Fl Oz)",
        "imageUrl": "https://m.media-amazon.com/images/I/31WPNqYddSL._SL160_.jpg",
        "detailPageURL": "https://www.amazon.com/dp/B07PCTBWZT",
        "rating": "4.4",
        "totalReviews": "493",
        "subtitle": "COXIR",
        "isPrimeEligible": "1"
    },
    {
        "ASIN": "B0C7J55374",
        "title": "CeraVe Hydrating Foaming Oil Cleanser | Foaming Oil Wash with Squalane Oil, Triglyceride, Hyaluronic Acid and Ceramides | For Dry to Very Dry Skin | 8 Oz",
        "price": "$12.37 ($1.55 / Fl Oz)",
        "listPrice": "$15.99 ($2.00 / Fl Oz)",
        "imageUrl": "https://m.media-amazon.com/images/I/416+0cXwuaL._SL160_.jpg",
        "detailPageURL": "https://www.amazon.com/dp/B0C7J55374",
        "rating": "4.6",
        "totalReviews": "201",
        "subtitle": "CeraVe",
        "isPrimeEligible": "1"
    },
    {
        "ASIN": "B01034IN9M",
        "title": "Neutrogena Ultra-Light Cleansing Oil, 4.0 Fluid Ounce",
        "price": "$9.97 ($2.49 / Fl Oz)",
        "listPrice": "$13.29 ($3.32 / Fl Oz)",
        "imageUrl": "https://m.media-amazon.com/images/I/31fA8duCMuL._SL160_.jpg",
        "detailPageURL": "https://www.amazon.com/dp/B01034IN9M",
        "rating": "4.5",
        "totalReviews": "587",
        "subtitle": "Neutrogena",
        "isPrimeEligible": "1"
    },
    {
        "ASIN": "B07NNZSG2K",
        "title": "IUNIK Calendula Complete Deep Vegan Cleansing Oil 94% Plant-based Oils Blackhead Melting Makeup Remover Mascara Sunscreen Eyeliner Facial Cleanser - Dry Oily Acne-Prone Sensitive Skin Korean Skincare",
        "price": "$19.99 ($2.98 / Fl Oz)",
        "listPrice": "$24.99 ($3.73 / Fl Oz)",
        "imageUrl": "https://m.media-amazon.com/images/I/31N+oqWEB4L._SL160_.jpg",
        "detailPageURL": "https://www.amazon.com/dp/B07NNZSG2K",
        "rating": "4.5",
        "totalReviews": "2233",
        "subtitle": "IUNIK",
        "isPrimeEligible": "1"
    },
    {
        "ASIN": "B00917HHWC",
        "title": "Oil Pulling Therapy: Detoxifying and Healing the Body Through Oral Cleansing",
        "price": "$6.99",
        "listPrice": "",
        "imageUrl": "https://m.media-amazon.com/images/I/51ZxFEFfXVL._SL160_.jpg",
        "detailPageURL": "https://www.amazon.com/dp/B00917HHWC",
        "rating": "4.6",
        "totalReviews": "775",
        "subtitle": "",
        "isPrimeEligible": "0"
    },
    {
        "ASIN": "B09XJYDZGG",
        "title": "cleansing oil",
        "price": "$0.69",
        "listPrice": "",
        "imageUrl": "https://m.media-amazon.com/images/I/41vW01ce48L._SL160_.jpg",
        "detailPageURL": "https://www.amazon.com/dp/B09XJYDZGG",
        "rating": "",
        "totalReviews": "",
        "subtitle": "",
        "isPrimeEligible": "0"
    },
    {
        "ASIN": "B00W2CTHT4",
        "title": "Palmer's Cocoa Butter Skin Therapy Cleansing Facial Oil, Gentle Makeup Remover for Face, Rosehip Fragrance, 6.5 Ounce",
        "price": "$9.99 ($1.54 / Fl Oz)",
        "listPrice": "$11.99 ($1.84 / Fl Oz)",
        "imageUrl": "https://m.media-amazon.com/images/I/31llGV+K-RL._SL160_.jpg",
        "detailPageURL": "https://www.amazon.com/dp/B00W2CTHT4",
        "rating": "4.5",
        "totalReviews": "7384",
        "subtitle": "Palmer's",
        "isPrimeEligible": "1"
    },
    {
        "ASIN": "B0B45M89LX",
        "title": "Beauty of Joseon Ginseng Cleansing Oil (210ml, 7.1 fl.oz.)",
        "price": "$19.90 ($2.80 / Fl Oz)",
        "listPrice": "",
        "imageUrl": "https://m.media-amazon.com/images/I/317yIE+6xiL._SL160_.jpg",
        "detailPageURL": "https://www.amazon.com/dp/B0B45M89LX",
        "rating": "4.4",
        "totalReviews": "348",
        "subtitle": "Beauty of Joseon",
        "isPrimeEligible": "1"
    },
    {
        "ASIN": "B00809ERAM",
        "title": "THE FACE SHOP Rice Water Bright Face Wash, Facial Cleanser for Sensitive, Normal & Oily Skin, Gentle Hydrating Daily Face Cleansing Oil, 5.0 Fl Oz (1 Pack)",
        "price": "$15.00 ($3.00 / Fl Oz)",
        "listPrice": "",
        "imageUrl": "https://m.media-amazon.com/images/I/31Ue0SIs-4L._SL160_.jpg",
        "detailPageURL": "https://www.amazon.com/dp/B00809ERAM",
        "rating": "4.4",
        "totalReviews": "10905",
        "subtitle": "",
        "isPrimeEligible": "1"
    },
    {
        "ASIN": "B07PCTBWZT",
        "title": "COXIR Ultra Hyaluronic Cleansing Oil |No Paraben, No Silicon, No Animal Testing, No Mineral oil | K-beauty, Korean Skin Care| Make-up remover, Blackhead off",
        "price": "$17.00 ($3.35 / Fl Oz)",
        "listPrice": "$17.89 ($3.53 / Fl Oz)",
        "imageUrl": "https://m.media-amazon.com/images/I/31WPNqYddSL._SL160_.jpg",
        "detailPageURL": "https://www.amazon.com/dp/B07PCTBWZT",
        "rating": "4.4",
        "totalReviews": "493",
        "subtitle": "COXIR",
        "isPrimeEligible": "1"
    },
    {
        "ASIN": "B0C7J55374",
        "title": "CeraVe Hydrating Foaming Oil Cleanser | Foaming Oil Wash with Squalane Oil, Triglyceride, Hyaluronic Acid and Ceramides | For Dry to Very Dry Skin | 8 Oz",
        "price": "$12.37 ($1.55 / Fl Oz)",
        "listPrice": "$15.99 ($2.00 / Fl Oz)",
        "imageUrl": "https://m.media-amazon.com/images/I/416+0cXwuaL._SL160_.jpg",
        "detailPageURL": "https://www.amazon.com/dp/B0C7J55374",
        "rating": "4.6",
        "totalReviews": "201",
        "subtitle": "CeraVe",
        "isPrimeEligible": "1"
    },
    {
        "ASIN": "B01034IN9M",
        "title": "Neutrogena Ultra-Light Cleansing Oil, 4.0 Fluid Ounce",
        "price": "$9.97 ($2.49 / Fl Oz)",
        "listPrice": "$13.29 ($3.32 / Fl Oz)",
        "imageUrl": "https://m.media-amazon.com/images/I/31fA8duCMuL._SL160_.jpg",
        "detailPageURL": "https://www.amazon.com/dp/B01034IN9M",
        "rating": "4.5",
        "totalReviews": "587",
        "subtitle": "Neutrogena",
        "isPrimeEligible": "1"
    },
    {
        "ASIN": "B07NNZSG2K",
        "title": "IUNIK Calendula Complete Deep Vegan Cleansing Oil 94% Plant-based Oils Blackhead Melting Makeup Remover Mascara Sunscreen Eyeliner Facial Cleanser - Dry Oily Acne-Prone Sensitive Skin Korean Skincare",
        "price": "$19.99 ($2.98 / Fl Oz)",
        "listPrice": "$24.99 ($3.73 / Fl Oz)",
        "imageUrl": "https://m.media-amazon.com/images/I/31N+oqWEB4L._SL160_.jpg",
        "detailPageURL": "https://www.amazon.com/dp/B07NNZSG2K",
        "rating": "4.5",
        "totalReviews": "2233",
        "subtitle": "IUNIK",
        "isPrimeEligible": "1"
    },
    {
        "ASIN": "B00917HHWC",
        "title": "Oil Pulling Therapy: Detoxifying and Healing the Body Through Oral Cleansing",
        "price": "$6.99",
        "listPrice": "",
        "imageUrl": "https://m.media-amazon.com/images/I/51ZxFEFfXVL._SL160_.jpg",
        "detailPageURL": "https://www.amazon.com/dp/B00917HHWC",
        "rating": "4.6",
        "totalReviews": "775",
        "subtitle": "",
        "isPrimeEligible": "0"
    },
    {
        "ASIN": "B09XJYDZGG",
        "title": "cleansing oil",
        "price": "$0.69",
        "listPrice": "",
        "imageUrl": "https://m.media-amazon.com/images/I/41vW01ce48L._SL160_.jpg",
        "detailPageURL": "https://www.amazon.com/dp/B09XJYDZGG",
        "rating": "",
        "totalReviews": "",
        "subtitle": "",
        "isPrimeEligible": "0"
    },
    {
        "ASIN": "1517372402",
        "title": "Oil Pulling: Oil Pulling Beginner's Guide! - Learn How To Heal Your Body Using Nature's Ancient Detoxifying And Healing Oil Pulling Oral Detox Therapy Cleansing!",
        "price": "$4.76",
        "listPrice": "$6.99",
        "imageUrl": "https://m.media-amazon.com/images/I/51wo1y0MlSL._SL160_.jpg",
        "detailPageURL": "https://www.amazon.com/dp/1517372402",
        "rating": "4.2",
        "totalReviews": "10",
        "subtitle": "Brooks, Sarah (Paperback)",
        "isPrimeEligible": "1"
    },
    {
        "ASIN": "B0B45M89LX",
        "title": "Beauty of Joseon Ginseng Cleansing Oil (210ml, 7.1 fl.oz.)",
        "price": "$19.90 ($2.80 / Fl Oz)",
        "listPrice": "",
        "imageUrl": "https://m.media-amazon.com/images/I/317yIE+6xiL._SL160_.jpg",
        "detailPageURL": "https://www.amazon.com/dp/B0B45M89LX",
        "rating": "4.4",
        "totalReviews": "348",
        "subtitle": "Beauty of Joseon",
        "isPrimeEligible": "1"
    },
    {
        "ASIN": "B00809ERAM",
        "title": "THE FACE SHOP Rice Water Bright Face Wash, Facial Cleanser for Sensitive, Normal & Oily Skin, Gentle Hydrating Daily Face Cleansing Oil, 5.0 Fl Oz (1 Pack)",
        "price": "$15.00 ($3.00 / Fl Oz)",
        "listPrice": "",
        "imageUrl": "https://m.media-amazon.com/images/I/31Ue0SIs-4L._SL160_.jpg",
        "detailPageURL": "https://www.amazon.com/dp/B00809ERAM",
        "rating": "4.4",
        "totalReviews": "10905",
        "subtitle": "",
        "isPrimeEligible": "1"
    },
    {
        "ASIN": "B07PCTBWZT",
        "title": "COXIR Ultra Hyaluronic Cleansing Oil |No Paraben, No Silicon, No Animal Testing, No Mineral oil | K-beauty, Korean Skin Care| Make-up remover, Blackhead off",
        "price": "$17.00 ($3.35 / Fl Oz)",
        "listPrice": "$17.89 ($3.53 / Fl Oz)",
        "imageUrl": "https://m.media-amazon.com/images/I/31WPNqYddSL._SL160_.jpg",
        "detailPageURL": "https://www.amazon.com/dp/B07PCTBWZT",
        "rating": "4.4",
        "totalReviews": "493",
        "subtitle": "COXIR",
        "isPrimeEligible": "1"
    },
    {
        "ASIN": "B0C7J55374",
        "title": "CeraVe Hydrating Foaming Oil Cleanser | Foaming Oil Wash with Squalane Oil, Triglyceride, Hyaluronic Acid and Ceramides | For Dry to Very Dry Skin | 8 Oz",
        "price": "$12.37 ($1.55 / Fl Oz)",
        "listPrice": "$15.99 ($2.00 / Fl Oz)",
        "imageUrl": "https://m.media-amazon.com/images/I/416+0cXwuaL._SL160_.jpg",
        "detailPageURL": "https://www.amazon.com/dp/B0C7J55374",
        "rating": "4.6",
        "totalReviews": "201",
        "subtitle": "CeraVe",
        "isPrimeEligible": "1"
    },
    {
        "ASIN": "B01034IN9M",
        "title": "Neutrogena Ultra-Light Cleansing Oil, 4.0 Fluid Ounce",
        "price": "$9.97 ($2.49 / Fl Oz)",
        "listPrice": "$13.29 ($3.32 / Fl Oz)",
        "imageUrl": "https://m.media-amazon.com/images/I/31fA8duCMuL._SL160_.jpg",
        "detailPageURL": "https://www.amazon.com/dp/B01034IN9M",
        "rating": "4.5",
        "totalReviews": "587",
        "subtitle": "Neutrogena",
        "isPrimeEligible": "1"
    },
    {
        "ASIN": "B07NNZSG2K",
        "title": "IUNIK Calendula Complete Deep Vegan Cleansing Oil 94% Plant-based Oils Blackhead Melting Makeup Remover Mascara Sunscreen Eyeliner Facial Cleanser - Dry Oily Acne-Prone Sensitive Skin Korean Skincare",
        "price": "$19.99 ($2.98 / Fl Oz)",
        "listPrice": "$24.99 ($3.73 / Fl Oz)",
        "imageUrl": "https://m.media-amazon.com/images/I/31N+oqWEB4L._SL160_.jpg",
        "detailPageURL": "https://www.amazon.com/dp/B07NNZSG2K",
        "rating": "4.5",
        "totalReviews": "2233",
        "subtitle": "IUNIK",
        "isPrimeEligible": "1"
    },
    {
        "ASIN": "B00917HHWC",
        "title": "Oil Pulling Therapy: Detoxifying and Healing the Body Through Oral Cleansing",
        "price": "$6.99",
        "listPrice": "",
        "imageUrl": "https://m.media-amazon.com/images/I/51ZxFEFfXVL._SL160_.jpg",
        "detailPageURL": "https://www.amazon.com/dp/B00917HHWC",
        "rating": "4.6",
        "totalReviews": "775",
        "subtitle": "",
        "isPrimeEligible": "0"
    },
    {
        "ASIN": "B09XJYDZGG",
        "title": "cleansing oil",
        "price": "$0.69",
        "listPrice": "",
        "imageUrl": "https://m.media-amazon.com/images/I/41vW01ce48L._SL160_.jpg",
        "detailPageURL": "https://www.amazon.com/dp/B09XJYDZGG",
        "rating": "",
        "totalReviews": "",
        "subtitle": "",
        "isPrimeEligible": "0"
    },
    {
        "ASIN": "1517372402",
        "title": "Oil Pulling: Oil Pulling Beginner's Guide! - Learn How To Heal Your Body Using Nature's Ancient Detoxifying And Healing Oil Pulling Oral Detox Therapy Cleansing!",
        "price": "$4.76",
        "listPrice": "$6.99",
        "imageUrl": "https://m.media-amazon.com/images/I/51wo1y0MlSL._SL160_.jpg",
        "detailPageURL": "https://www.amazon.com/dp/1517372402",
        "rating": "4.2",
        "totalReviews": "10",
        "subtitle": "Brooks, Sarah (Paperback)",
        "isPrimeEligible": "1"
    },
    {
        "ASIN": "B0C5NTFF9B",
        "title": "Daeng Gi Meo Ri - Egg Planet PHA Cleansing Oil 5.0 FL OZ/ 150ml",
        "price": "$20.00 ($20.00 / Fl Oz)",
        "listPrice": "",
        "imageUrl": "https://m.media-amazon.com/images/I/21qWOMVpI9L._SL160_.jpg",
        "detailPageURL": "https://www.amazon.com/dp/B0C5NTFF9B",
        "rating": "",
        "totalReviews": "",
        "subtitle": "Daeng Gi Meo Ri",
        "isPrimeEligible": "1"
    },
    {
        "ASIN": "B00809ERAM",
        "title": "THE FACE SHOP Rice Water Bright Face Wash, Facial Cleanser for Sensitive, Normal & Oily Skin, Gentle Hydrating Daily Face Cleansing Oil, 5.0 Fl Oz (1 Pack)",
        "price": "$15.00 ($3.00 / Fl Oz)",
        "listPrice": "",
        "imageUrl": "https://m.media-amazon.com/images/I/31Ue0SIs-4L._SL160_.jpg",
        "detailPageURL": "https://www.amazon.com/dp/B00809ERAM",
        "rating": "4.4",
        "totalReviews": "10905",
        "subtitle": "",
        "isPrimeEligible": "1"
    },
    {
        "ASIN": "B07PCTBWZT",
        "title": "COXIR Ultra Hyaluronic Cleansing Oil |No Paraben, No Silicon, No Animal Testing, No Mineral oil | K-beauty, Korean Skin Care| Make-up remover, Blackhead off",
        "price": "$17.00 ($3.35 / Fl Oz)",
        "listPrice": "$17.89 ($3.53 / Fl Oz)",
        "imageUrl": "https://m.media-amazon.com/images/I/31WPNqYddSL._SL160_.jpg",
        "detailPageURL": "https://www.amazon.com/dp/B07PCTBWZT",
        "rating": "4.4",
        "totalReviews": "493",
        "subtitle": "COXIR",
        "isPrimeEligible": "1"
    },
    {
        "ASIN": "B0C7J55374",
        "title": "CeraVe Hydrating Foaming Oil Cleanser | Foaming Oil Wash with Squalane Oil, Triglyceride, Hyaluronic Acid and Ceramides | For Dry to Very Dry Skin | 8 Oz",
        "price": "$12.37 ($1.55 / Fl Oz)",
        "listPrice": "$15.99 ($2.00 / Fl Oz)",
        "imageUrl": "https://m.media-amazon.com/images/I/416+0cXwuaL._SL160_.jpg",
        "detailPageURL": "https://www.amazon.com/dp/B0C7J55374",
        "rating": "4.6",
        "totalReviews": "201",
        "subtitle": "CeraVe",
        "isPrimeEligible": "1"
    },
    {
        "ASIN": "B01034IN9M",
        "title": "Neutrogena Ultra-Light Cleansing Oil, 4.0 Fluid Ounce",
        "price": "$9.97 ($2.49 / Fl Oz)",
        "listPrice": "$13.29 ($3.32 / Fl Oz)",
        "imageUrl": "https://m.media-amazon.com/images/I/31fA8duCMuL._SL160_.jpg",
        "detailPageURL": "https://www.amazon.com/dp/B01034IN9M",
        "rating": "4.5",
        "totalReviews": "587",
        "subtitle": "Neutrogena",
        "isPrimeEligible": "1"
    },
    {
        "ASIN": "B07NNZSG2K",
        "title": "IUNIK Calendula Complete Deep Vegan Cleansing Oil 94% Plant-based Oils Blackhead Melting Makeup Remover Mascara Sunscreen Eyeliner Facial Cleanser - Dry Oily Acne-Prone Sensitive Skin Korean Skincare",
        "price": "$19.99 ($2.98 / Fl Oz)",
        "listPrice": "$24.99 ($3.73 / Fl Oz)",
        "imageUrl": "https://m.media-amazon.com/images/I/31N+oqWEB4L._SL160_.jpg",
        "detailPageURL": "https://www.amazon.com/dp/B07NNZSG2K",
        "rating": "4.5",
        "totalReviews": "2233",
        "subtitle": "IUNIK",
        "isPrimeEligible": "1"
    },
    {
        "ASIN": "B00917HHWC",
        "title": "Oil Pulling Therapy: Detoxifying and Healing the Body Through Oral Cleansing",
        "price": "$6.99",
        "listPrice": "",
        "imageUrl": "https://m.media-amazon.com/images/I/51ZxFEFfXVL._SL160_.jpg",
        "detailPageURL": "https://www.amazon.com/dp/B00917HHWC",
        "rating": "4.6",
        "totalReviews": "775",
        "subtitle": "",
        "isPrimeEligible": "0"
    },
    {
        "ASIN": "B09XJYDZGG",
        "title": "cleansing oil",
        "price": "$0.69",
        "listPrice": "",
        "imageUrl": "https://m.media-amazon.com/images/I/41vW01ce48L._SL160_.jpg",
        "detailPageURL": "https://www.amazon.com/dp/B09XJYDZGG",
        "rating": "",
        "totalReviews": "",
        "subtitle": "",
        "isPrimeEligible": "0"
    },
    {
        "ASIN": "1517372402",
        "title": "Oil Pulling: Oil Pulling Beginner's Guide! - Learn How To Heal Your Body Using Nature's Ancient Detoxifying And Healing Oil Pulling Oral Detox Therapy Cleansing!",
        "price": "$4.76",
        "listPrice": "$6.99",
        "imageUrl": "https://m.media-amazon.com/images/I/51wo1y0MlSL._SL160_.jpg",
        "detailPageURL": "https://www.amazon.com/dp/1517372402",
        "rating": "4.2",
        "totalReviews": "10",
        "subtitle": "Brooks, Sarah (Paperback)",
        "isPrimeEligible": "1"
    },
    {
        "ASIN": "B0C5NTFF9B",
        "title": "Daeng Gi Meo Ri - Egg Planet PHA Cleansing Oil 5.0 FL OZ/ 150ml",
        "price": "$20.00 ($20.00 / Fl Oz)",
        "listPrice": "",
        "imageUrl": "https://m.media-amazon.com/images/I/21qWOMVpI9L._SL160_.jpg",
        "detailPageURL": "https://www.amazon.com/dp/B0C5NTFF9B",
        "rating": "",
        "totalReviews": "",
        "subtitle": "Daeng Gi Meo Ri",
        "isPrimeEligible": "1"
    },
    {
        "ASIN": "B0B1PP1XCM",
        "title": "CeraVe Cleansing Balm for Sensitive Skin | Hydrating Makeup Remover with Ceramides and Plant-based Jojoba Oil for Face | Non-Comedogenic Fragrance Free Non-Greasy |1.3 Ounces",
        "price": "$8.97 ($6.90 / Ounce)",
        "listPrice": "$10.99 ($8.45 / Ounce)",
        "imageUrl": "https://m.media-amazon.com/images/I/31kOCqV2+BL._SL160_.jpg",
        "detailPageURL": "https://www.amazon.com/dp/B0B1PP1XCM",
        "rating": "4.4",
        "totalReviews": "3761",
        "subtitle": "CeraVe",
        "isPrimeEligible": "1"
    },
    {
        "ASIN": "B07PCTBWZT",
        "title": "COXIR Ultra Hyaluronic Cleansing Oil |No Paraben, No Silicon, No Animal Testing, No Mineral oil | K-beauty, Korean Skin Care| Make-up remover, Blackhead off",
        "price": "$17.00 ($3.35 / Fl Oz)",
        "listPrice": "$17.89 ($3.53 / Fl Oz)",
        "imageUrl": "https://m.media-amazon.com/images/I/31WPNqYddSL._SL160_.jpg",
        "detailPageURL": "https://www.amazon.com/dp/B07PCTBWZT",
        "rating": "4.4",
        "totalReviews": "493",
        "subtitle": "COXIR",
        "isPrimeEligible": "1"
    },
    {
        "ASIN": "B0C7J55374",
        "title": "CeraVe Hydrating Foaming Oil Cleanser | Foaming Oil Wash with Squalane Oil, Triglyceride, Hyaluronic Acid and Ceramides | For Dry to Very Dry Skin | 8 Oz",
        "price": "$12.37 ($1.55 / Fl Oz)",
        "listPrice": "$15.99 ($2.00 / Fl Oz)",
        "imageUrl": "https://m.media-amazon.com/images/I/416+0cXwuaL._SL160_.jpg",
        "detailPageURL": "https://www.amazon.com/dp/B0C7J55374",
        "rating": "4.6",
        "totalReviews": "201",
        "subtitle": "CeraVe",
        "isPrimeEligible": "1"
    },
    {
        "ASIN": "B01034IN9M",
        "title": "Neutrogena Ultra-Light Cleansing Oil, 4.0 Fluid Ounce",
        "price": "$9.97 ($2.49 / Fl Oz)",
        "listPrice": "$13.29 ($3.32 / Fl Oz)",
        "imageUrl": "https://m.media-amazon.com/images/I/31fA8duCMuL._SL160_.jpg",
        "detailPageURL": "https://www.amazon.com/dp/B01034IN9M",
        "rating": "4.5",
        "totalReviews": "587",
        "subtitle": "Neutrogena",
        "isPrimeEligible": "1"
    },
    {
        "ASIN": "B07NNZSG2K",
        "title": "IUNIK Calendula Complete Deep Vegan Cleansing Oil 94% Plant-based Oils Blackhead Melting Makeup Remover Mascara Sunscreen Eyeliner Facial Cleanser - Dry Oily Acne-Prone Sensitive Skin Korean Skincare",
        "price": "$19.99 ($2.98 / Fl Oz)",
        "listPrice": "$24.99 ($3.73 / Fl Oz)",
        "imageUrl": "https://m.media-amazon.com/images/I/31N+oqWEB4L._SL160_.jpg",
        "detailPageURL": "https://www.amazon.com/dp/B07NNZSG2K",
        "rating": "4.5",
        "totalReviews": "2233",
        "subtitle": "IUNIK",
        "isPrimeEligible": "1"
    },
    {
        "ASIN": "B00917HHWC",
        "title": "Oil Pulling Therapy: Detoxifying and Healing the Body Through Oral Cleansing",
        "price": "$6.99",
        "listPrice": "",
        "imageUrl": "https://m.media-amazon.com/images/I/51ZxFEFfXVL._SL160_.jpg",
        "detailPageURL": "https://www.amazon.com/dp/B00917HHWC",
        "rating": "4.6",
        "totalReviews": "775",
        "subtitle": "",
        "isPrimeEligible": "0"
    },
    {
        "ASIN": "B09XJYDZGG",
        "title": "cleansing oil",
        "price": "$0.69",
        "listPrice": "",
        "imageUrl": "https://m.media-amazon.com/images/I/41vW01ce48L._SL160_.jpg",
        "detailPageURL": "https://www.amazon.com/dp/B09XJYDZGG",
        "rating": "",
        "totalReviews": "",
        "subtitle": "",
        "isPrimeEligible": "0"
    },
    {
        "ASIN": "1517372402",
        "title": "Oil Pulling: Oil Pulling Beginner's Guide! - Learn How To Heal Your Body Using Nature's Ancient Detoxifying And Healing Oil Pulling Oral Detox Therapy Cleansing!",
        "price": "$4.76",
        "listPrice": "$6.99",
        "imageUrl": "https://m.media-amazon.com/images/I/51wo1y0MlSL._SL160_.jpg",
        "detailPageURL": "https://www.amazon.com/dp/1517372402",
        "rating": "4.2",
        "totalReviews": "10",
        "subtitle": "Brooks, Sarah (Paperback)",
        "isPrimeEligible": "1"
    },
    {
        "ASIN": "B0C5NTFF9B",
        "title": "Daeng Gi Meo Ri - Egg Planet PHA Cleansing Oil 5.0 FL OZ/ 150ml",
        "price": "$20.00 ($20.00 / Fl Oz)",
        "listPrice": "",
        "imageUrl": "https://m.media-amazon.com/images/I/21qWOMVpI9L._SL160_.jpg",
        "detailPageURL": "https://www.amazon.com/dp/B0C5NTFF9B",
        "rating": "",
        "totalReviews": "",
        "subtitle": "Daeng Gi Meo Ri",
        "isPrimeEligible": "1"
    },
    {
        "ASIN": "B0B1PP1XCM",
        "title": "CeraVe Cleansing Balm for Sensitive Skin | Hydrating Makeup Remover with Ceramides and Plant-based Jojoba Oil for Face | Non-Comedogenic Fragrance Free Non-Greasy |1.3 Ounces",
        "price": "$8.97 ($6.90 / Ounce)",
        "listPrice": "$10.99 ($8.45 / Ounce)",
        "imageUrl": "https://m.media-amazon.com/images/I/31kOCqV2+BL._SL160_.jpg",
        "detailPageURL": "https://www.amazon.com/dp/B0B1PP1XCM",
        "rating": "4.4",
        "totalReviews": "3761",
        "subtitle": "CeraVe",
        "isPrimeEligible": "1"
    },
    {
        "ASIN": "B086ZVFX1R",
        "title": "Swipe Ball Rush - Board Paint Puzzle Game",
        "price": "$0.00",
        "listPrice": "",
        "imageUrl": "https://m.media-amazon.com/images/I/61fpkIElTBL._SL160_.png",
        "detailPageURL": "https://www.amazon.com/dp/B086ZVFX1R",
        "rating": "3.4",
        "totalReviews": "97",
        "subtitle": "",
        "isPrimeEligible": "0"
    },
    {
        "ASIN": "B0C7J55374",
        "title": "CeraVe Hydrating Foaming Oil Cleanser | Foaming Oil Wash with Squalane Oil, Triglyceride, Hyaluronic Acid and Ceramides | For Dry to Very Dry Skin | 8 Oz",
        "price": "$12.37 ($1.55 / Fl Oz)",
        "listPrice": "$15.99 ($2.00 / Fl Oz)",
        "imageUrl": "https://m.media-amazon.com/images/I/416+0cXwuaL._SL160_.jpg",
        "detailPageURL": "https://www.amazon.com/dp/B0C7J55374",
        "rating": "4.6",
        "totalReviews": "201",
        "subtitle": "CeraVe",
        "isPrimeEligible": "1"
    },
    {
        "ASIN": "B01034IN9M",
        "title": "Neutrogena Ultra-Light Cleansing Oil, 4.0 Fluid Ounce",
        "price": "$9.97 ($2.49 / Fl Oz)",
        "listPrice": "$13.29 ($3.32 / Fl Oz)",
        "imageUrl": "https://m.media-amazon.com/images/I/31fA8duCMuL._SL160_.jpg",
        "detailPageURL": "https://www.amazon.com/dp/B01034IN9M",
        "rating": "4.5",
        "totalReviews": "587",
        "subtitle": "Neutrogena",
        "isPrimeEligible": "1"
    },
    {
        "ASIN": "B07NNZSG2K",
        "title": "IUNIK Calendula Complete Deep Vegan Cleansing Oil 94% Plant-based Oils Blackhead Melting Makeup Remover Mascara Sunscreen Eyeliner Facial Cleanser - Dry Oily Acne-Prone Sensitive Skin Korean Skincare",
        "price": "$19.99 ($2.98 / Fl Oz)",
        "listPrice": "$24.99 ($3.73 / Fl Oz)",
        "imageUrl": "https://m.media-amazon.com/images/I/31N+oqWEB4L._SL160_.jpg",
        "detailPageURL": "https://www.amazon.com/dp/B07NNZSG2K",
        "rating": "4.5",
        "totalReviews": "2233",
        "subtitle": "IUNIK",
        "isPrimeEligible": "1"
    },
    {
        "ASIN": "B00917HHWC",
        "title": "Oil Pulling Therapy: Detoxifying and Healing the Body Through Oral Cleansing",
        "price": "$6.99",
        "listPrice": "",
        "imageUrl": "https://m.media-amazon.com/images/I/51ZxFEFfXVL._SL160_.jpg",
        "detailPageURL": "https://www.amazon.com/dp/B00917HHWC",
        "rating": "4.6",
        "totalReviews": "775",
        "subtitle": "",
        "isPrimeEligible": "0"
    },
    {
        "ASIN": "B09XJYDZGG",
        "title": "cleansing oil",
        "price": "$0.69",
        "listPrice": "",
        "imageUrl": "https://m.media-amazon.com/images/I/41vW01ce48L._SL160_.jpg",
        "detailPageURL": "https://www.amazon.com/dp/B09XJYDZGG",
        "rating": "",
        "totalReviews": "",
        "subtitle": "",
        "isPrimeEligible": "0"
    },
    {
        "ASIN": "1517372402",
        "title": "Oil Pulling: Oil Pulling Beginner's Guide! - Learn How To Heal Your Body Using Nature's Ancient Detoxifying And Healing Oil Pulling Oral Detox Therapy Cleansing!",
        "price": "$4.76",
        "listPrice": "$6.99",
        "imageUrl": "https://m.media-amazon.com/images/I/51wo1y0MlSL._SL160_.jpg",
        "detailPageURL": "https://www.amazon.com/dp/1517372402",
        "rating": "4.2",
        "totalReviews": "10",
        "subtitle": "Brooks, Sarah (Paperback)",
        "isPrimeEligible": "1"
    },
    {
        "ASIN": "B0C5NTFF9B",
        "title": "Daeng Gi Meo Ri - Egg Planet PHA Cleansing Oil 5.0 FL OZ/ 150ml",
        "price": "$20.00 ($20.00 / Fl Oz)",
        "listPrice": "",
        "imageUrl": "https://m.media-amazon.com/images/I/21qWOMVpI9L._SL160_.jpg",
        "detailPageURL": "https://www.amazon.com/dp/B0C5NTFF9B",
        "rating": "",
        "totalReviews": "",
        "subtitle": "Daeng Gi Meo Ri",
        "isPrimeEligible": "1"
    },
    {
        "ASIN": "B0B1PP1XCM",
        "title": "CeraVe Cleansing Balm for Sensitive Skin | Hydrating Makeup Remover with Ceramides and Plant-based Jojoba Oil for Face | Non-Comedogenic Fragrance Free Non-Greasy |1.3 Ounces",
        "price": "$8.97 ($6.90 / Ounce)",
        "listPrice": "$10.99 ($8.45 / Ounce)",
        "imageUrl": "https://m.media-amazon.com/images/I/31kOCqV2+BL._SL160_.jpg",
        "detailPageURL": "https://www.amazon.com/dp/B0B1PP1XCM",
        "rating": "4.4",
        "totalReviews": "3761",
        "subtitle": "CeraVe",
        "isPrimeEligible": "1"
    },
    {
        "ASIN": "B086ZVFX1R",
        "title": "Swipe Ball Rush - Board Paint Puzzle Game",
        "price": "$0.00",
        "listPrice": "",
        "imageUrl": "https://m.media-amazon.com/images/I/61fpkIElTBL._SL160_.png",
        "detailPageURL": "https://www.amazon.com/dp/B086ZVFX1R",
        "rating": "3.4",
        "totalReviews": "97",
        "subtitle": "",
        "isPrimeEligible": "0"
    },
    {
        "ASIN": "B0BPBVPLCY",
        "title": "vipolish 3 PCS Plastic Transparent Flat Shampoo Lotion Pump Bottles Cosmetic Cream Cleansing Oil Container Dispenser Travel Bottles for Trip Camping",
        "price": "$6.99",
        "listPrice": "",
        "imageUrl": "https://m.media-amazon.com/images/I/31Pwe4ZzRAL._SL160_.jpg",
        "detailPageURL": "https://www.amazon.com/dp/B0BPBVPLCY",
        "rating": "",
        "totalReviews": "",
        "subtitle": "",
        "isPrimeEligible": "1"
    },
    {
        "ASIN": "B01034IN9M",
        "title": "Neutrogena Ultra-Light Cleansing Oil, 4.0 Fluid Ounce",
        "price": "$9.97 ($2.49 / Fl Oz)",
        "listPrice": "$13.29 ($3.32 / Fl Oz)",
        "imageUrl": "https://m.media-amazon.com/images/I/31fA8duCMuL._SL160_.jpg",
        "detailPageURL": "https://www.amazon.com/dp/B01034IN9M",
        "rating": "4.5",
        "totalReviews": "587",
        "subtitle": "Neutrogena",
        "isPrimeEligible": "1"
    },
    {
        "ASIN": "B07NNZSG2K",
        "title": "IUNIK Calendula Complete Deep Vegan Cleansing Oil 94% Plant-based Oils Blackhead Melting Makeup Remover Mascara Sunscreen Eyeliner Facial Cleanser - Dry Oily Acne-Prone Sensitive Skin Korean Skincare",
        "price": "$19.99 ($2.98 / Fl Oz)",
        "listPrice": "$24.99 ($3.73 / Fl Oz)",
        "imageUrl": "https://m.media-amazon.com/images/I/31N+oqWEB4L._SL160_.jpg",
        "detailPageURL": "https://www.amazon.com/dp/B07NNZSG2K",
        "rating": "4.5",
        "totalReviews": "2233",
        "subtitle": "IUNIK",
        "isPrimeEligible": "1"
    },
    {
        "ASIN": "B00917HHWC",
        "title": "Oil Pulling Therapy: Detoxifying and Healing the Body Through Oral Cleansing",
        "price": "$6.99",
        "listPrice": "",
        "imageUrl": "https://m.media-amazon.com/images/I/51ZxFEFfXVL._SL160_.jpg",
        "detailPageURL": "https://www.amazon.com/dp/B00917HHWC",
        "rating": "4.6",
        "totalReviews": "775",
        "subtitle": "",
        "isPrimeEligible": "0"
    },
    {
        "ASIN": "B09XJYDZGG",
        "title": "cleansing oil",
        "price": "$0.69",
        "listPrice": "",
        "imageUrl": "https://m.media-amazon.com/images/I/41vW01ce48L._SL160_.jpg",
        "detailPageURL": "https://www.amazon.com/dp/B09XJYDZGG",
        "rating": "",
        "totalReviews": "",
        "subtitle": "",
        "isPrimeEligible": "0"
    },
    {
        "ASIN": "1517372402",
        "title": "Oil Pulling: Oil Pulling Beginner's Guide! - Learn How To Heal Your Body Using Nature's Ancient Detoxifying And Healing Oil Pulling Oral Detox Therapy Cleansing!",
        "price": "$4.76",
        "listPrice": "$6.99",
        "imageUrl": "https://m.media-amazon.com/images/I/51wo1y0MlSL._SL160_.jpg",
        "detailPageURL": "https://www.amazon.com/dp/1517372402",
        "rating": "4.2",
        "totalReviews": "10",
        "subtitle": "Brooks, Sarah (Paperback)",
        "isPrimeEligible": "1"
    },
    {
        "ASIN": "B0C5NTFF9B",
        "title": "Daeng Gi Meo Ri - Egg Planet PHA Cleansing Oil 5.0 FL OZ/ 150ml",
        "price": "$20.00 ($20.00 / Fl Oz)",
        "listPrice": "",
        "imageUrl": "https://m.media-amazon.com/images/I/21qWOMVpI9L._SL160_.jpg",
        "detailPageURL": "https://www.amazon.com/dp/B0C5NTFF9B",
        "rating": "",
        "totalReviews": "",
        "subtitle": "Daeng Gi Meo Ri",
        "isPrimeEligible": "1"
    },
    {
        "ASIN": "B0B1PP1XCM",
        "title": "CeraVe Cleansing Balm for Sensitive Skin | Hydrating Makeup Remover with Ceramides and Plant-based Jojoba Oil for Face | Non-Comedogenic Fragrance Free Non-Greasy |1.3 Ounces",
        "price": "$8.97 ($6.90 / Ounce)",
        "listPrice": "$10.99 ($8.45 / Ounce)",
        "imageUrl": "https://m.media-amazon.com/images/I/31kOCqV2+BL._SL160_.jpg",
        "detailPageURL": "https://www.amazon.com/dp/B0B1PP1XCM",
        "rating": "4.4",
        "totalReviews": "3761",
        "subtitle": "CeraVe",
        "isPrimeEligible": "1"
    },
    {
        "ASIN": "B086ZVFX1R",
        "title": "Swipe Ball Rush - Board Paint Puzzle Game",
        "price": "$0.00",
        "listPrice": "",
        "imageUrl": "https://m.media-amazon.com/images/I/61fpkIElTBL._SL160_.png",
        "detailPageURL": "https://www.amazon.com/dp/B086ZVFX1R",
        "rating": "3.4",
        "totalReviews": "97",
        "subtitle": "",
        "isPrimeEligible": "0"
    },
    {
        "ASIN": "B0BPBVPLCY",
        "title": "vipolish 3 PCS Plastic Transparent Flat Shampoo Lotion Pump Bottles Cosmetic Cream Cleansing Oil Container Dispenser Travel Bottles for Trip Camping",
        "price": "$6.99",
        "listPrice": "",
        "imageUrl": "https://m.media-amazon.com/images/I/31Pwe4ZzRAL._SL160_.jpg",
        "detailPageURL": "https://www.amazon.com/dp/B0BPBVPLCY",
        "rating": "",
        "totalReviews": "",
        "subtitle": "",
        "isPrimeEligible": "1"
    },
    {
        "ASIN": "B001URA25A",
        "title": "8 Seconds",
        "price": "$5.93",
        "listPrice": "$10.75",
        "imageUrl": "https://m.media-amazon.com/images/I/51A79hY4H7L._SL160_.jpg",
        "detailPageURL": "https://www.amazon.com/dp/B001URA25A",
        "rating": "4.8",
        "totalReviews": "18229",
        "subtitle": " (DVD)",
        "isPrimeEligible": "0"
    },
    {
        "ASIN": "B07NNZSG2K",
        "title": "IUNIK Calendula Complete Deep Vegan Cleansing Oil 94% Plant-based Oils Blackhead Melting Makeup Remover Mascara Sunscreen Eyeliner Facial Cleanser - Dry Oily Acne-Prone Sensitive Skin Korean Skincare",
        "price": "$19.99 ($2.98 / Fl Oz)",
        "listPrice": "$24.99 ($3.73 / Fl Oz)",
        "imageUrl": "https://m.media-amazon.com/images/I/31N+oqWEB4L._SL160_.jpg",
        "detailPageURL": "https://www.amazon.com/dp/B07NNZSG2K",
        "rating": "4.5",
        "totalReviews": "2233",
        "subtitle": "IUNIK",
        "isPrimeEligible": "1"
    },
    {
        "ASIN": "B00917HHWC",
        "title": "Oil Pulling Therapy: Detoxifying and Healing the Body Through Oral Cleansing",
        "price": "$6.99",
        "listPrice": "",
        "imageUrl": "https://m.media-amazon.com/images/I/51ZxFEFfXVL._SL160_.jpg",
        "detailPageURL": "https://www.amazon.com/dp/B00917HHWC",
        "rating": "4.6",
        "totalReviews": "775",
        "subtitle": "",
        "isPrimeEligible": "0"
    },
    {
        "ASIN": "B09XJYDZGG",
        "title": "cleansing oil",
        "price": "$0.69",
        "listPrice": "",
        "imageUrl": "https://m.media-amazon.com/images/I/41vW01ce48L._SL160_.jpg",
        "detailPageURL": "https://www.amazon.com/dp/B09XJYDZGG",
        "rating": "",
        "totalReviews": "",
        "subtitle": "",
        "isPrimeEligible": "0"
    },
    {
        "ASIN": "1517372402",
        "title": "Oil Pulling: Oil Pulling Beginner's Guide! - Learn How To Heal Your Body Using Nature's Ancient Detoxifying And Healing Oil Pulling Oral Detox Therapy Cleansing!",
        "price": "$4.76",
        "listPrice": "$6.99",
        "imageUrl": "https://m.media-amazon.com/images/I/51wo1y0MlSL._SL160_.jpg",
        "detailPageURL": "https://www.amazon.com/dp/1517372402",
        "rating": "4.2",
        "totalReviews": "10",
        "subtitle": "Brooks, Sarah (Paperback)",
        "isPrimeEligible": "1"
    },
    {
        "ASIN": "B0C5NTFF9B",
        "title": "Daeng Gi Meo Ri - Egg Planet PHA Cleansing Oil 5.0 FL OZ/ 150ml",
        "price": "$20.00 ($20.00 / Fl Oz)",
        "listPrice": "",
        "imageUrl": "https://m.media-amazon.com/images/I/21qWOMVpI9L._SL160_.jpg",
        "detailPageURL": "https://www.amazon.com/dp/B0C5NTFF9B",
        "rating": "",
        "totalReviews": "",
        "subtitle": "Daeng Gi Meo Ri",
        "isPrimeEligible": "1"
    },
    {
        "ASIN": "B0B1PP1XCM",
        "title": "CeraVe Cleansing Balm for Sensitive Skin | Hydrating Makeup Remover with Ceramides and Plant-based Jojoba Oil for Face | Non-Comedogenic Fragrance Free Non-Greasy |1.3 Ounces",
        "price": "$8.97 ($6.90 / Ounce)",
        "listPrice": "$10.99 ($8.45 / Ounce)",
        "imageUrl": "https://m.media-amazon.com/images/I/31kOCqV2+BL._SL160_.jpg",
        "detailPageURL": "https://www.amazon.com/dp/B0B1PP1XCM",
        "rating": "4.4",
        "totalReviews": "3761",
        "subtitle": "CeraVe",
        "isPrimeEligible": "1"
    },
    {
        "ASIN": "B086ZVFX1R",
        "title": "Swipe Ball Rush - Board Paint Puzzle Game",
        "price": "$0.00",
        "listPrice": "",
        "imageUrl": "https://m.media-amazon.com/images/I/61fpkIElTBL._SL160_.png",
        "detailPageURL": "https://www.amazon.com/dp/B086ZVFX1R",
        "rating": "3.4",
        "totalReviews": "97",
        "subtitle": "",
        "isPrimeEligible": "0"
    },
    {
        "ASIN": "B0BPBVPLCY",
        "title": "vipolish 3 PCS Plastic Transparent Flat Shampoo Lotion Pump Bottles Cosmetic Cream Cleansing Oil Container Dispenser Travel Bottles for Trip Camping",
        "price": "$6.99",
        "listPrice": "",
        "imageUrl": "https://m.media-amazon.com/images/I/31Pwe4ZzRAL._SL160_.jpg",
        "detailPageURL": "https://www.amazon.com/dp/B0BPBVPLCY",
        "rating": "",
        "totalReviews": "",
        "subtitle": "",
        "isPrimeEligible": "1"
    },
    {
        "ASIN": "B001URA25A",
        "title": "8 Seconds",
        "price": "$5.93",
        "listPrice": "$10.75",
        "imageUrl": "https://m.media-amazon.com/images/I/51A79hY4H7L._SL160_.jpg",
        "detailPageURL": "https://www.amazon.com/dp/B001URA25A",
        "rating": "4.8",
        "totalReviews": "18229",
        "subtitle": " (DVD)",
        "isPrimeEligible": "0"
    },
    {
        "ASIN": "B07T5BN3P2",
        "title": "SKIN1004 Madagascar Centella Light Cleansing Oil 6.76 fl.oz, 200ml, Pure and Light Oil with Fresh Cleansing Effect, Micellar Cleansing Hypoallergenic Use",
        "price": "$21.00 ($2.71 / Fl Oz)",
        "listPrice": "",
        "imageUrl": "https://m.media-amazon.com/images/I/31sHcCM4VaL._SL160_.jpg",
        "detailPageURL": "https://www.amazon.com/dp/B07T5BN3P2",
        "rating": "4.6",
        "totalReviews": "207",
        "subtitle": "SKIN1004",
        "isPrimeEligible": "1"
    },
    {
        "ASIN": "B00917HHWC",
        "title": "Oil Pulling Therapy: Detoxifying and Healing the Body Through Oral Cleansing",
        "price": "$6.99",
        "listPrice": "",
        "imageUrl": "https://m.media-amazon.com/images/I/51ZxFEFfXVL._SL160_.jpg",
        "detailPageURL": "https://www.amazon.com/dp/B00917HHWC",
        "rating": "4.6",
        "totalReviews": "775",
        "subtitle": "",
        "isPrimeEligible": "0"
    },
    {
        "ASIN": "B09XJYDZGG",
        "title": "cleansing oil",
        "price": "$0.69",
        "listPrice": "",
        "imageUrl": "https://m.media-amazon.com/images/I/41vW01ce48L._SL160_.jpg",
        "detailPageURL": "https://www.amazon.com/dp/B09XJYDZGG",
        "rating": "",
        "totalReviews": "",
        "subtitle": "",
        "isPrimeEligible": "0"
    },
    {
        "ASIN": "1517372402",
        "title": "Oil Pulling: Oil Pulling Beginner's Guide! - Learn How To Heal Your Body Using Nature's Ancient Detoxifying And Healing Oil Pulling Oral Detox Therapy Cleansing!",
        "price": "$4.76",
        "listPrice": "$6.99",
        "imageUrl": "https://m.media-amazon.com/images/I/51wo1y0MlSL._SL160_.jpg",
        "detailPageURL": "https://www.amazon.com/dp/1517372402",
        "rating": "4.2",
        "totalReviews": "10",
        "subtitle": "Brooks, Sarah (Paperback)",
        "isPrimeEligible": "1"
    },
    {
        "ASIN": "B0C5NTFF9B",
        "title": "Daeng Gi Meo Ri - Egg Planet PHA Cleansing Oil 5.0 FL OZ/ 150ml",
        "price": "$20.00 ($20.00 / Fl Oz)",
        "listPrice": "",
        "imageUrl": "https://m.media-amazon.com/images/I/21qWOMVpI9L._SL160_.jpg",
        "detailPageURL": "https://www.amazon.com/dp/B0C5NTFF9B",
        "rating": "",
        "totalReviews": "",
        "subtitle": "Daeng Gi Meo Ri",
        "isPrimeEligible": "1"
    },
    {
        "ASIN": "B0B1PP1XCM",
        "title": "CeraVe Cleansing Balm for Sensitive Skin | Hydrating Makeup Remover with Ceramides and Plant-based Jojoba Oil for Face | Non-Comedogenic Fragrance Free Non-Greasy |1.3 Ounces",
        "price": "$8.97 ($6.90 / Ounce)",
        "listPrice": "$10.99 ($8.45 / Ounce)",
        "imageUrl": "https://m.media-amazon.com/images/I/31kOCqV2+BL._SL160_.jpg",
        "detailPageURL": "https://www.amazon.com/dp/B0B1PP1XCM",
        "rating": "4.4",
        "totalReviews": "3761",
        "subtitle": "CeraVe",
        "isPrimeEligible": "1"
    },
    {
        "ASIN": "B086ZVFX1R",
        "title": "Swipe Ball Rush - Board Paint Puzzle Game",
        "price": "$0.00",
        "listPrice": "",
        "imageUrl": "https://m.media-amazon.com/images/I/61fpkIElTBL._SL160_.png",
        "detailPageURL": "https://www.amazon.com/dp/B086ZVFX1R",
        "rating": "3.4",
        "totalReviews": "97",
        "subtitle": "",
        "isPrimeEligible": "0"
    },
    {
        "ASIN": "B0BPBVPLCY",
        "title": "vipolish 3 PCS Plastic Transparent Flat Shampoo Lotion Pump Bottles Cosmetic Cream Cleansing Oil Container Dispenser Travel Bottles for Trip Camping",
        "price": "$6.99",
        "listPrice": "",
        "imageUrl": "https://m.media-amazon.com/images/I/31Pwe4ZzRAL._SL160_.jpg",
        "detailPageURL": "https://www.amazon.com/dp/B0BPBVPLCY",
        "rating": "",
        "totalReviews": "",
        "subtitle": "",
        "isPrimeEligible": "1"
    },
    {
        "ASIN": "B001URA25A",
        "title": "8 Seconds",
        "price": "$5.93",
        "listPrice": "$10.75",
        "imageUrl": "https://m.media-amazon.com/images/I/51A79hY4H7L._SL160_.jpg",
        "detailPageURL": "https://www.amazon.com/dp/B001URA25A",
        "rating": "4.8",
        "totalReviews": "18229",
        "subtitle": " (DVD)",
        "isPrimeEligible": "0"
    },
    {
        "ASIN": "B07T5BN3P2",
        "title": "SKIN1004 Madagascar Centella Light Cleansing Oil 6.76 fl.oz, 200ml, Pure and Light Oil with Fresh Cleansing Effect, Micellar Cleansing Hypoallergenic Use",
        "price": "$21.00 ($2.71 / Fl Oz)",
        "listPrice": "",
        "imageUrl": "https://m.media-amazon.com/images/I/31sHcCM4VaL._SL160_.jpg",
        "detailPageURL": "https://www.amazon.com/dp/B07T5BN3P2",
        "rating": "4.6",
        "totalReviews": "207",
        "subtitle": "SKIN1004",
        "isPrimeEligible": "1"
    },
    {
        "ASIN": "B08GJ58Z6M",
        "title": "The INKEY List Oat Cleansing Balm, Rich Balm Removes Makeup and Impurities, Reduces Redness, 5.0 fl oz",
        "price": "$11.99 ($2.40 / Fl Oz)",
        "listPrice": "",
        "imageUrl": "https://m.media-amazon.com/images/I/31eK6NbBNFL._SL160_.jpg",
        "detailPageURL": "https://www.amazon.com/dp/B08GJ58Z6M",
        "rating": "4.3",
        "totalReviews": "2322",
        "subtitle": "The INKEY List",
        "isPrimeEligible": "1"
    },
    {
        "ASIN": "B09XJYDZGG",
        "title": "cleansing oil",
        "price": "$0.69",
        "listPrice": "",
        "imageUrl": "https://m.media-amazon.com/images/I/41vW01ce48L._SL160_.jpg",
        "detailPageURL": "https://www.amazon.com/dp/B09XJYDZGG",
        "rating": "",
        "totalReviews": "",
        "subtitle": "",
        "isPrimeEligible": "0"
    },
    {
        "ASIN": "1517372402",
        "title": "Oil Pulling: Oil Pulling Beginner's Guide! - Learn How To Heal Your Body Using Nature's Ancient Detoxifying And Healing Oil Pulling Oral Detox Therapy Cleansing!",
        "price": "$4.76",
        "listPrice": "$6.99",
        "imageUrl": "https://m.media-amazon.com/images/I/51wo1y0MlSL._SL160_.jpg",
        "detailPageURL": "https://www.amazon.com/dp/1517372402",
        "rating": "4.2",
        "totalReviews": "10",
        "subtitle": "Brooks, Sarah (Paperback)",
        "isPrimeEligible": "1"
    },
    {
        "ASIN": "B0C5NTFF9B",
        "title": "Daeng Gi Meo Ri - Egg Planet PHA Cleansing Oil 5.0 FL OZ/ 150ml",
        "price": "$20.00 ($20.00 / Fl Oz)",
        "listPrice": "",
        "imageUrl": "https://m.media-amazon.com/images/I/21qWOMVpI9L._SL160_.jpg",
        "detailPageURL": "https://www.amazon.com/dp/B0C5NTFF9B",
        "rating": "",
        "totalReviews": "",
        "subtitle": "Daeng Gi Meo Ri",
        "isPrimeEligible": "1"
    },
    {
        "ASIN": "B0B1PP1XCM",
        "title": "CeraVe Cleansing Balm for Sensitive Skin | Hydrating Makeup Remover with Ceramides and Plant-based Jojoba Oil for Face | Non-Comedogenic Fragrance Free Non-Greasy |1.3 Ounces",
        "price": "$8.97 ($6.90 / Ounce)",
        "listPrice": "$10.99 ($8.45 / Ounce)",
        "imageUrl": "https://m.media-amazon.com/images/I/31kOCqV2+BL._SL160_.jpg",
        "detailPageURL": "https://www.amazon.com/dp/B0B1PP1XCM",
        "rating": "4.4",
        "totalReviews": "3761",
        "subtitle": "CeraVe",
        "isPrimeEligible": "1"
    },
    {
        "ASIN": "B086ZVFX1R",
        "title": "Swipe Ball Rush - Board Paint Puzzle Game",
        "price": "$0.00",
        "listPrice": "",
        "imageUrl": "https://m.media-amazon.com/images/I/61fpkIElTBL._SL160_.png",
        "detailPageURL": "https://www.amazon.com/dp/B086ZVFX1R",
        "rating": "3.4",
        "totalReviews": "97",
        "subtitle": "",
        "isPrimeEligible": "0"
    },
    {
        "ASIN": "B0BPBVPLCY",
        "title": "vipolish 3 PCS Plastic Transparent Flat Shampoo Lotion Pump Bottles Cosmetic Cream Cleansing Oil Container Dispenser Travel Bottles for Trip Camping",
        "price": "$6.99",
        "listPrice": "",
        "imageUrl": "https://m.media-amazon.com/images/I/31Pwe4ZzRAL._SL160_.jpg",
        "detailPageURL": "https://www.amazon.com/dp/B0BPBVPLCY",
        "rating": "",
        "totalReviews": "",
        "subtitle": "",
        "isPrimeEligible": "1"
    },
    {
        "ASIN": "B001URA25A",
        "title": "8 Seconds",
        "price": "$5.93",
        "listPrice": "$10.75",
        "imageUrl": "https://m.media-amazon.com/images/I/51A79hY4H7L._SL160_.jpg",
        "detailPageURL": "https://www.amazon.com/dp/B001URA25A",
        "rating": "4.8",
        "totalReviews": "18229",
        "subtitle": " (DVD)",
        "isPrimeEligible": "0"
    },
    {
        "ASIN": "B07T5BN3P2",
        "title": "SKIN1004 Madagascar Centella Light Cleansing Oil 6.76 fl.oz, 200ml, Pure and Light Oil with Fresh Cleansing Effect, Micellar Cleansing Hypoallergenic Use",
        "price": "$21.00 ($2.71 / Fl Oz)",
        "listPrice": "",
        "imageUrl": "https://m.media-amazon.com/images/I/31sHcCM4VaL._SL160_.jpg",
        "detailPageURL": "https://www.amazon.com/dp/B07T5BN3P2",
        "rating": "4.6",
        "totalReviews": "207",
        "subtitle": "SKIN1004",
        "isPrimeEligible": "1"
    },
    {
        "ASIN": "B08GJ58Z6M",
        "title": "The INKEY List Oat Cleansing Balm, Rich Balm Removes Makeup and Impurities, Reduces Redness, 5.0 fl oz",
        "price": "$11.99 ($2.40 / Fl Oz)",
        "listPrice": "",
        "imageUrl": "https://m.media-amazon.com/images/I/31eK6NbBNFL._SL160_.jpg",
        "detailPageURL": "https://www.amazon.com/dp/B08GJ58Z6M",
        "rating": "4.3",
        "totalReviews": "2322",
        "subtitle": "The INKEY List",
        "isPrimeEligible": "1"
    },
    {
        "ASIN": "B00ZY65OSI",
        "title": "Bioderma - Atoderm - Cleansing Oil - Face and Body Cleansing Oil - Soothes Discomfort - Cleansing Oil for Very Dry Sensitive Skin",
        "price": "$29.99 ($0.89 / Fl Oz)",
        "listPrice": "",
        "imageUrl": "https://m.media-amazon.com/images/I/31hbSUrY6ML._SL160_.jpg",
        "detailPageURL": "https://www.amazon.com/dp/B00ZY65OSI",
        "rating": "4.6",
        "totalReviews": "24275",
        "subtitle": "",
        "isPrimeEligible": "1"
    },
    {
        "ASIN": "1517372402",
        "title": "Oil Pulling: Oil Pulling Beginner's Guide! - Learn How To Heal Your Body Using Nature's Ancient Detoxifying And Healing Oil Pulling Oral Detox Therapy Cleansing!",
        "price": "$4.76",
        "listPrice": "$6.99",
        "imageUrl": "https://m.media-amazon.com/images/I/51wo1y0MlSL._SL160_.jpg",
        "detailPageURL": "https://www.amazon.com/dp/1517372402",
        "rating": "4.2",
        "totalReviews": "10",
        "subtitle": "Brooks, Sarah (Paperback)",
        "isPrimeEligible": "1"
    },
    {
        "ASIN": "B0C5NTFF9B",
        "title": "Daeng Gi Meo Ri - Egg Planet PHA Cleansing Oil 5.0 FL OZ/ 150ml",
        "price": "$20.00 ($20.00 / Fl Oz)",
        "listPrice": "",
        "imageUrl": "https://m.media-amazon.com/images/I/21qWOMVpI9L._SL160_.jpg",
        "detailPageURL": "https://www.amazon.com/dp/B0C5NTFF9B",
        "rating": "",
        "totalReviews": "",
        "subtitle": "Daeng Gi Meo Ri",
        "isPrimeEligible": "1"
    },
    {
        "ASIN": "B0B1PP1XCM",
        "title": "CeraVe Cleansing Balm for Sensitive Skin | Hydrating Makeup Remover with Ceramides and Plant-based Jojoba Oil for Face | Non-Comedogenic Fragrance Free Non-Greasy |1.3 Ounces",
        "price": "$8.97 ($6.90 / Ounce)",
        "listPrice": "$10.99 ($8.45 / Ounce)",
        "imageUrl": "https://m.media-amazon.com/images/I/31kOCqV2+BL._SL160_.jpg",
        "detailPageURL": "https://www.amazon.com/dp/B0B1PP1XCM",
        "rating": "4.4",
        "totalReviews": "3761",
        "subtitle": "CeraVe",
        "isPrimeEligible": "1"
    },
    {
        "ASIN": "B086ZVFX1R",
        "title": "Swipe Ball Rush - Board Paint Puzzle Game",
        "price": "$0.00",
        "listPrice": "",
        "imageUrl": "https://m.media-amazon.com/images/I/61fpkIElTBL._SL160_.png",
        "detailPageURL": "https://www.amazon.com/dp/B086ZVFX1R",
        "rating": "3.4",
        "totalReviews": "97",
        "subtitle": "",
        "isPrimeEligible": "0"
    },
    {
        "ASIN": "B0BPBVPLCY",
        "title": "vipolish 3 PCS Plastic Transparent Flat Shampoo Lotion Pump Bottles Cosmetic Cream Cleansing Oil Container Dispenser Travel Bottles for Trip Camping",
        "price": "$6.99",
        "listPrice": "",
        "imageUrl": "https://m.media-amazon.com/images/I/31Pwe4ZzRAL._SL160_.jpg",
        "detailPageURL": "https://www.amazon.com/dp/B0BPBVPLCY",
        "rating": "",
        "totalReviews": "",
        "subtitle": "",
        "isPrimeEligible": "1"
    },
    {
        "ASIN": "B001URA25A",
        "title": "8 Seconds",
        "price": "$5.93",
        "listPrice": "$10.75",
        "imageUrl": "https://m.media-amazon.com/images/I/51A79hY4H7L._SL160_.jpg",
        "detailPageURL": "https://www.amazon.com/dp/B001URA25A",
        "rating": "4.8",
        "totalReviews": "18229",
        "subtitle": " (DVD)",
        "isPrimeEligible": "0"
    },
    {
        "ASIN": "B07T5BN3P2",
        "title": "SKIN1004 Madagascar Centella Light Cleansing Oil 6.76 fl.oz, 200ml, Pure and Light Oil with Fresh Cleansing Effect, Micellar Cleansing Hypoallergenic Use",
        "price": "$21.00 ($2.71 / Fl Oz)",
        "listPrice": "",
        "imageUrl": "https://m.media-amazon.com/images/I/31sHcCM4VaL._SL160_.jpg",
        "detailPageURL": "https://www.amazon.com/dp/B07T5BN3P2",
        "rating": "4.6",
        "totalReviews": "207",
        "subtitle": "SKIN1004",
        "isPrimeEligible": "1"
    },
    {
        "ASIN": "B08GJ58Z6M",
        "title": "The INKEY List Oat Cleansing Balm, Rich Balm Removes Makeup and Impurities, Reduces Redness, 5.0 fl oz",
        "price": "$11.99 ($2.40 / Fl Oz)",
        "listPrice": "",
        "imageUrl": "https://m.media-amazon.com/images/I/31eK6NbBNFL._SL160_.jpg",
        "detailPageURL": "https://www.amazon.com/dp/B08GJ58Z6M",
        "rating": "4.3",
        "totalReviews": "2322",
        "subtitle": "The INKEY List",
        "isPrimeEligible": "1"
    },
    {
        "ASIN": "B00ZY65OSI",
        "title": "Bioderma - Atoderm - Cleansing Oil - Face and Body Cleansing Oil - Soothes Discomfort - Cleansing Oil for Very Dry Sensitive Skin",
        "price": "$29.99 ($0.89 / Fl Oz)",
        "listPrice": "",
        "imageUrl": "https://m.media-amazon.com/images/I/31hbSUrY6ML._SL160_.jpg",
        "detailPageURL": "https://www.amazon.com/dp/B00ZY65OSI",
        "rating": "4.6",
        "totalReviews": "24275",
        "subtitle": "",
        "isPrimeEligible": "1"
    },
    {
        "ASIN": "B0013LVSME",
        "title": "8 Seconds (1994)",
        "price": "$14.99",
        "listPrice": "",
        "imageUrl": "https://m.media-amazon.com/images/I/51UUKReARZL._SL160_.jpg",
        "detailPageURL": "https://www.amazon.com/dp/B0013LVSME",
        "rating": "4.8",
        "totalReviews": "18229",
        "subtitle": "",
        "isPrimeEligible": "0"
    },
    {
        "ASIN": "B0C5NTFF9B",
        "title": "Daeng Gi Meo Ri - Egg Planet PHA Cleansing Oil 5.0 FL OZ/ 150ml",
        "price": "$20.00 ($20.00 / Fl Oz)",
        "listPrice": "",
        "imageUrl": "https://m.media-amazon.com/images/I/21qWOMVpI9L._SL160_.jpg",
        "detailPageURL": "https://www.amazon.com/dp/B0C5NTFF9B",
        "rating": "",
        "totalReviews": "",
        "subtitle": "Daeng Gi Meo Ri",
        "isPrimeEligible": "1"
    },
    {
        "ASIN": "B0B1PP1XCM",
        "title": "CeraVe Cleansing Balm for Sensitive Skin | Hydrating Makeup Remover with Ceramides and Plant-based Jojoba Oil for Face | Non-Comedogenic Fragrance Free Non-Greasy |1.3 Ounces",
        "price": "$8.97 ($6.90 / Ounce)",
        "listPrice": "$10.99 ($8.45 / Ounce)",
        "imageUrl": "https://m.media-amazon.com/images/I/31kOCqV2+BL._SL160_.jpg",
        "detailPageURL": "https://www.amazon.com/dp/B0B1PP1XCM",
        "rating": "4.4",
        "totalReviews": "3761",
        "subtitle": "CeraVe",
        "isPrimeEligible": "1"
    },
    {
        "ASIN": "B086ZVFX1R",
        "title": "Swipe Ball Rush - Board Paint Puzzle Game",
        "price": "$0.00",
        "listPrice": "",
        "imageUrl": "https://m.media-amazon.com/images/I/61fpkIElTBL._SL160_.png",
        "detailPageURL": "https://www.amazon.com/dp/B086ZVFX1R",
        "rating": "3.4",
        "totalReviews": "97",
        "subtitle": "",
        "isPrimeEligible": "0"
    },
    {
        "ASIN": "B0BPBVPLCY",
        "title": "vipolish 3 PCS Plastic Transparent Flat Shampoo Lotion Pump Bottles Cosmetic Cream Cleansing Oil Container Dispenser Travel Bottles for Trip Camping",
        "price": "$6.99",
        "listPrice": "",
        "imageUrl": "https://m.media-amazon.com/images/I/31Pwe4ZzRAL._SL160_.jpg",
        "detailPageURL": "https://www.amazon.com/dp/B0BPBVPLCY",
        "rating": "",
        "totalReviews": "",
        "subtitle": "",
        "isPrimeEligible": "1"
    },
    {
        "ASIN": "B001URA25A",
        "title": "8 Seconds",
        "price": "$5.93",
        "listPrice": "$10.75",
        "imageUrl": "https://m.media-amazon.com/images/I/51A79hY4H7L._SL160_.jpg",
        "detailPageURL": "https://www.amazon.com/dp/B001URA25A",
        "rating": "4.8",
        "totalReviews": "18229",
        "subtitle": " (DVD)",
        "isPrimeEligible": "0"
    },
    {
        "ASIN": "B07T5BN3P2",
        "title": "SKIN1004 Madagascar Centella Light Cleansing Oil 6.76 fl.oz, 200ml, Pure and Light Oil with Fresh Cleansing Effect, Micellar Cleansing Hypoallergenic Use",
        "price": "$21.00 ($2.71 / Fl Oz)",
        "listPrice": "",
        "imageUrl": "https://m.media-amazon.com/images/I/31sHcCM4VaL._SL160_.jpg",
        "detailPageURL": "https://www.amazon.com/dp/B07T5BN3P2",
        "rating": "4.6",
        "totalReviews": "207",
        "subtitle": "SKIN1004",
        "isPrimeEligible": "1"
    },
    {
        "ASIN": "B08GJ58Z6M",
        "title": "The INKEY List Oat Cleansing Balm, Rich Balm Removes Makeup and Impurities, Reduces Redness, 5.0 fl oz",
        "price": "$11.99 ($2.40 / Fl Oz)",
        "listPrice": "",
        "imageUrl": "https://m.media-amazon.com/images/I/31eK6NbBNFL._SL160_.jpg",
        "detailPageURL": "https://www.amazon.com/dp/B08GJ58Z6M",
        "rating": "4.3",
        "totalReviews": "2322",
        "subtitle": "The INKEY List",
        "isPrimeEligible": "1"
    },
    {
        "ASIN": "B00ZY65OSI",
        "title": "Bioderma - Atoderm - Cleansing Oil - Face and Body Cleansing Oil - Soothes Discomfort - Cleansing Oil for Very Dry Sensitive Skin",
        "price": "$29.99 ($0.89 / Fl Oz)",
        "listPrice": "",
        "imageUrl": "https://m.media-amazon.com/images/I/31hbSUrY6ML._SL160_.jpg",
        "detailPageURL": "https://www.amazon.com/dp/B00ZY65OSI",
        "rating": "4.6",
        "totalReviews": "24275",
        "subtitle": "",
        "isPrimeEligible": "1"
    },
    {
        "ASIN": "B0013LVSME",
        "title": "8 Seconds (1994)",
        "price": "$14.99",
        "listPrice": "",
        "imageUrl": "https://m.media-amazon.com/images/I/51UUKReARZL._SL160_.jpg",
        "detailPageURL": "https://www.amazon.com/dp/B0013LVSME",
        "rating": "4.8",
        "totalReviews": "18229",
        "subtitle": "",
        "isPrimeEligible": "0"
    },
    {
        "ASIN": "B07GDN5WG8",
        "title": "Shiseido Perfect 6-ounce Cleansing Oil",
        "price": "$35.00 ($5.83 / Fl Oz)",
        "listPrice": "",
        "imageUrl": "https://m.media-amazon.com/images/I/21wb0jVyEGL._SL160_.jpg",
        "detailPageURL": "https://www.amazon.com/dp/B07GDN5WG8",
        "rating": "4.5",
        "totalReviews": "66",
        "subtitle": "",
        "isPrimeEligible": "1"
    },
    {
        "ASIN": "B0B1PP1XCM",
        "title": "CeraVe Cleansing Balm for Sensitive Skin | Hydrating Makeup Remover with Ceramides and Plant-based Jojoba Oil for Face | Non-Comedogenic Fragrance Free Non-Greasy |1.3 Ounces",
        "price": "$8.97 ($6.90 / Ounce)",
        "listPrice": "$10.99 ($8.45 / Ounce)",
        "imageUrl": "https://m.media-amazon.com/images/I/31kOCqV2+BL._SL160_.jpg",
        "detailPageURL": "https://www.amazon.com/dp/B0B1PP1XCM",
        "rating": "4.4",
        "totalReviews": "3761",
        "subtitle": "CeraVe",
        "isPrimeEligible": "1"
    },
    {
        "ASIN": "B086ZVFX1R",
        "title": "Swipe Ball Rush - Board Paint Puzzle Game",
        "price": "$0.00",
        "listPrice": "",
        "imageUrl": "https://m.media-amazon.com/images/I/61fpkIElTBL._SL160_.png",
        "detailPageURL": "https://www.amazon.com/dp/B086ZVFX1R",
        "rating": "3.4",
        "totalReviews": "97",
        "subtitle": "",
        "isPrimeEligible": "0"
    },
    {
        "ASIN": "B0BPBVPLCY",
        "title": "vipolish 3 PCS Plastic Transparent Flat Shampoo Lotion Pump Bottles Cosmetic Cream Cleansing Oil Container Dispenser Travel Bottles for Trip Camping",
        "price": "$6.99",
        "listPrice": "",
        "imageUrl": "https://m.media-amazon.com/images/I/31Pwe4ZzRAL._SL160_.jpg",
        "detailPageURL": "https://www.amazon.com/dp/B0BPBVPLCY",
        "rating": "",
        "totalReviews": "",
        "subtitle": "",
        "isPrimeEligible": "1"
    },
    {
        "ASIN": "B001URA25A",
        "title": "8 Seconds",
        "price": "$5.93",
        "listPrice": "$10.75",
        "imageUrl": "https://m.media-amazon.com/images/I/51A79hY4H7L._SL160_.jpg",
        "detailPageURL": "https://www.amazon.com/dp/B001URA25A",
        "rating": "4.8",
        "totalReviews": "18229",
        "subtitle": " (DVD)",
        "isPrimeEligible": "0"
    },
    {
        "ASIN": "B07T5BN3P2",
        "title": "SKIN1004 Madagascar Centella Light Cleansing Oil 6.76 fl.oz, 200ml, Pure and Light Oil with Fresh Cleansing Effect, Micellar Cleansing Hypoallergenic Use",
        "price": "$21.00 ($2.71 / Fl Oz)",
        "listPrice": "",
        "imageUrl": "https://m.media-amazon.com/images/I/31sHcCM4VaL._SL160_.jpg",
        "detailPageURL": "https://www.amazon.com/dp/B07T5BN3P2",
        "rating": "4.6",
        "totalReviews": "207",
        "subtitle": "SKIN1004",
        "isPrimeEligible": "1"
    },
    {
        "ASIN": "B08GJ58Z6M",
        "title": "The INKEY List Oat Cleansing Balm, Rich Balm Removes Makeup and Impurities, Reduces Redness, 5.0 fl oz",
        "price": "$11.99 ($2.40 / Fl Oz)",
        "listPrice": "",
        "imageUrl": "https://m.media-amazon.com/images/I/31eK6NbBNFL._SL160_.jpg",
        "detailPageURL": "https://www.amazon.com/dp/B08GJ58Z6M",
        "rating": "4.3",
        "totalReviews": "2322",
        "subtitle": "The INKEY List",
        "isPrimeEligible": "1"
    },
    {
        "ASIN": "B00ZY65OSI",
        "title": "Bioderma - Atoderm - Cleansing Oil - Face and Body Cleansing Oil - Soothes Discomfort - Cleansing Oil for Very Dry Sensitive Skin",
        "price": "$29.99 ($0.89 / Fl Oz)",
        "listPrice": "",
        "imageUrl": "https://m.media-amazon.com/images/I/31hbSUrY6ML._SL160_.jpg",
        "detailPageURL": "https://www.amazon.com/dp/B00ZY65OSI",
        "rating": "4.6",
        "totalReviews": "24275",
        "subtitle": "",
        "isPrimeEligible": "1"
    },
    {
        "ASIN": "B0013LVSME",
        "title": "8 Seconds (1994)",
        "price": "$14.99",
        "listPrice": "",
        "imageUrl": "https://m.media-amazon.com/images/I/51UUKReARZL._SL160_.jpg",
        "detailPageURL": "https://www.amazon.com/dp/B0013LVSME",
        "rating": "4.8",
        "totalReviews": "18229",
        "subtitle": "",
        "isPrimeEligible": "0"
    },
    {
        "ASIN": "B07GDN5WG8",
        "title": "Shiseido Perfect 6-ounce Cleansing Oil",
        "price": "$35.00 ($5.83 / Fl Oz)",
        "listPrice": "",
        "imageUrl": "https://m.media-amazon.com/images/I/21wb0jVyEGL._SL160_.jpg",
        "detailPageURL": "https://www.amazon.com/dp/B07GDN5WG8",
        "rating": "4.5",
        "totalReviews": "66",
        "subtitle": "",
        "isPrimeEligible": "1"
    },
    {
        "ASIN": "B002IT6GVS",
        "title": "Kose Softymo Deep Cleansing Oil Makeup Remover (Refill) 200ml",
        "price": "$9.98 ($1.48 / Fl Oz)",
        "listPrice": "",
        "imageUrl": "https://m.media-amazon.com/images/I/41zIqsHEQwL._SL160_.jpg",
        "detailPageURL": "https://www.amazon.com/dp/B002IT6GVS",
        "rating": "4.6",
        "totalReviews": "606",
        "subtitle": "KOSE",
        "isPrimeEligible": "1"
    },
    {
        "ASIN": "B086ZVFX1R",
        "title": "Swipe Ball Rush - Board Paint Puzzle Game",
        "price": "$0.00",
        "listPrice": "",
        "imageUrl": "https://m.media-amazon.com/images/I/61fpkIElTBL._SL160_.png",
        "detailPageURL": "https://www.amazon.com/dp/B086ZVFX1R",
        "rating": "3.4",
        "totalReviews": "97",
        "subtitle": "",
        "isPrimeEligible": "0"
    },
    {
        "ASIN": "B0BPBVPLCY",
        "title": "vipolish 3 PCS Plastic Transparent Flat Shampoo Lotion Pump Bottles Cosmetic Cream Cleansing Oil Container Dispenser Travel Bottles for Trip Camping",
        "price": "$6.99",
        "listPrice": "",
        "imageUrl": "https://m.media-amazon.com/images/I/31Pwe4ZzRAL._SL160_.jpg",
        "detailPageURL": "https://www.amazon.com/dp/B0BPBVPLCY",
        "rating": "",
        "totalReviews": "",
        "subtitle": "",
        "isPrimeEligible": "1"
    },
    {
        "ASIN": "B001URA25A",
        "title": "8 Seconds",
        "price": "$5.93",
        "listPrice": "$10.75",
        "imageUrl": "https://m.media-amazon.com/images/I/51A79hY4H7L._SL160_.jpg",
        "detailPageURL": "https://www.amazon.com/dp/B001URA25A",
        "rating": "4.8",
        "totalReviews": "18229",
        "subtitle": " (DVD)",
        "isPrimeEligible": "0"
    },
    {
        "ASIN": "B07T5BN3P2",
        "title": "SKIN1004 Madagascar Centella Light Cleansing Oil 6.76 fl.oz, 200ml, Pure and Light Oil with Fresh Cleansing Effect, Micellar Cleansing Hypoallergenic Use",
        "price": "$21.00 ($2.71 / Fl Oz)",
        "listPrice": "",
        "imageUrl": "https://m.media-amazon.com/images/I/31sHcCM4VaL._SL160_.jpg",
        "detailPageURL": "https://www.amazon.com/dp/B07T5BN3P2",
        "rating": "4.6",
        "totalReviews": "207",
        "subtitle": "SKIN1004",
        "isPrimeEligible": "1"
    },
    {
        "ASIN": "B08GJ58Z6M",
        "title": "The INKEY List Oat Cleansing Balm, Rich Balm Removes Makeup and Impurities, Reduces Redness, 5.0 fl oz",
        "price": "$11.99 ($2.40 / Fl Oz)",
        "listPrice": "",
        "imageUrl": "https://m.media-amazon.com/images/I/31eK6NbBNFL._SL160_.jpg",
        "detailPageURL": "https://www.amazon.com/dp/B08GJ58Z6M",
        "rating": "4.3",
        "totalReviews": "2322",
        "subtitle": "The INKEY List",
        "isPrimeEligible": "1"
    },
    {
        "ASIN": "B00ZY65OSI",
        "title": "Bioderma - Atoderm - Cleansing Oil - Face and Body Cleansing Oil - Soothes Discomfort - Cleansing Oil for Very Dry Sensitive Skin",
        "price": "$29.99 ($0.89 / Fl Oz)",
        "listPrice": "",
        "imageUrl": "https://m.media-amazon.com/images/I/31hbSUrY6ML._SL160_.jpg",
        "detailPageURL": "https://www.amazon.com/dp/B00ZY65OSI",
        "rating": "4.6",
        "totalReviews": "24275",
        "subtitle": "",
        "isPrimeEligible": "1"
    },
    {
        "ASIN": "B0013LVSME",
        "title": "8 Seconds (1994)",
        "price": "$14.99",
        "listPrice": "",
        "imageUrl": "https://m.media-amazon.com/images/I/51UUKReARZL._SL160_.jpg",
        "detailPageURL": "https://www.amazon.com/dp/B0013LVSME",
        "rating": "4.8",
        "totalReviews": "18229",
        "subtitle": "",
        "isPrimeEligible": "0"
    },
    {
        "ASIN": "B07GDN5WG8",
        "title": "Shiseido Perfect 6-ounce Cleansing Oil",
        "price": "$35.00 ($5.83 / Fl Oz)",
        "listPrice": "",
        "imageUrl": "https://m.media-amazon.com/images/I/21wb0jVyEGL._SL160_.jpg",
        "detailPageURL": "https://www.amazon.com/dp/B07GDN5WG8",
        "rating": "4.5",
        "totalReviews": "66",
        "subtitle": "",
        "isPrimeEligible": "1"
    },
    {
        "ASIN": "B002IT6GVS",
        "title": "Kose Softymo Deep Cleansing Oil Makeup Remover (Refill) 200ml",
        "price": "$9.98 ($1.48 / Fl Oz)",
        "listPrice": "",
        "imageUrl": "https://m.media-amazon.com/images/I/41zIqsHEQwL._SL160_.jpg",
        "detailPageURL": "https://www.amazon.com/dp/B002IT6GVS",
        "rating": "4.6",
        "totalReviews": "606",
        "subtitle": "KOSE",
        "isPrimeEligible": "1"
    },
    {
        "ASIN": "B08358G9LY",
        "title": "BANILA CO Clean It Zero Original Cleansing Balm Makeup Remover, Balm to Oil, Double Cleanse, Face Wash",
        "price": "$17.00 ($5.03 / Fl Oz)",
        "listPrice": "",
        "imageUrl": "https://m.media-amazon.com/images/I/31+pDt9CmNL._SL160_.jpg",
        "detailPageURL": "https://www.amazon.com/dp/B08358G9LY",
        "rating": "4.8",
        "totalReviews": "8779",
        "subtitle": "BANILA CO",
        "isPrimeEligible": "1"
    },
    {
        "ASIN": "B0BPBVPLCY",
        "title": "vipolish 3 PCS Plastic Transparent Flat Shampoo Lotion Pump Bottles Cosmetic Cream Cleansing Oil Container Dispenser Travel Bottles for Trip Camping",
        "price": "$6.99",
        "listPrice": "",
        "imageUrl": "https://m.media-amazon.com/images/I/31Pwe4ZzRAL._SL160_.jpg",
        "detailPageURL": "https://www.amazon.com/dp/B0BPBVPLCY",
        "rating": "",
        "totalReviews": "",
        "subtitle": "",
        "isPrimeEligible": "1"
    },
    {
        "ASIN": "B001URA25A",
        "title": "8 Seconds",
        "price": "$5.93",
        "listPrice": "$10.75",
        "imageUrl": "https://m.media-amazon.com/images/I/51A79hY4H7L._SL160_.jpg",
        "detailPageURL": "https://www.amazon.com/dp/B001URA25A",
        "rating": "4.8",
        "totalReviews": "18229",
        "subtitle": " (DVD)",
        "isPrimeEligible": "0"
    },
    {
        "ASIN": "B07T5BN3P2",
        "title": "SKIN1004 Madagascar Centella Light Cleansing Oil 6.76 fl.oz, 200ml, Pure and Light Oil with Fresh Cleansing Effect, Micellar Cleansing Hypoallergenic Use",
        "price": "$21.00 ($2.71 / Fl Oz)",
        "listPrice": "",
        "imageUrl": "https://m.media-amazon.com/images/I/31sHcCM4VaL._SL160_.jpg",
        "detailPageURL": "https://www.amazon.com/dp/B07T5BN3P2",
        "rating": "4.6",
        "totalReviews": "207",
        "subtitle": "SKIN1004",
        "isPrimeEligible": "1"
    },
    {
        "ASIN": "B08GJ58Z6M",
        "title": "The INKEY List Oat Cleansing Balm, Rich Balm Removes Makeup and Impurities, Reduces Redness, 5.0 fl oz",
        "price": "$11.99 ($2.40 / Fl Oz)",
        "listPrice": "",
        "imageUrl": "https://m.media-amazon.com/images/I/31eK6NbBNFL._SL160_.jpg",
        "detailPageURL": "https://www.amazon.com/dp/B08GJ58Z6M",
        "rating": "4.3",
        "totalReviews": "2322",
        "subtitle": "The INKEY List",
        "isPrimeEligible": "1"
    },
    {
        "ASIN": "B00ZY65OSI",
        "title": "Bioderma - Atoderm - Cleansing Oil - Face and Body Cleansing Oil - Soothes Discomfort - Cleansing Oil for Very Dry Sensitive Skin",
        "price": "$29.99 ($0.89 / Fl Oz)",
        "listPrice": "",
        "imageUrl": "https://m.media-amazon.com/images/I/31hbSUrY6ML._SL160_.jpg",
        "detailPageURL": "https://www.amazon.com/dp/B00ZY65OSI",
        "rating": "4.6",
        "totalReviews": "24275",
        "subtitle": "",
        "isPrimeEligible": "1"
    },
    {
        "ASIN": "B0013LVSME",
        "title": "8 Seconds (1994)",
        "price": "$14.99",
        "listPrice": "",
        "imageUrl": "https://m.media-amazon.com/images/I/51UUKReARZL._SL160_.jpg",
        "detailPageURL": "https://www.amazon.com/dp/B0013LVSME",
        "rating": "4.8",
        "totalReviews": "18229",
        "subtitle": "",
        "isPrimeEligible": "0"
    },
    {
        "ASIN": "B07GDN5WG8",
        "title": "Shiseido Perfect 6-ounce Cleansing Oil",
        "price": "$35.00 ($5.83 / Fl Oz)",
        "listPrice": "",
        "imageUrl": "https://m.media-amazon.com/images/I/21wb0jVyEGL._SL160_.jpg",
        "detailPageURL": "https://www.amazon.com/dp/B07GDN5WG8",
        "rating": "4.5",
        "totalReviews": "66",
        "subtitle": "",
        "isPrimeEligible": "1"
    },
    {
        "ASIN": "B002IT6GVS",
        "title": "Kose Softymo Deep Cleansing Oil Makeup Remover (Refill) 200ml",
        "price": "$9.98 ($1.48 / Fl Oz)",
        "listPrice": "",
        "imageUrl": "https://m.media-amazon.com/images/I/41zIqsHEQwL._SL160_.jpg",
        "detailPageURL": "https://www.amazon.com/dp/B002IT6GVS",
        "rating": "4.6",
        "totalReviews": "606",
        "subtitle": "KOSE",
        "isPrimeEligible": "1"
    },
    {
        "ASIN": "B08358G9LY",
        "title": "BANILA CO Clean It Zero Original Cleansing Balm Makeup Remover, Balm to Oil, Double Cleanse, Face Wash",
        "price": "$17.00 ($5.03 / Fl Oz)",
        "listPrice": "",
        "imageUrl": "https://m.media-amazon.com/images/I/31+pDt9CmNL._SL160_.jpg",
        "detailPageURL": "https://www.amazon.com/dp/B08358G9LY",
        "rating": "4.8",
        "totalReviews": "8779",
        "subtitle": "BANILA CO",
        "isPrimeEligible": "1"
    },
    {
        "ASIN": "B084C2Q1HQ",
        "title": "MAKEPREM Safe me. Relief Moisture Cleansing Oil 7.1 Fl Oz Naturally-Derived Ingredients PHA Formula Makeup Remover Pore Cleansing Blackhead Removal Hypoallergenic and Clinically Tested Oil Cleanser",
        "price": "$24.99 ($3.52 / Fl Oz)",
        "listPrice": "",
        "imageUrl": "https://m.media-amazon.com/images/I/31xkkcziHRL._SL160_.jpg",
        "detailPageURL": "https://www.amazon.com/dp/B084C2Q1HQ",
        "rating": "4.5",
        "totalReviews": "42",
        "subtitle": "MAKEP:REM",
        "isPrimeEligible": "1"
    },
    {
        "ASIN": "B001URA25A",
        "title": "8 Seconds",
        "price": "$5.93",
        "listPrice": "$10.75",
        "imageUrl": "https://m.media-amazon.com/images/I/51A79hY4H7L._SL160_.jpg",
        "detailPageURL": "https://www.amazon.com/dp/B001URA25A",
        "rating": "4.8",
        "totalReviews": "18229",
        "subtitle": " (DVD)",
        "isPrimeEligible": "0"
    },
    {
        "ASIN": "B07T5BN3P2",
        "title": "SKIN1004 Madagascar Centella Light Cleansing Oil 6.76 fl.oz, 200ml, Pure and Light Oil with Fresh Cleansing Effect, Micellar Cleansing Hypoallergenic Use",
        "price": "$21.00 ($2.71 / Fl Oz)",
        "listPrice": "",
        "imageUrl": "https://m.media-amazon.com/images/I/31sHcCM4VaL._SL160_.jpg",
        "detailPageURL": "https://www.amazon.com/dp/B07T5BN3P2",
        "rating": "4.6",
        "totalReviews": "207",
        "subtitle": "SKIN1004",
        "isPrimeEligible": "1"
    },
    {
        "ASIN": "B08GJ58Z6M",
        "title": "The INKEY List Oat Cleansing Balm, Rich Balm Removes Makeup and Impurities, Reduces Redness, 5.0 fl oz",
        "price": "$11.99 ($2.40 / Fl Oz)",
        "listPrice": "",
        "imageUrl": "https://m.media-amazon.com/images/I/31eK6NbBNFL._SL160_.jpg",
        "detailPageURL": "https://www.amazon.com/dp/B08GJ58Z6M",
        "rating": "4.3",
        "totalReviews": "2322",
        "subtitle": "The INKEY List",
        "isPrimeEligible": "1"
    },
    {
        "ASIN": "B00ZY65OSI",
        "title": "Bioderma - Atoderm - Cleansing Oil - Face and Body Cleansing Oil - Soothes Discomfort - Cleansing Oil for Very Dry Sensitive Skin",
        "price": "$29.99 ($0.89 / Fl Oz)",
        "listPrice": "",
        "imageUrl": "https://m.media-amazon.com/images/I/31hbSUrY6ML._SL160_.jpg",
        "detailPageURL": "https://www.amazon.com/dp/B00ZY65OSI",
        "rating": "4.6",
        "totalReviews": "24275",
        "subtitle": "",
        "isPrimeEligible": "1"
    },
    {
        "ASIN": "B0013LVSME",
        "title": "8 Seconds (1994)",
        "price": "$14.99",
        "listPrice": "",
        "imageUrl": "https://m.media-amazon.com/images/I/51UUKReARZL._SL160_.jpg",
        "detailPageURL": "https://www.amazon.com/dp/B0013LVSME",
        "rating": "4.8",
        "totalReviews": "18229",
        "subtitle": "",
        "isPrimeEligible": "0"
    },
    {
        "ASIN": "B07GDN5WG8",
        "title": "Shiseido Perfect 6-ounce Cleansing Oil",
        "price": "$35.00 ($5.83 / Fl Oz)",
        "listPrice": "",
        "imageUrl": "https://m.media-amazon.com/images/I/21wb0jVyEGL._SL160_.jpg",
        "detailPageURL": "https://www.amazon.com/dp/B07GDN5WG8",
        "rating": "4.5",
        "totalReviews": "66",
        "subtitle": "",
        "isPrimeEligible": "1"
    },
    {
        "ASIN": "B002IT6GVS",
        "title": "Kose Softymo Deep Cleansing Oil Makeup Remover (Refill) 200ml",
        "price": "$9.98 ($1.48 / Fl Oz)",
        "listPrice": "",
        "imageUrl": "https://m.media-amazon.com/images/I/41zIqsHEQwL._SL160_.jpg",
        "detailPageURL": "https://www.amazon.com/dp/B002IT6GVS",
        "rating": "4.6",
        "totalReviews": "606",
        "subtitle": "KOSE",
        "isPrimeEligible": "1"
    },
    {
        "ASIN": "B08358G9LY",
        "title": "BANILA CO Clean It Zero Original Cleansing Balm Makeup Remover, Balm to Oil, Double Cleanse, Face Wash",
        "price": "$17.00 ($5.03 / Fl Oz)",
        "listPrice": "",
        "imageUrl": "https://m.media-amazon.com/images/I/31+pDt9CmNL._SL160_.jpg",
        "detailPageURL": "https://www.amazon.com/dp/B08358G9LY",
        "rating": "4.8",
        "totalReviews": "8779",
        "subtitle": "BANILA CO",
        "isPrimeEligible": "1"
    },
    {
        "ASIN": "B084C2Q1HQ",
        "title": "MAKEPREM Safe me. Relief Moisture Cleansing Oil 7.1 Fl Oz Naturally-Derived Ingredients PHA Formula Makeup Remover Pore Cleansing Blackhead Removal Hypoallergenic and Clinically Tested Oil Cleanser",
        "price": "$24.99 ($3.52 / Fl Oz)",
        "listPrice": "",
        "imageUrl": "https://m.media-amazon.com/images/I/31xkkcziHRL._SL160_.jpg",
        "detailPageURL": "https://www.amazon.com/dp/B084C2Q1HQ",
        "rating": "4.5",
        "totalReviews": "42",
        "subtitle": "MAKEP:REM",
        "isPrimeEligible": "1"
    },
    {
        "ASIN": "B08TQTT8LK",
        "title": "e.l.f. Holy Hydration! Makeup Melting Cleansing Balm, Face Cleanser & Makeup Remover, Infused with Hyaluronic Acid to Hydrate Skin, 2 Oz",
        "price": "$10.82 ($5.41 / Ounce)",
        "listPrice": "",
        "imageUrl": "https://m.media-amazon.com/images/I/31R-Y-dhjEL._SL160_.jpg",
        "detailPageURL": "https://www.amazon.com/dp/B08TQTT8LK",
        "rating": "4.7",
        "totalReviews": "5043",
        "subtitle": "e.l.f.",
        "isPrimeEligible": "1"
    },
    {
        "ASIN": "B07T5BN3P2",
        "title": "SKIN1004 Madagascar Centella Light Cleansing Oil 6.76 fl.oz, 200ml, Pure and Light Oil with Fresh Cleansing Effect, Micellar Cleansing Hypoallergenic Use",
        "price": "$21.00 ($2.71 / Fl Oz)",
        "listPrice": "",
        "imageUrl": "https://m.media-amazon.com/images/I/31sHcCM4VaL._SL160_.jpg",
        "detailPageURL": "https://www.amazon.com/dp/B07T5BN3P2",
        "rating": "4.6",
        "totalReviews": "207",
        "subtitle": "SKIN1004",
        "isPrimeEligible": "1"
    },
    {
        "ASIN": "B08GJ58Z6M",
        "title": "The INKEY List Oat Cleansing Balm, Rich Balm Removes Makeup and Impurities, Reduces Redness, 5.0 fl oz",
        "price": "$11.99 ($2.40 / Fl Oz)",
        "listPrice": "",
        "imageUrl": "https://m.media-amazon.com/images/I/31eK6NbBNFL._SL160_.jpg",
        "detailPageURL": "https://www.amazon.com/dp/B08GJ58Z6M",
        "rating": "4.3",
        "totalReviews": "2322",
        "subtitle": "The INKEY List",
        "isPrimeEligible": "1"
    },
    {
        "ASIN": "B00ZY65OSI",
        "title": "Bioderma - Atoderm - Cleansing Oil - Face and Body Cleansing Oil - Soothes Discomfort - Cleansing Oil for Very Dry Sensitive Skin",
        "price": "$29.99 ($0.89 / Fl Oz)",
        "listPrice": "",
        "imageUrl": "https://m.media-amazon.com/images/I/31hbSUrY6ML._SL160_.jpg",
        "detailPageURL": "https://www.amazon.com/dp/B00ZY65OSI",
        "rating": "4.6",
        "totalReviews": "24275",
        "subtitle": "",
        "isPrimeEligible": "1"
    },
    {
        "ASIN": "B0013LVSME",
        "title": "8 Seconds (1994)",
        "price": "$14.99",
        "listPrice": "",
        "imageUrl": "https://m.media-amazon.com/images/I/51UUKReARZL._SL160_.jpg",
        "detailPageURL": "https://www.amazon.com/dp/B0013LVSME",
        "rating": "4.8",
        "totalReviews": "18229",
        "subtitle": "",
        "isPrimeEligible": "0"
    },
    {
        "ASIN": "B07GDN5WG8",
        "title": "Shiseido Perfect 6-ounce Cleansing Oil",
        "price": "$35.00 ($5.83 / Fl Oz)",
        "listPrice": "",
        "imageUrl": "https://m.media-amazon.com/images/I/21wb0jVyEGL._SL160_.jpg",
        "detailPageURL": "https://www.amazon.com/dp/B07GDN5WG8",
        "rating": "4.5",
        "totalReviews": "66",
        "subtitle": "",
        "isPrimeEligible": "1"
    },
    {
        "ASIN": "B002IT6GVS",
        "title": "Kose Softymo Deep Cleansing Oil Makeup Remover (Refill) 200ml",
        "price": "$9.98 ($1.48 / Fl Oz)",
        "listPrice": "",
        "imageUrl": "https://m.media-amazon.com/images/I/41zIqsHEQwL._SL160_.jpg",
        "detailPageURL": "https://www.amazon.com/dp/B002IT6GVS",
        "rating": "4.6",
        "totalReviews": "606",
        "subtitle": "KOSE",
        "isPrimeEligible": "1"
    },
    {
        "ASIN": "B08358G9LY",
        "title": "BANILA CO Clean It Zero Original Cleansing Balm Makeup Remover, Balm to Oil, Double Cleanse, Face Wash",
        "price": "$17.00 ($5.03 / Fl Oz)",
        "listPrice": "",
        "imageUrl": "https://m.media-amazon.com/images/I/31+pDt9CmNL._SL160_.jpg",
        "detailPageURL": "https://www.amazon.com/dp/B08358G9LY",
        "rating": "4.8",
        "totalReviews": "8779",
        "subtitle": "BANILA CO",
        "isPrimeEligible": "1"
    },
    {
        "ASIN": "B084C2Q1HQ",
        "title": "MAKEPREM Safe me. Relief Moisture Cleansing Oil 7.1 Fl Oz Naturally-Derived Ingredients PHA Formula Makeup Remover Pore Cleansing Blackhead Removal Hypoallergenic and Clinically Tested Oil Cleanser",
        "price": "$24.99 ($3.52 / Fl Oz)",
        "listPrice": "",
        "imageUrl": "https://m.media-amazon.com/images/I/31xkkcziHRL._SL160_.jpg",
        "detailPageURL": "https://www.amazon.com/dp/B084C2Q1HQ",
        "rating": "4.5",
        "totalReviews": "42",
        "subtitle": "MAKEP:REM",
        "isPrimeEligible": "1"
    },
    {
        "ASIN": "B08TQTT8LK",
        "title": "e.l.f. Holy Hydration! Makeup Melting Cleansing Balm, Face Cleanser & Makeup Remover, Infused with Hyaluronic Acid to Hydrate Skin, 2 Oz",
        "price": "$10.82 ($5.41 / Ounce)",
        "listPrice": "",
        "imageUrl": "https://m.media-amazon.com/images/I/31R-Y-dhjEL._SL160_.jpg",
        "detailPageURL": "https://www.amazon.com/dp/B08TQTT8LK",
        "rating": "4.7",
        "totalReviews": "5043",
        "subtitle": "e.l.f.",
        "isPrimeEligible": "1"
    },
    {
        "ASIN": "B09XJZ987L",
        "title": "cleansing oil",
        "price": "$0.69",
        "listPrice": "",
        "imageUrl": "https://m.media-amazon.com/images/I/41vW01ce48L._SL160_.jpg",
        "detailPageURL": "https://www.amazon.com/dp/B09XJZ987L",
        "rating": "",
        "totalReviews": "",
        "subtitle": "",
        "isPrimeEligible": "0"
    },
    {
        "ASIN": "B08GJ58Z6M",
        "title": "The INKEY List Oat Cleansing Balm, Rich Balm Removes Makeup and Impurities, Reduces Redness, 5.0 fl oz",
        "price": "$11.99 ($2.40 / Fl Oz)",
        "listPrice": "",
        "imageUrl": "https://m.media-amazon.com/images/I/31eK6NbBNFL._SL160_.jpg",
        "detailPageURL": "https://www.amazon.com/dp/B08GJ58Z6M",
        "rating": "4.3",
        "totalReviews": "2322",
        "subtitle": "The INKEY List",
        "isPrimeEligible": "1"
    },
    {
        "ASIN": "B00ZY65OSI",
        "title": "Bioderma - Atoderm - Cleansing Oil - Face and Body Cleansing Oil - Soothes Discomfort - Cleansing Oil for Very Dry Sensitive Skin",
        "price": "$29.99 ($0.89 / Fl Oz)",
        "listPrice": "",
        "imageUrl": "https://m.media-amazon.com/images/I/31hbSUrY6ML._SL160_.jpg",
        "detailPageURL": "https://www.amazon.com/dp/B00ZY65OSI",
        "rating": "4.6",
        "totalReviews": "24275",
        "subtitle": "",
        "isPrimeEligible": "1"
    },
    {
        "ASIN": "B0013LVSME",
        "title": "8 Seconds (1994)",
        "price": "$14.99",
        "listPrice": "",
        "imageUrl": "https://m.media-amazon.com/images/I/51UUKReARZL._SL160_.jpg",
        "detailPageURL": "https://www.amazon.com/dp/B0013LVSME",
        "rating": "4.8",
        "totalReviews": "18229",
        "subtitle": "",
        "isPrimeEligible": "0"
    },
    {
        "ASIN": "B07GDN5WG8",
        "title": "Shiseido Perfect 6-ounce Cleansing Oil",
        "price": "$35.00 ($5.83 / Fl Oz)",
        "listPrice": "",
        "imageUrl": "https://m.media-amazon.com/images/I/21wb0jVyEGL._SL160_.jpg",
        "detailPageURL": "https://www.amazon.com/dp/B07GDN5WG8",
        "rating": "4.5",
        "totalReviews": "66",
        "subtitle": "",
        "isPrimeEligible": "1"
    },
    {
        "ASIN": "B002IT6GVS",
        "title": "Kose Softymo Deep Cleansing Oil Makeup Remover (Refill) 200ml",
        "price": "$9.98 ($1.48 / Fl Oz)",
        "listPrice": "",
        "imageUrl": "https://m.media-amazon.com/images/I/41zIqsHEQwL._SL160_.jpg",
        "detailPageURL": "https://www.amazon.com/dp/B002IT6GVS",
        "rating": "4.6",
        "totalReviews": "606",
        "subtitle": "KOSE",
        "isPrimeEligible": "1"
    },
    {
        "ASIN": "B08358G9LY",
        "title": "BANILA CO Clean It Zero Original Cleansing Balm Makeup Remover, Balm to Oil, Double Cleanse, Face Wash",
        "price": "$17.00 ($5.03 / Fl Oz)",
        "listPrice": "",
        "imageUrl": "https://m.media-amazon.com/images/I/31+pDt9CmNL._SL160_.jpg",
        "detailPageURL": "https://www.amazon.com/dp/B08358G9LY",
        "rating": "4.8",
        "totalReviews": "8779",
        "subtitle": "BANILA CO",
        "isPrimeEligible": "1"
    },
    {
        "ASIN": "B084C2Q1HQ",
        "title": "MAKEPREM Safe me. Relief Moisture Cleansing Oil 7.1 Fl Oz Naturally-Derived Ingredients PHA Formula Makeup Remover Pore Cleansing Blackhead Removal Hypoallergenic and Clinically Tested Oil Cleanser",
        "price": "$24.99 ($3.52 / Fl Oz)",
        "listPrice": "",
        "imageUrl": "https://m.media-amazon.com/images/I/31xkkcziHRL._SL160_.jpg",
        "detailPageURL": "https://www.amazon.com/dp/B084C2Q1HQ",
        "rating": "4.5",
        "totalReviews": "42",
        "subtitle": "MAKEP:REM",
        "isPrimeEligible": "1"
    },
    {
        "ASIN": "B08TQTT8LK",
        "title": "e.l.f. Holy Hydration! Makeup Melting Cleansing Balm, Face Cleanser & Makeup Remover, Infused with Hyaluronic Acid to Hydrate Skin, 2 Oz",
        "price": "$10.82 ($5.41 / Ounce)",
        "listPrice": "",
        "imageUrl": "https://m.media-amazon.com/images/I/31R-Y-dhjEL._SL160_.jpg",
        "detailPageURL": "https://www.amazon.com/dp/B08TQTT8LK",
        "rating": "4.7",
        "totalReviews": "5043",
        "subtitle": "e.l.f.",
        "isPrimeEligible": "1"
    },
    {
        "ASIN": "B09XJZ987L",
        "title": "cleansing oil",
        "price": "$0.69",
        "listPrice": "",
        "imageUrl": "https://m.media-amazon.com/images/I/41vW01ce48L._SL160_.jpg",
        "detailPageURL": "https://www.amazon.com/dp/B09XJZ987L",
        "rating": "",
        "totalReviews": "",
        "subtitle": "",
        "isPrimeEligible": "0"
    },
    {
        "ASIN": "B0C9S86QWF",
        "title": "The Ultimate Guide to Castor Oil: Unleashing the Power of Nature's Elixir",
        "price": "$9.99",
        "listPrice": "",
        "imageUrl": "https://m.media-amazon.com/images/I/41v8J-fF3vL._SL160_.jpg",
        "detailPageURL": "https://www.amazon.com/dp/B0C9S86QWF",
        "rating": "3.4",
        "totalReviews": "18",
        "subtitle": "Lance, Bernadette (Paperback)",
        "isPrimeEligible": "1"
    },
    {
        "ASIN": "B00ZY65OSI",
        "title": "Bioderma - Atoderm - Cleansing Oil - Face and Body Cleansing Oil - Soothes Discomfort - Cleansing Oil for Very Dry Sensitive Skin",
        "price": "$29.99 ($0.89 / Fl Oz)",
        "listPrice": "",
        "imageUrl": "https://m.media-amazon.com/images/I/31hbSUrY6ML._SL160_.jpg",
        "detailPageURL": "https://www.amazon.com/dp/B00ZY65OSI",
        "rating": "4.6",
        "totalReviews": "24275",
        "subtitle": "",
        "isPrimeEligible": "1"
    },
    {
        "ASIN": "B0013LVSME",
        "title": "8 Seconds (1994)",
        "price": "$14.99",
        "listPrice": "",
        "imageUrl": "https://m.media-amazon.com/images/I/51UUKReARZL._SL160_.jpg",
        "detailPageURL": "https://www.amazon.com/dp/B0013LVSME",
        "rating": "4.8",
        "totalReviews": "18229",
        "subtitle": "",
        "isPrimeEligible": "0"
    },
    {
        "ASIN": "B07GDN5WG8",
        "title": "Shiseido Perfect 6-ounce Cleansing Oil",
        "price": "$35.00 ($5.83 / Fl Oz)",
        "listPrice": "",
        "imageUrl": "https://m.media-amazon.com/images/I/21wb0jVyEGL._SL160_.jpg",
        "detailPageURL": "https://www.amazon.com/dp/B07GDN5WG8",
        "rating": "4.5",
        "totalReviews": "66",
        "subtitle": "",
        "isPrimeEligible": "1"
    },
    {
        "ASIN": "B002IT6GVS",
        "title": "Kose Softymo Deep Cleansing Oil Makeup Remover (Refill) 200ml",
        "price": "$9.98 ($1.48 / Fl Oz)",
        "listPrice": "",
        "imageUrl": "https://m.media-amazon.com/images/I/41zIqsHEQwL._SL160_.jpg",
        "detailPageURL": "https://www.amazon.com/dp/B002IT6GVS",
        "rating": "4.6",
        "totalReviews": "606",
        "subtitle": "KOSE",
        "isPrimeEligible": "1"
    },
    {
        "ASIN": "B08358G9LY",
        "title": "BANILA CO Clean It Zero Original Cleansing Balm Makeup Remover, Balm to Oil, Double Cleanse, Face Wash",
        "price": "$17.00 ($5.03 / Fl Oz)",
        "listPrice": "",
        "imageUrl": "https://m.media-amazon.com/images/I/31+pDt9CmNL._SL160_.jpg",
        "detailPageURL": "https://www.amazon.com/dp/B08358G9LY",
        "rating": "4.8",
        "totalReviews": "8779",
        "subtitle": "BANILA CO",
        "isPrimeEligible": "1"
    },
    {
        "ASIN": "B084C2Q1HQ",
        "title": "MAKEPREM Safe me. Relief Moisture Cleansing Oil 7.1 Fl Oz Naturally-Derived Ingredients PHA Formula Makeup Remover Pore Cleansing Blackhead Removal Hypoallergenic and Clinically Tested Oil Cleanser",
        "price": "$24.99 ($3.52 / Fl Oz)",
        "listPrice": "",
        "imageUrl": "https://m.media-amazon.com/images/I/31xkkcziHRL._SL160_.jpg",
        "detailPageURL": "https://www.amazon.com/dp/B084C2Q1HQ",
        "rating": "4.5",
        "totalReviews": "42",
        "subtitle": "MAKEP:REM",
        "isPrimeEligible": "1"
    },
    {
        "ASIN": "B08TQTT8LK",
        "title": "e.l.f. Holy Hydration! Makeup Melting Cleansing Balm, Face Cleanser & Makeup Remover, Infused with Hyaluronic Acid to Hydrate Skin, 2 Oz",
        "price": "$10.82 ($5.41 / Ounce)",
        "listPrice": "",
        "imageUrl": "https://m.media-amazon.com/images/I/31R-Y-dhjEL._SL160_.jpg",
        "detailPageURL": "https://www.amazon.com/dp/B08TQTT8LK",
        "rating": "4.7",
        "totalReviews": "5043",
        "subtitle": "e.l.f.",
        "isPrimeEligible": "1"
    },
    {
        "ASIN": "B09XJZ987L",
        "title": "cleansing oil",
        "price": "$0.69",
        "listPrice": "",
        "imageUrl": "https://m.media-amazon.com/images/I/41vW01ce48L._SL160_.jpg",
        "detailPageURL": "https://www.amazon.com/dp/B09XJZ987L",
        "rating": "",
        "totalReviews": "",
        "subtitle": "",
        "isPrimeEligible": "0"
    },
    {
        "ASIN": "B0C9S86QWF",
        "title": "The Ultimate Guide to Castor Oil: Unleashing the Power of Nature's Elixir",
        "price": "$9.99",
        "listPrice": "",
        "imageUrl": "https://m.media-amazon.com/images/I/41v8J-fF3vL._SL160_.jpg",
        "detailPageURL": "https://www.amazon.com/dp/B0C9S86QWF",
        "rating": "3.4",
        "totalReviews": "18",
        "subtitle": "Lance, Bernadette (Paperback)",
        "isPrimeEligible": "1"
    },
    {
        "ASIN": "B0BY3R55FD",
        "title": "The Wellness Practitioner's Guide to Castor Oil Packs for Colon Cleansing, Liver Detox & Lymphatic Drainage: +Bonus: 12 question self-assessment quiz",
        "price": "$9.97",
        "listPrice": "",
        "imageUrl": "https://m.media-amazon.com/images/I/41U9YZgVE5L._SL160_.jpg",
        "detailPageURL": "https://www.amazon.com/dp/B0BY3R55FD",
        "rating": "",
        "totalReviews": "",
        "subtitle": "",
        "isPrimeEligible": "0"
    },
    {
        "ASIN": "B0013LVSME",
        "title": "8 Seconds (1994)",
        "price": "$14.99",
        "listPrice": "",
        "imageUrl": "https://m.media-amazon.com/images/I/51UUKReARZL._SL160_.jpg",
        "detailPageURL": "https://www.amazon.com/dp/B0013LVSME",
        "rating": "4.8",
        "totalReviews": "18229",
        "subtitle": "",
        "isPrimeEligible": "0"
    },
    {
        "ASIN": "B07GDN5WG8",
        "title": "Shiseido Perfect 6-ounce Cleansing Oil",
        "price": "$35.00 ($5.83 / Fl Oz)",
        "listPrice": "",
        "imageUrl": "https://m.media-amazon.com/images/I/21wb0jVyEGL._SL160_.jpg",
        "detailPageURL": "https://www.amazon.com/dp/B07GDN5WG8",
        "rating": "4.5",
        "totalReviews": "66",
        "subtitle": "",
        "isPrimeEligible": "1"
    },
    {
        "ASIN": "B002IT6GVS",
        "title": "Kose Softymo Deep Cleansing Oil Makeup Remover (Refill) 200ml",
        "price": "$9.98 ($1.48 / Fl Oz)",
        "listPrice": "",
        "imageUrl": "https://m.media-amazon.com/images/I/41zIqsHEQwL._SL160_.jpg",
        "detailPageURL": "https://www.amazon.com/dp/B002IT6GVS",
        "rating": "4.6",
        "totalReviews": "606",
        "subtitle": "KOSE",
        "isPrimeEligible": "1"
    },
    {
        "ASIN": "B08358G9LY",
        "title": "BANILA CO Clean It Zero Original Cleansing Balm Makeup Remover, Balm to Oil, Double Cleanse, Face Wash",
        "price": "$17.00 ($5.03 / Fl Oz)",
        "listPrice": "",
        "imageUrl": "https://m.media-amazon.com/images/I/31+pDt9CmNL._SL160_.jpg",
        "detailPageURL": "https://www.amazon.com/dp/B08358G9LY",
        "rating": "4.8",
        "totalReviews": "8779",
        "subtitle": "BANILA CO",
        "isPrimeEligible": "1"
    },
    {
        "ASIN": "B084C2Q1HQ",
        "title": "MAKEPREM Safe me. Relief Moisture Cleansing Oil 7.1 Fl Oz Naturally-Derived Ingredients PHA Formula Makeup Remover Pore Cleansing Blackhead Removal Hypoallergenic and Clinically Tested Oil Cleanser",
        "price": "$24.99 ($3.52 / Fl Oz)",
        "listPrice": "",
        "imageUrl": "https://m.media-amazon.com/images/I/31xkkcziHRL._SL160_.jpg",
        "detailPageURL": "https://www.amazon.com/dp/B084C2Q1HQ",
        "rating": "4.5",
        "totalReviews": "42",
        "subtitle": "MAKEP:REM",
        "isPrimeEligible": "1"
    },
    {
        "ASIN": "B08TQTT8LK",
        "title": "e.l.f. Holy Hydration! Makeup Melting Cleansing Balm, Face Cleanser & Makeup Remover, Infused with Hyaluronic Acid to Hydrate Skin, 2 Oz",
        "price": "$10.82 ($5.41 / Ounce)",
        "listPrice": "",
        "imageUrl": "https://m.media-amazon.com/images/I/31R-Y-dhjEL._SL160_.jpg",
        "detailPageURL": "https://www.amazon.com/dp/B08TQTT8LK",
        "rating": "4.7",
        "totalReviews": "5043",
        "subtitle": "e.l.f.",
        "isPrimeEligible": "1"
    },
    {
        "ASIN": "B09XJZ987L",
        "title": "cleansing oil",
        "price": "$0.69",
        "listPrice": "",
        "imageUrl": "https://m.media-amazon.com/images/I/41vW01ce48L._SL160_.jpg",
        "detailPageURL": "https://www.amazon.com/dp/B09XJZ987L",
        "rating": "",
        "totalReviews": "",
        "subtitle": "",
        "isPrimeEligible": "0"
    },
    {
        "ASIN": "B0C9S86QWF",
        "title": "The Ultimate Guide to Castor Oil: Unleashing the Power of Nature's Elixir",
        "price": "$9.99",
        "listPrice": "",
        "imageUrl": "https://m.media-amazon.com/images/I/41v8J-fF3vL._SL160_.jpg",
        "detailPageURL": "https://www.amazon.com/dp/B0C9S86QWF",
        "rating": "3.4",
        "totalReviews": "18",
        "subtitle": "Lance, Bernadette (Paperback)",
        "isPrimeEligible": "1"
    },
    {
        "ASIN": "B0BY3R55FD",
        "title": "The Wellness Practitioner's Guide to Castor Oil Packs for Colon Cleansing, Liver Detox & Lymphatic Drainage: +Bonus: 12 question self-assessment quiz",
        "price": "$9.97",
        "listPrice": "",
        "imageUrl": "https://m.media-amazon.com/images/I/41U9YZgVE5L._SL160_.jpg",
        "detailPageURL": "https://www.amazon.com/dp/B0BY3R55FD",
        "rating": "",
        "totalReviews": "",
        "subtitle": "",
        "isPrimeEligible": "0"
    },
    {
        "ASIN": "B083NJPGPN",
        "title": "Angie Watts FACE. Deep Cleansing Oil, 4oz - All Natural and Organic Ingredients | 100% Vegan | Soap-free | With Organic Hempseed and Tamanu Oil",
        "price": "$30.00 ($30.00 / Count)",
        "listPrice": "",
        "imageUrl": "https://m.media-amazon.com/images/I/411Tl3ru0lL._SL160_.jpg",
        "detailPageURL": "https://www.amazon.com/dp/B083NJPGPN",
        "rating": "4.6",
        "totalReviews": "15",
        "subtitle": "Angie Watts",
        "isPrimeEligible": "1"
    },
    {
        "ASIN": "B07GDN5WG8",
        "title": "Shiseido Perfect 6-ounce Cleansing Oil",
        "price": "$35.00 ($5.83 / Fl Oz)",
        "listPrice": "",
        "imageUrl": "https://m.media-amazon.com/images/I/21wb0jVyEGL._SL160_.jpg",
        "detailPageURL": "https://www.amazon.com/dp/B07GDN5WG8",
        "rating": "4.5",
        "totalReviews": "66",
        "subtitle": "",
        "isPrimeEligible": "1"
    },
    {
        "ASIN": "B002IT6GVS",
        "title": "Kose Softymo Deep Cleansing Oil Makeup Remover (Refill) 200ml",
        "price": "$9.98 ($1.48 / Fl Oz)",
        "listPrice": "",
        "imageUrl": "https://m.media-amazon.com/images/I/41zIqsHEQwL._SL160_.jpg",
        "detailPageURL": "https://www.amazon.com/dp/B002IT6GVS",
        "rating": "4.6",
        "totalReviews": "606",
        "subtitle": "KOSE",
        "isPrimeEligible": "1"
    },
    {
        "ASIN": "B08358G9LY",
        "title": "BANILA CO Clean It Zero Original Cleansing Balm Makeup Remover, Balm to Oil, Double Cleanse, Face Wash",
        "price": "$17.00 ($5.03 / Fl Oz)",
        "listPrice": "",
        "imageUrl": "https://m.media-amazon.com/images/I/31+pDt9CmNL._SL160_.jpg",
        "detailPageURL": "https://www.amazon.com/dp/B08358G9LY",
        "rating": "4.8",
        "totalReviews": "8779",
        "subtitle": "BANILA CO",
        "isPrimeEligible": "1"
    },
    {
        "ASIN": "B084C2Q1HQ",
        "title": "MAKEPREM Safe me. Relief Moisture Cleansing Oil 7.1 Fl Oz Naturally-Derived Ingredients PHA Formula Makeup Remover Pore Cleansing Blackhead Removal Hypoallergenic and Clinically Tested Oil Cleanser",
        "price": "$24.99 ($3.52 / Fl Oz)",
        "listPrice": "",
        "imageUrl": "https://m.media-amazon.com/images/I/31xkkcziHRL._SL160_.jpg",
        "detailPageURL": "https://www.amazon.com/dp/B084C2Q1HQ",
        "rating": "4.5",
        "totalReviews": "42",
        "subtitle": "MAKEP:REM",
        "isPrimeEligible": "1"
    },
    {
        "ASIN": "B08TQTT8LK",
        "title": "e.l.f. Holy Hydration! Makeup Melting Cleansing Balm, Face Cleanser & Makeup Remover, Infused with Hyaluronic Acid to Hydrate Skin, 2 Oz",
        "price": "$10.82 ($5.41 / Ounce)",
        "listPrice": "",
        "imageUrl": "https://m.media-amazon.com/images/I/31R-Y-dhjEL._SL160_.jpg",
        "detailPageURL": "https://www.amazon.com/dp/B08TQTT8LK",
        "rating": "4.7",
        "totalReviews": "5043",
        "subtitle": "e.l.f.",
        "isPrimeEligible": "1"
    },
    {
        "ASIN": "B09XJZ987L",
        "title": "cleansing oil",
        "price": "$0.69",
        "listPrice": "",
        "imageUrl": "https://m.media-amazon.com/images/I/41vW01ce48L._SL160_.jpg",
        "detailPageURL": "https://www.amazon.com/dp/B09XJZ987L",
        "rating": "",
        "totalReviews": "",
        "subtitle": "",
        "isPrimeEligible": "0"
    },
    {
        "ASIN": "B0C9S86QWF",
        "title": "The Ultimate Guide to Castor Oil: Unleashing the Power of Nature's Elixir",
        "price": "$9.99",
        "listPrice": "",
        "imageUrl": "https://m.media-amazon.com/images/I/41v8J-fF3vL._SL160_.jpg",
        "detailPageURL": "https://www.amazon.com/dp/B0C9S86QWF",
        "rating": "3.4",
        "totalReviews": "18",
        "subtitle": "Lance, Bernadette (Paperback)",
        "isPrimeEligible": "1"
    },
    {
        "ASIN": "B0BY3R55FD",
        "title": "The Wellness Practitioner's Guide to Castor Oil Packs for Colon Cleansing, Liver Detox & Lymphatic Drainage: +Bonus: 12 question self-assessment quiz",
        "price": "$9.97",
        "listPrice": "",
        "imageUrl": "https://m.media-amazon.com/images/I/41U9YZgVE5L._SL160_.jpg",
        "detailPageURL": "https://www.amazon.com/dp/B0BY3R55FD",
        "rating": "",
        "totalReviews": "",
        "subtitle": "",
        "isPrimeEligible": "0"
    },
    {
        "ASIN": "B083NJPGPN",
        "title": "Angie Watts FACE. Deep Cleansing Oil, 4oz - All Natural and Organic Ingredients | 100% Vegan | Soap-free | With Organic Hempseed and Tamanu Oil",
        "price": "$30.00 ($30.00 / Count)",
        "listPrice": "",
        "imageUrl": "https://m.media-amazon.com/images/I/411Tl3ru0lL._SL160_.jpg",
        "detailPageURL": "https://www.amazon.com/dp/B083NJPGPN",
        "rating": "4.6",
        "totalReviews": "15",
        "subtitle": "Angie Watts",
        "isPrimeEligible": "1"
    },
    {
        "ASIN": "B091XYQFGN",
        "title": "COSRX Pure Fit Cica Cleansing Oil, 6.76 fl. oz / 200ml | Light Weight Oil Purifying Centella for Sensitive Skin | CICA-7 Complex, Jojoba seed oil",
        "price": "$25.00 ($3.70 / Fl Oz)",
        "listPrice": "",
        "imageUrl": "https://m.media-amazon.com/images/I/31SNfysigZL._SL160_.jpg",
        "detailPageURL": "https://www.amazon.com/dp/B091XYQFGN",
        "rating": "4.2",
        "totalReviews": "73",
        "subtitle": "COSRX",
        "isPrimeEligible": "1"
    },
    {
        "ASIN": "B002IT6GVS",
        "title": "Kose Softymo Deep Cleansing Oil Makeup Remover (Refill) 200ml",
        "price": "$9.98 ($1.48 / Fl Oz)",
        "listPrice": "",
        "imageUrl": "https://m.media-amazon.com/images/I/41zIqsHEQwL._SL160_.jpg",
        "detailPageURL": "https://www.amazon.com/dp/B002IT6GVS",
        "rating": "4.6",
        "totalReviews": "606",
        "subtitle": "KOSE",
        "isPrimeEligible": "1"
    },
    {
        "ASIN": "B08358G9LY",
        "title": "BANILA CO Clean It Zero Original Cleansing Balm Makeup Remover, Balm to Oil, Double Cleanse, Face Wash",
        "price": "$17.00 ($5.03 / Fl Oz)",
        "listPrice": "",
        "imageUrl": "https://m.media-amazon.com/images/I/31+pDt9CmNL._SL160_.jpg",
        "detailPageURL": "https://www.amazon.com/dp/B08358G9LY",
        "rating": "4.8",
        "totalReviews": "8779",
        "subtitle": "BANILA CO",
        "isPrimeEligible": "1"
    },
    {
        "ASIN": "B084C2Q1HQ",
        "title": "MAKEPREM Safe me. Relief Moisture Cleansing Oil 7.1 Fl Oz Naturally-Derived Ingredients PHA Formula Makeup Remover Pore Cleansing Blackhead Removal Hypoallergenic and Clinically Tested Oil Cleanser",
        "price": "$24.99 ($3.52 / Fl Oz)",
        "listPrice": "",
        "imageUrl": "https://m.media-amazon.com/images/I/31xkkcziHRL._SL160_.jpg",
        "detailPageURL": "https://www.amazon.com/dp/B084C2Q1HQ",
        "rating": "4.5",
        "totalReviews": "42",
        "subtitle": "MAKEP:REM",
        "isPrimeEligible": "1"
    },
    {
        "ASIN": "B08TQTT8LK",
        "title": "e.l.f. Holy Hydration! Makeup Melting Cleansing Balm, Face Cleanser & Makeup Remover, Infused with Hyaluronic Acid to Hydrate Skin, 2 Oz",
        "price": "$10.82 ($5.41 / Ounce)",
        "listPrice": "",
        "imageUrl": "https://m.media-amazon.com/images/I/31R-Y-dhjEL._SL160_.jpg",
        "detailPageURL": "https://www.amazon.com/dp/B08TQTT8LK",
        "rating": "4.7",
        "totalReviews": "5043",
        "subtitle": "e.l.f.",
        "isPrimeEligible": "1"
    },
    {
        "ASIN": "B09XJZ987L",
        "title": "cleansing oil",
        "price": "$0.69",
        "listPrice": "",
        "imageUrl": "https://m.media-amazon.com/images/I/41vW01ce48L._SL160_.jpg",
        "detailPageURL": "https://www.amazon.com/dp/B09XJZ987L",
        "rating": "",
        "totalReviews": "",
        "subtitle": "",
        "isPrimeEligible": "0"
    },
    {
        "ASIN": "B0C9S86QWF",
        "title": "The Ultimate Guide to Castor Oil: Unleashing the Power of Nature's Elixir",
        "price": "$9.99",
        "listPrice": "",
        "imageUrl": "https://m.media-amazon.com/images/I/41v8J-fF3vL._SL160_.jpg",
        "detailPageURL": "https://www.amazon.com/dp/B0C9S86QWF",
        "rating": "3.4",
        "totalReviews": "18",
        "subtitle": "Lance, Bernadette (Paperback)",
        "isPrimeEligible": "1"
    },
    {
        "ASIN": "B0BY3R55FD",
        "title": "The Wellness Practitioner's Guide to Castor Oil Packs for Colon Cleansing, Liver Detox & Lymphatic Drainage: +Bonus: 12 question self-assessment quiz",
        "price": "$9.97",
        "listPrice": "",
        "imageUrl": "https://m.media-amazon.com/images/I/41U9YZgVE5L._SL160_.jpg",
        "detailPageURL": "https://www.amazon.com/dp/B0BY3R55FD",
        "rating": "",
        "totalReviews": "",
        "subtitle": "",
        "isPrimeEligible": "0"
    },
    {
        "ASIN": "B083NJPGPN",
        "title": "Angie Watts FACE. Deep Cleansing Oil, 4oz - All Natural and Organic Ingredients | 100% Vegan | Soap-free | With Organic Hempseed and Tamanu Oil",
        "price": "$30.00 ($30.00 / Count)",
        "listPrice": "",
        "imageUrl": "https://m.media-amazon.com/images/I/411Tl3ru0lL._SL160_.jpg",
        "detailPageURL": "https://www.amazon.com/dp/B083NJPGPN",
        "rating": "4.6",
        "totalReviews": "15",
        "subtitle": "Angie Watts",
        "isPrimeEligible": "1"
    },
    {
        "ASIN": "B091XYQFGN",
        "title": "COSRX Pure Fit Cica Cleansing Oil, 6.76 fl. oz / 200ml | Light Weight Oil Purifying Centella for Sensitive Skin | CICA-7 Complex, Jojoba seed oil",
        "price": "$25.00 ($3.70 / Fl Oz)",
        "listPrice": "",
        "imageUrl": "https://m.media-amazon.com/images/I/31SNfysigZL._SL160_.jpg",
        "detailPageURL": "https://www.amazon.com/dp/B091XYQFGN",
        "rating": "4.2",
        "totalReviews": "73",
        "subtitle": "COSRX",
        "isPrimeEligible": "1"
    },
    {
        "ASIN": "B00P52A3YQ",
        "title": "Easy Go (The Easy Going to all system application)",
        "price": "$0.00",
        "listPrice": "",
        "imageUrl": "https://m.media-amazon.com/images/I/81u-ccK37lL._SL160_.png",
        "detailPageURL": "https://www.amazon.com/dp/B00P52A3YQ",
        "rating": "2.5",
        "totalReviews": "4",
        "subtitle": "",
        "isPrimeEligible": "0"
    },
    {
        "ASIN": "B08358G9LY",
        "title": "BANILA CO Clean It Zero Original Cleansing Balm Makeup Remover, Balm to Oil, Double Cleanse, Face Wash",
        "price": "$17.00 ($5.03 / Fl Oz)",
        "listPrice": "",
        "imageUrl": "https://m.media-amazon.com/images/I/31+pDt9CmNL._SL160_.jpg",
        "detailPageURL": "https://www.amazon.com/dp/B08358G9LY",
        "rating": "4.8",
        "totalReviews": "8779",
        "subtitle": "BANILA CO",
        "isPrimeEligible": "1"
    },
    {
        "ASIN": "B084C2Q1HQ",
        "title": "MAKEPREM Safe me. Relief Moisture Cleansing Oil 7.1 Fl Oz Naturally-Derived Ingredients PHA Formula Makeup Remover Pore Cleansing Blackhead Removal Hypoallergenic and Clinically Tested Oil Cleanser",
        "price": "$24.99 ($3.52 / Fl Oz)",
        "listPrice": "",
        "imageUrl": "https://m.media-amazon.com/images/I/31xkkcziHRL._SL160_.jpg",
        "detailPageURL": "https://www.amazon.com/dp/B084C2Q1HQ",
        "rating": "4.5",
        "totalReviews": "42",
        "subtitle": "MAKEP:REM",
        "isPrimeEligible": "1"
    },
    {
        "ASIN": "B08TQTT8LK",
        "title": "e.l.f. Holy Hydration! Makeup Melting Cleansing Balm, Face Cleanser & Makeup Remover, Infused with Hyaluronic Acid to Hydrate Skin, 2 Oz",
        "price": "$10.82 ($5.41 / Ounce)",
        "listPrice": "",
        "imageUrl": "https://m.media-amazon.com/images/I/31R-Y-dhjEL._SL160_.jpg",
        "detailPageURL": "https://www.amazon.com/dp/B08TQTT8LK",
        "rating": "4.7",
        "totalReviews": "5043",
        "subtitle": "e.l.f.",
        "isPrimeEligible": "1"
    },
    {
        "ASIN": "B09XJZ987L",
        "title": "cleansing oil",
        "price": "$0.69",
        "listPrice": "",
        "imageUrl": "https://m.media-amazon.com/images/I/41vW01ce48L._SL160_.jpg",
        "detailPageURL": "https://www.amazon.com/dp/B09XJZ987L",
        "rating": "",
        "totalReviews": "",
        "subtitle": "",
        "isPrimeEligible": "0"
    },
    {
        "ASIN": "B0C9S86QWF",
        "title": "The Ultimate Guide to Castor Oil: Unleashing the Power of Nature's Elixir",
        "price": "$9.99",
        "listPrice": "",
        "imageUrl": "https://m.media-amazon.com/images/I/41v8J-fF3vL._SL160_.jpg",
        "detailPageURL": "https://www.amazon.com/dp/B0C9S86QWF",
        "rating": "3.4",
        "totalReviews": "18",
        "subtitle": "Lance, Bernadette (Paperback)",
        "isPrimeEligible": "1"
    },
    {
        "ASIN": "B0BY3R55FD",
        "title": "The Wellness Practitioner's Guide to Castor Oil Packs for Colon Cleansing, Liver Detox & Lymphatic Drainage: +Bonus: 12 question self-assessment quiz",
        "price": "$9.97",
        "listPrice": "",
        "imageUrl": "https://m.media-amazon.com/images/I/41U9YZgVE5L._SL160_.jpg",
        "detailPageURL": "https://www.amazon.com/dp/B0BY3R55FD",
        "rating": "",
        "totalReviews": "",
        "subtitle": "",
        "isPrimeEligible": "0"
    },
    {
        "ASIN": "B083NJPGPN",
        "title": "Angie Watts FACE. Deep Cleansing Oil, 4oz - All Natural and Organic Ingredients | 100% Vegan | Soap-free | With Organic Hempseed and Tamanu Oil",
        "price": "$30.00 ($30.00 / Count)",
        "listPrice": "",
        "imageUrl": "https://m.media-amazon.com/images/I/411Tl3ru0lL._SL160_.jpg",
        "detailPageURL": "https://www.amazon.com/dp/B083NJPGPN",
        "rating": "4.6",
        "totalReviews": "15",
        "subtitle": "Angie Watts",
        "isPrimeEligible": "1"
    },
    {
        "ASIN": "B091XYQFGN",
        "title": "COSRX Pure Fit Cica Cleansing Oil, 6.76 fl. oz / 200ml | Light Weight Oil Purifying Centella for Sensitive Skin | CICA-7 Complex, Jojoba seed oil",
        "price": "$25.00 ($3.70 / Fl Oz)",
        "listPrice": "",
        "imageUrl": "https://m.media-amazon.com/images/I/31SNfysigZL._SL160_.jpg",
        "detailPageURL": "https://www.amazon.com/dp/B091XYQFGN",
        "rating": "4.2",
        "totalReviews": "73",
        "subtitle": "COSRX",
        "isPrimeEligible": "1"
    },
    {
        "ASIN": "B00P52A3YQ",
        "title": "Easy Go (The Easy Going to all system application)",
        "price": "$0.00",
        "listPrice": "",
        "imageUrl": "https://m.media-amazon.com/images/I/81u-ccK37lL._SL160_.png",
        "detailPageURL": "https://www.amazon.com/dp/B00P52A3YQ",
        "rating": "2.5",
        "totalReviews": "4",
        "subtitle": "",
        "isPrimeEligible": "0"
    },
    {
        "ASIN": "B07GH6NSS8",
        "title": "Hadalabo Gokujun Oil Cleansing Refill 180ML",
        "price": "$10.96 ($1.85 / Fl Oz)",
        "listPrice": "",
        "imageUrl": "https://m.media-amazon.com/images/I/41YfobCNYYL._SL160_.jpg",
        "detailPageURL": "https://www.amazon.com/dp/B07GH6NSS8",
        "rating": "4.8",
        "totalReviews": "1613",
        "subtitle": "Hada Labo",
        "isPrimeEligible": "1"
    },
    {
        "ASIN": "B084C2Q1HQ",
        "title": "MAKEPREM Safe me. Relief Moisture Cleansing Oil 7.1 Fl Oz Naturally-Derived Ingredients PHA Formula Makeup Remover Pore Cleansing Blackhead Removal Hypoallergenic and Clinically Tested Oil Cleanser",
        "price": "$24.99 ($3.52 / Fl Oz)",
        "listPrice": "",
        "imageUrl": "https://m.media-amazon.com/images/I/31xkkcziHRL._SL160_.jpg",
        "detailPageURL": "https://www.amazon.com/dp/B084C2Q1HQ",
        "rating": "4.5",
        "totalReviews": "42",
        "subtitle": "MAKEP:REM",
        "isPrimeEligible": "1"
    },
    {
        "ASIN": "B08TQTT8LK",
        "title": "e.l.f. Holy Hydration! Makeup Melting Cleansing Balm, Face Cleanser & Makeup Remover, Infused with Hyaluronic Acid to Hydrate Skin, 2 Oz",
        "price": "$10.82 ($5.41 / Ounce)",
        "listPrice": "",
        "imageUrl": "https://m.media-amazon.com/images/I/31R-Y-dhjEL._SL160_.jpg",
        "detailPageURL": "https://www.amazon.com/dp/B08TQTT8LK",
        "rating": "4.7",
        "totalReviews": "5043",
        "subtitle": "e.l.f.",
        "isPrimeEligible": "1"
    },
    {
        "ASIN": "B09XJZ987L",
        "title": "cleansing oil",
        "price": "$0.69",
        "listPrice": "",
        "imageUrl": "https://m.media-amazon.com/images/I/41vW01ce48L._SL160_.jpg",
        "detailPageURL": "https://www.amazon.com/dp/B09XJZ987L",
        "rating": "",
        "totalReviews": "",
        "subtitle": "",
        "isPrimeEligible": "0"
    },
    {
        "ASIN": "B0C9S86QWF",
        "title": "The Ultimate Guide to Castor Oil: Unleashing the Power of Nature's Elixir",
        "price": "$9.99",
        "listPrice": "",
        "imageUrl": "https://m.media-amazon.com/images/I/41v8J-fF3vL._SL160_.jpg",
        "detailPageURL": "https://www.amazon.com/dp/B0C9S86QWF",
        "rating": "3.4",
        "totalReviews": "18",
        "subtitle": "Lance, Bernadette (Paperback)",
        "isPrimeEligible": "1"
    },
    {
        "ASIN": "B0BY3R55FD",
        "title": "The Wellness Practitioner's Guide to Castor Oil Packs for Colon Cleansing, Liver Detox & Lymphatic Drainage: +Bonus: 12 question self-assessment quiz",
        "price": "$9.97",
        "listPrice": "",
        "imageUrl": "https://m.media-amazon.com/images/I/41U9YZgVE5L._SL160_.jpg",
        "detailPageURL": "https://www.amazon.com/dp/B0BY3R55FD",
        "rating": "",
        "totalReviews": "",
        "subtitle": "",
        "isPrimeEligible": "0"
    },
    {
        "ASIN": "B083NJPGPN",
        "title": "Angie Watts FACE. Deep Cleansing Oil, 4oz - All Natural and Organic Ingredients | 100% Vegan | Soap-free | With Organic Hempseed and Tamanu Oil",
        "price": "$30.00 ($30.00 / Count)",
        "listPrice": "",
        "imageUrl": "https://m.media-amazon.com/images/I/411Tl3ru0lL._SL160_.jpg",
        "detailPageURL": "https://www.amazon.com/dp/B083NJPGPN",
        "rating": "4.6",
        "totalReviews": "15",
        "subtitle": "Angie Watts",
        "isPrimeEligible": "1"
    },
    {
        "ASIN": "B091XYQFGN",
        "title": "COSRX Pure Fit Cica Cleansing Oil, 6.76 fl. oz / 200ml | Light Weight Oil Purifying Centella for Sensitive Skin | CICA-7 Complex, Jojoba seed oil",
        "price": "$25.00 ($3.70 / Fl Oz)",
        "listPrice": "",
        "imageUrl": "https://m.media-amazon.com/images/I/31SNfysigZL._SL160_.jpg",
        "detailPageURL": "https://www.amazon.com/dp/B091XYQFGN",
        "rating": "4.2",
        "totalReviews": "73",
        "subtitle": "COSRX",
        "isPrimeEligible": "1"
    },
    {
        "ASIN": "B00P52A3YQ",
        "title": "Easy Go (The Easy Going to all system application)",
        "price": "$0.00",
        "listPrice": "",
        "imageUrl": "https://m.media-amazon.com/images/I/81u-ccK37lL._SL160_.png",
        "detailPageURL": "https://www.amazon.com/dp/B00P52A3YQ",
        "rating": "2.5",
        "totalReviews": "4",
        "subtitle": "",
        "isPrimeEligible": "0"
    },
    {
        "ASIN": "B07GH6NSS8",
        "title": "Hadalabo Gokujun Oil Cleansing Refill 180ML",
        "price": "$10.96 ($1.85 / Fl Oz)",
        "listPrice": "",
        "imageUrl": "https://m.media-amazon.com/images/I/41YfobCNYYL._SL160_.jpg",
        "detailPageURL": "https://www.amazon.com/dp/B07GH6NSS8",
        "rating": "4.8",
        "totalReviews": "1613",
        "subtitle": "Hada Labo",
        "isPrimeEligible": "1"
    },
    {
        "ASIN": "B08Q3CQM7X",
        "title": "JUNO & Co. Clean 10 Cleansing Balm 10 Ingredients Makeup Remover 85g / 3.0oz",
        "price": "$14.99 ($5.00 / Ounce)",
        "listPrice": "$19.99 ($6.66 / Ounce)",
        "imageUrl": "https://m.media-amazon.com/images/I/31edyzkByfL._SL160_.jpg",
        "detailPageURL": "https://www.amazon.com/dp/B08Q3CQM7X",
        "rating": "4.6",
        "totalReviews": "14885",
        "subtitle": "JUNO & Co.",
        "isPrimeEligible": "1"
    },
    {
        "ASIN": "B08TQTT8LK",
        "title": "e.l.f. Holy Hydration! Makeup Melting Cleansing Balm, Face Cleanser & Makeup Remover, Infused with Hyaluronic Acid to Hydrate Skin, 2 Oz",
        "price": "$10.82 ($5.41 / Ounce)",
        "listPrice": "",
        "imageUrl": "https://m.media-amazon.com/images/I/31R-Y-dhjEL._SL160_.jpg",
        "detailPageURL": "https://www.amazon.com/dp/B08TQTT8LK",
        "rating": "4.7",
        "totalReviews": "5043",
        "subtitle": "e.l.f.",
        "isPrimeEligible": "1"
    },
    {
        "ASIN": "B09XJZ987L",
        "title": "cleansing oil",
        "price": "$0.69",
        "listPrice": "",
        "imageUrl": "https://m.media-amazon.com/images/I/41vW01ce48L._SL160_.jpg",
        "detailPageURL": "https://www.amazon.com/dp/B09XJZ987L",
        "rating": "",
        "totalReviews": "",
        "subtitle": "",
        "isPrimeEligible": "0"
    },
    {
        "ASIN": "B0C9S86QWF",
        "title": "The Ultimate Guide to Castor Oil: Unleashing the Power of Nature's Elixir",
        "price": "$9.99",
        "listPrice": "",
        "imageUrl": "https://m.media-amazon.com/images/I/41v8J-fF3vL._SL160_.jpg",
        "detailPageURL": "https://www.amazon.com/dp/B0C9S86QWF",
        "rating": "3.4",
        "totalReviews": "18",
        "subtitle": "Lance, Bernadette (Paperback)",
        "isPrimeEligible": "1"
    },
    {
        "ASIN": "B0BY3R55FD",
        "title": "The Wellness Practitioner's Guide to Castor Oil Packs for Colon Cleansing, Liver Detox & Lymphatic Drainage: +Bonus: 12 question self-assessment quiz",
        "price": "$9.97",
        "listPrice": "",
        "imageUrl": "https://m.media-amazon.com/images/I/41U9YZgVE5L._SL160_.jpg",
        "detailPageURL": "https://www.amazon.com/dp/B0BY3R55FD",
        "rating": "",
        "totalReviews": "",
        "subtitle": "",
        "isPrimeEligible": "0"
    },
    {
        "ASIN": "B083NJPGPN",
        "title": "Angie Watts FACE. Deep Cleansing Oil, 4oz - All Natural and Organic Ingredients | 100% Vegan | Soap-free | With Organic Hempseed and Tamanu Oil",
        "price": "$30.00 ($30.00 / Count)",
        "listPrice": "",
        "imageUrl": "https://m.media-amazon.com/images/I/411Tl3ru0lL._SL160_.jpg",
        "detailPageURL": "https://www.amazon.com/dp/B083NJPGPN",
        "rating": "4.6",
        "totalReviews": "15",
        "subtitle": "Angie Watts",
        "isPrimeEligible": "1"
    },
    {
        "ASIN": "B091XYQFGN",
        "title": "COSRX Pure Fit Cica Cleansing Oil, 6.76 fl. oz / 200ml | Light Weight Oil Purifying Centella for Sensitive Skin | CICA-7 Complex, Jojoba seed oil",
        "price": "$25.00 ($3.70 / Fl Oz)",
        "listPrice": "",
        "imageUrl": "https://m.media-amazon.com/images/I/31SNfysigZL._SL160_.jpg",
        "detailPageURL": "https://www.amazon.com/dp/B091XYQFGN",
        "rating": "4.2",
        "totalReviews": "73",
        "subtitle": "COSRX",
        "isPrimeEligible": "1"
    },
    {
        "ASIN": "B00P52A3YQ",
        "title": "Easy Go (The Easy Going to all system application)",
        "price": "$0.00",
        "listPrice": "",
        "imageUrl": "https://m.media-amazon.com/images/I/81u-ccK37lL._SL160_.png",
        "detailPageURL": "https://www.amazon.com/dp/B00P52A3YQ",
        "rating": "2.5",
        "totalReviews": "4",
        "subtitle": "",
        "isPrimeEligible": "0"
    },
    {
        "ASIN": "B07GH6NSS8",
        "title": "Hadalabo Gokujun Oil Cleansing Refill 180ML",
        "price": "$10.96 ($1.85 / Fl Oz)",
        "listPrice": "",
        "imageUrl": "https://m.media-amazon.com/images/I/41YfobCNYYL._SL160_.jpg",
        "detailPageURL": "https://www.amazon.com/dp/B07GH6NSS8",
        "rating": "4.8",
        "totalReviews": "1613",
        "subtitle": "Hada Labo",
        "isPrimeEligible": "1"
    },
    {
        "ASIN": "B08Q3CQM7X",
        "title": "JUNO & Co. Clean 10 Cleansing Balm 10 Ingredients Makeup Remover 85g / 3.0oz",
        "price": "$14.99 ($5.00 / Ounce)",
        "listPrice": "$19.99 ($6.66 / Ounce)",
        "imageUrl": "https://m.media-amazon.com/images/I/31edyzkByfL._SL160_.jpg",
        "detailPageURL": "https://www.amazon.com/dp/B08Q3CQM7X",
        "rating": "4.6",
        "totalReviews": "14885",
        "subtitle": "JUNO & Co.",
        "isPrimeEligible": "1"
    },
    {
        "ASIN": "B09LCWM6X7",
        "title": "numbuzin No.1 Easy Peasy Cleansing Oil | Makeup Removing Facial Cleanser, Blackheads Removal, Unclogs Pores, Non-heavy, nature-derived ingredients | Korean Skin Care for Face, 6.76 fl oz",
        "price": "$16.90 ($2.49 / Fl Oz)",
        "listPrice": "$28.00 ($4.12 / Fl Oz)",
        "imageUrl": "https://m.media-amazon.com/images/I/3161EElMpQL._SL160_.jpg",
        "detailPageURL": "https://www.amazon.com/dp/B09LCWM6X7",
        "rating": "4.4",
        "totalReviews": "326",
        "subtitle": "numbuzin",
        "isPrimeEligible": "1"
    },
    {
        "ASIN": "B09XJZ987L",
        "title": "cleansing oil",
        "price": "$0.69",
        "listPrice": "",
        "imageUrl": "https://m.media-amazon.com/images/I/41vW01ce48L._SL160_.jpg",
        "detailPageURL": "https://www.amazon.com/dp/B09XJZ987L",
        "rating": "",
        "totalReviews": "",
        "subtitle": "",
        "isPrimeEligible": "0"
    },
    {
        "ASIN": "B0C9S86QWF",
        "title": "The Ultimate Guide to Castor Oil: Unleashing the Power of Nature's Elixir",
        "price": "$9.99",
        "listPrice": "",
        "imageUrl": "https://m.media-amazon.com/images/I/41v8J-fF3vL._SL160_.jpg",
        "detailPageURL": "https://www.amazon.com/dp/B0C9S86QWF",
        "rating": "3.4",
        "totalReviews": "18",
        "subtitle": "Lance, Bernadette (Paperback)",
        "isPrimeEligible": "1"
    },
    {
        "ASIN": "B0BY3R55FD",
        "title": "The Wellness Practitioner's Guide to Castor Oil Packs for Colon Cleansing, Liver Detox & Lymphatic Drainage: +Bonus: 12 question self-assessment quiz",
        "price": "$9.97",
        "listPrice": "",
        "imageUrl": "https://m.media-amazon.com/images/I/41U9YZgVE5L._SL160_.jpg",
        "detailPageURL": "https://www.amazon.com/dp/B0BY3R55FD",
        "rating": "",
        "totalReviews": "",
        "subtitle": "",
        "isPrimeEligible": "0"
    },
    {
        "ASIN": "B083NJPGPN",
        "title": "Angie Watts FACE. Deep Cleansing Oil, 4oz - All Natural and Organic Ingredients | 100% Vegan | Soap-free | With Organic Hempseed and Tamanu Oil",
        "price": "$30.00 ($30.00 / Count)",
        "listPrice": "",
        "imageUrl": "https://m.media-amazon.com/images/I/411Tl3ru0lL._SL160_.jpg",
        "detailPageURL": "https://www.amazon.com/dp/B083NJPGPN",
        "rating": "4.6",
        "totalReviews": "15",
        "subtitle": "Angie Watts",
        "isPrimeEligible": "1"
    },
    {
        "ASIN": "B091XYQFGN",
        "title": "COSRX Pure Fit Cica Cleansing Oil, 6.76 fl. oz / 200ml | Light Weight Oil Purifying Centella for Sensitive Skin | CICA-7 Complex, Jojoba seed oil",
        "price": "$25.00 ($3.70 / Fl Oz)",
        "listPrice": "",
        "imageUrl": "https://m.media-amazon.com/images/I/31SNfysigZL._SL160_.jpg",
        "detailPageURL": "https://www.amazon.com/dp/B091XYQFGN",
        "rating": "4.2",
        "totalReviews": "73",
        "subtitle": "COSRX",
        "isPrimeEligible": "1"
    },
    {
        "ASIN": "B00P52A3YQ",
        "title": "Easy Go (The Easy Going to all system application)",
        "price": "$0.00",
        "listPrice": "",
        "imageUrl": "https://m.media-amazon.com/images/I/81u-ccK37lL._SL160_.png",
        "detailPageURL": "https://www.amazon.com/dp/B00P52A3YQ",
        "rating": "2.5",
        "totalReviews": "4",
        "subtitle": "",
        "isPrimeEligible": "0"
    },
    {
        "ASIN": "B07GH6NSS8",
        "title": "Hadalabo Gokujun Oil Cleansing Refill 180ML",
        "price": "$10.96 ($1.85 / Fl Oz)",
        "listPrice": "",
        "imageUrl": "https://m.media-amazon.com/images/I/41YfobCNYYL._SL160_.jpg",
        "detailPageURL": "https://www.amazon.com/dp/B07GH6NSS8",
        "rating": "4.8",
        "totalReviews": "1613",
        "subtitle": "Hada Labo",
        "isPrimeEligible": "1"
    },
    {
        "ASIN": "B08Q3CQM7X",
        "title": "JUNO & Co. Clean 10 Cleansing Balm 10 Ingredients Makeup Remover 85g / 3.0oz",
        "price": "$14.99 ($5.00 / Ounce)",
        "listPrice": "$19.99 ($6.66 / Ounce)",
        "imageUrl": "https://m.media-amazon.com/images/I/31edyzkByfL._SL160_.jpg",
        "detailPageURL": "https://www.amazon.com/dp/B08Q3CQM7X",
        "rating": "4.6",
        "totalReviews": "14885",
        "subtitle": "JUNO & Co.",
        "isPrimeEligible": "1"
    },
    {
        "ASIN": "B09LCWM6X7",
        "title": "numbuzin No.1 Easy Peasy Cleansing Oil | Makeup Removing Facial Cleanser, Blackheads Removal, Unclogs Pores, Non-heavy, nature-derived ingredients | Korean Skin Care for Face, 6.76 fl oz",
        "price": "$16.90 ($2.49 / Fl Oz)",
        "listPrice": "$28.00 ($4.12 / Fl Oz)",
        "imageUrl": "https://m.media-amazon.com/images/I/3161EElMpQL._SL160_.jpg",
        "detailPageURL": "https://www.amazon.com/dp/B09LCWM6X7",
        "rating": "4.4",
        "totalReviews": "326",
        "subtitle": "numbuzin",
        "isPrimeEligible": "1"
    },
    {
        "ASIN": "B0151RHR3E",
        "title": "Burt's Bees 100% Natural Facial Cleansing Oil for Normal to Dry Skin, 6 Oz (Package May Vary)",
        "price": "$16.84 ($2.81 / Fl Oz)",
        "listPrice": "",
        "imageUrl": "https://m.media-amazon.com/images/I/31UCiAX1QvL._SL160_.jpg",
        "detailPageURL": "https://www.amazon.com/dp/B0151RHR3E",
        "rating": "4.5",
        "totalReviews": "4043",
        "subtitle": "Burt's Bees",
        "isPrimeEligible": "1"
    },
    {
        "ASIN": "B0C9S86QWF",
        "title": "The Ultimate Guide to Castor Oil: Unleashing the Power of Nature's Elixir",
        "price": "$9.99",
        "listPrice": "",
        "imageUrl": "https://m.media-amazon.com/images/I/41v8J-fF3vL._SL160_.jpg",
        "detailPageURL": "https://www.amazon.com/dp/B0C9S86QWF",
        "rating": "3.4",
        "totalReviews": "18",
        "subtitle": "Lance, Bernadette (Paperback)",
        "isPrimeEligible": "1"
    },
    {
        "ASIN": "B0BY3R55FD",
        "title": "The Wellness Practitioner's Guide to Castor Oil Packs for Colon Cleansing, Liver Detox & Lymphatic Drainage: +Bonus: 12 question self-assessment quiz",
        "price": "$9.97",
        "listPrice": "",
        "imageUrl": "https://m.media-amazon.com/images/I/41U9YZgVE5L._SL160_.jpg",
        "detailPageURL": "https://www.amazon.com/dp/B0BY3R55FD",
        "rating": "",
        "totalReviews": "",
        "subtitle": "",
        "isPrimeEligible": "0"
    },
    {
        "ASIN": "B083NJPGPN",
        "title": "Angie Watts FACE. Deep Cleansing Oil, 4oz - All Natural and Organic Ingredients | 100% Vegan | Soap-free | With Organic Hempseed and Tamanu Oil",
        "price": "$30.00 ($30.00 / Count)",
        "listPrice": "",
        "imageUrl": "https://m.media-amazon.com/images/I/411Tl3ru0lL._SL160_.jpg",
        "detailPageURL": "https://www.amazon.com/dp/B083NJPGPN",
        "rating": "4.6",
        "totalReviews": "15",
        "subtitle": "Angie Watts",
        "isPrimeEligible": "1"
    },
    {
        "ASIN": "B091XYQFGN",
        "title": "COSRX Pure Fit Cica Cleansing Oil, 6.76 fl. oz / 200ml | Light Weight Oil Purifying Centella for Sensitive Skin | CICA-7 Complex, Jojoba seed oil",
        "price": "$25.00 ($3.70 / Fl Oz)",
        "listPrice": "",
        "imageUrl": "https://m.media-amazon.com/images/I/31SNfysigZL._SL160_.jpg",
        "detailPageURL": "https://www.amazon.com/dp/B091XYQFGN",
        "rating": "4.2",
        "totalReviews": "73",
        "subtitle": "COSRX",
        "isPrimeEligible": "1"
    },
    {
        "ASIN": "B00P52A3YQ",
        "title": "Easy Go (The Easy Going to all system application)",
        "price": "$0.00",
        "listPrice": "",
        "imageUrl": "https://m.media-amazon.com/images/I/81u-ccK37lL._SL160_.png",
        "detailPageURL": "https://www.amazon.com/dp/B00P52A3YQ",
        "rating": "2.5",
        "totalReviews": "4",
        "subtitle": "",
        "isPrimeEligible": "0"
    },
    {
        "ASIN": "B07GH6NSS8",
        "title": "Hadalabo Gokujun Oil Cleansing Refill 180ML",
        "price": "$10.96 ($1.85 / Fl Oz)",
        "listPrice": "",
        "imageUrl": "https://m.media-amazon.com/images/I/41YfobCNYYL._SL160_.jpg",
        "detailPageURL": "https://www.amazon.com/dp/B07GH6NSS8",
        "rating": "4.8",
        "totalReviews": "1613",
        "subtitle": "Hada Labo",
        "isPrimeEligible": "1"
    },
    {
        "ASIN": "B08Q3CQM7X",
        "title": "JUNO & Co. Clean 10 Cleansing Balm 10 Ingredients Makeup Remover 85g / 3.0oz",
        "price": "$14.99 ($5.00 / Ounce)",
        "listPrice": "$19.99 ($6.66 / Ounce)",
        "imageUrl": "https://m.media-amazon.com/images/I/31edyzkByfL._SL160_.jpg",
        "detailPageURL": "https://www.amazon.com/dp/B08Q3CQM7X",
        "rating": "4.6",
        "totalReviews": "14885",
        "subtitle": "JUNO & Co.",
        "isPrimeEligible": "1"
    },
    {
        "ASIN": "B09LCWM6X7",
        "title": "numbuzin No.1 Easy Peasy Cleansing Oil | Makeup Removing Facial Cleanser, Blackheads Removal, Unclogs Pores, Non-heavy, nature-derived ingredients | Korean Skin Care for Face, 6.76 fl oz",
        "price": "$16.90 ($2.49 / Fl Oz)",
        "listPrice": "$28.00 ($4.12 / Fl Oz)",
        "imageUrl": "https://m.media-amazon.com/images/I/3161EElMpQL._SL160_.jpg",
        "detailPageURL": "https://www.amazon.com/dp/B09LCWM6X7",
        "rating": "4.4",
        "totalReviews": "326",
        "subtitle": "numbuzin",
        "isPrimeEligible": "1"
    },
    {
        "ASIN": "B0151RHR3E",
        "title": "Burt's Bees 100% Natural Facial Cleansing Oil for Normal to Dry Skin, 6 Oz (Package May Vary)",
        "price": "$16.84 ($2.81 / Fl Oz)",
        "listPrice": "",
        "imageUrl": "https://m.media-amazon.com/images/I/31UCiAX1QvL._SL160_.jpg",
        "detailPageURL": "https://www.amazon.com/dp/B0151RHR3E",
        "rating": "4.5",
        "totalReviews": "4043",
        "subtitle": "Burt's Bees",
        "isPrimeEligible": "1"
    },
    {
        "ASIN": "B06X3QNN21",
        "title": "Refillable Plastic Clear Flat Pumps Lotion Cream Cleansing Oil Dispenser Bottle Travel Bottles Pump Bottle Make Up Cosmetic Container Holder Pack of 3 (200ml)",
        "price": "$10.85",
        "listPrice": "",
        "imageUrl": "https://m.media-amazon.com/images/I/31Pwe4ZzRAL._SL160_.jpg",
        "detailPageURL": "https://www.amazon.com/dp/B06X3QNN21",
        "rating": "4.0",
        "totalReviews": "21",
        "subtitle": "",
        "isPrimeEligible": "1"
    },
    {
        "ASIN": "B0BY3R55FD",
        "title": "The Wellness Practitioner's Guide to Castor Oil Packs for Colon Cleansing, Liver Detox & Lymphatic Drainage: +Bonus: 12 question self-assessment quiz",
        "price": "$9.97",
        "listPrice": "",
        "imageUrl": "https://m.media-amazon.com/images/I/41U9YZgVE5L._SL160_.jpg",
        "detailPageURL": "https://www.amazon.com/dp/B0BY3R55FD",
        "rating": "",
        "totalReviews": "",
        "subtitle": "",
        "isPrimeEligible": "0"
    },
    {
        "ASIN": "B083NJPGPN",
        "title": "Angie Watts FACE. Deep Cleansing Oil, 4oz - All Natural and Organic Ingredients | 100% Vegan | Soap-free | With Organic Hempseed and Tamanu Oil",
        "price": "$30.00 ($30.00 / Count)",
        "listPrice": "",
        "imageUrl": "https://m.media-amazon.com/images/I/411Tl3ru0lL._SL160_.jpg",
        "detailPageURL": "https://www.amazon.com/dp/B083NJPGPN",
        "rating": "4.6",
        "totalReviews": "15",
        "subtitle": "Angie Watts",
        "isPrimeEligible": "1"
    },
    {
        "ASIN": "B091XYQFGN",
        "title": "COSRX Pure Fit Cica Cleansing Oil, 6.76 fl. oz / 200ml | Light Weight Oil Purifying Centella for Sensitive Skin | CICA-7 Complex, Jojoba seed oil",
        "price": "$25.00 ($3.70 / Fl Oz)",
        "listPrice": "",
        "imageUrl": "https://m.media-amazon.com/images/I/31SNfysigZL._SL160_.jpg",
        "detailPageURL": "https://www.amazon.com/dp/B091XYQFGN",
        "rating": "4.2",
        "totalReviews": "73",
        "subtitle": "COSRX",
        "isPrimeEligible": "1"
    },
    {
        "ASIN": "B00P52A3YQ",
        "title": "Easy Go (The Easy Going to all system application)",
        "price": "$0.00",
        "listPrice": "",
        "imageUrl": "https://m.media-amazon.com/images/I/81u-ccK37lL._SL160_.png",
        "detailPageURL": "https://www.amazon.com/dp/B00P52A3YQ",
        "rating": "2.5",
        "totalReviews": "4",
        "subtitle": "",
        "isPrimeEligible": "0"
    },
    {
        "ASIN": "B07GH6NSS8",
        "title": "Hadalabo Gokujun Oil Cleansing Refill 180ML",
        "price": "$10.96 ($1.85 / Fl Oz)",
        "listPrice": "",
        "imageUrl": "https://m.media-amazon.com/images/I/41YfobCNYYL._SL160_.jpg",
        "detailPageURL": "https://www.amazon.com/dp/B07GH6NSS8",
        "rating": "4.8",
        "totalReviews": "1613",
        "subtitle": "Hada Labo",
        "isPrimeEligible": "1"
    },
    {
        "ASIN": "B08Q3CQM7X",
        "title": "JUNO & Co. Clean 10 Cleansing Balm 10 Ingredients Makeup Remover 85g / 3.0oz",
        "price": "$14.99 ($5.00 / Ounce)",
        "listPrice": "$19.99 ($6.66 / Ounce)",
        "imageUrl": "https://m.media-amazon.com/images/I/31edyzkByfL._SL160_.jpg",
        "detailPageURL": "https://www.amazon.com/dp/B08Q3CQM7X",
        "rating": "4.6",
        "totalReviews": "14885",
        "subtitle": "JUNO & Co.",
        "isPrimeEligible": "1"
    },
    {
        "ASIN": "B09LCWM6X7",
        "title": "numbuzin No.1 Easy Peasy Cleansing Oil | Makeup Removing Facial Cleanser, Blackheads Removal, Unclogs Pores, Non-heavy, nature-derived ingredients | Korean Skin Care for Face, 6.76 fl oz",
        "price": "$16.90 ($2.49 / Fl Oz)",
        "listPrice": "$28.00 ($4.12 / Fl Oz)",
        "imageUrl": "https://m.media-amazon.com/images/I/3161EElMpQL._SL160_.jpg",
        "detailPageURL": "https://www.amazon.com/dp/B09LCWM6X7",
        "rating": "4.4",
        "totalReviews": "326",
        "subtitle": "numbuzin",
        "isPrimeEligible": "1"
    },
    {
        "ASIN": "B0151RHR3E",
        "title": "Burt's Bees 100% Natural Facial Cleansing Oil for Normal to Dry Skin, 6 Oz (Package May Vary)",
        "price": "$16.84 ($2.81 / Fl Oz)",
        "listPrice": "",
        "imageUrl": "https://m.media-amazon.com/images/I/31UCiAX1QvL._SL160_.jpg",
        "detailPageURL": "https://www.amazon.com/dp/B0151RHR3E",
        "rating": "4.5",
        "totalReviews": "4043",
        "subtitle": "Burt's Bees",
        "isPrimeEligible": "1"
    },
    {
        "ASIN": "B06X3QNN21",
        "title": "Refillable Plastic Clear Flat Pumps Lotion Cream Cleansing Oil Dispenser Bottle Travel Bottles Pump Bottle Make Up Cosmetic Container Holder Pack of 3 (200ml)",
        "price": "$10.85",
        "listPrice": "",
        "imageUrl": "https://m.media-amazon.com/images/I/31Pwe4ZzRAL._SL160_.jpg",
        "detailPageURL": "https://www.amazon.com/dp/B06X3QNN21",
        "rating": "4.0",
        "totalReviews": "21",
        "subtitle": "",
        "isPrimeEligible": "1"
    },
    {
        "ASIN": "B00II5RSEU",
        "title": "KontrolFreek CleanFreek Cleaner for Gaming Gear (2.7 fl oz) | Cleaner for Controllers, Mice, Smartphones, Tablets, Monitors, and Glasses",
        "price": "$12.99",
        "listPrice": "",
        "imageUrl": "https://m.media-amazon.com/images/I/41JS5TNieyL._SL160_.jpg",
        "detailPageURL": "https://www.amazon.com/dp/B00II5RSEU",
        "rating": "4.6",
        "totalReviews": "290",
        "subtitle": "",
        "isPrimeEligible": "1"
    },
    {
        "ASIN": "B083NJPGPN",
        "title": "Angie Watts FACE. Deep Cleansing Oil, 4oz - All Natural and Organic Ingredients | 100% Vegan | Soap-free | With Organic Hempseed and Tamanu Oil",
        "price": "$30.00 ($30.00 / Count)",
        "listPrice": "",
        "imageUrl": "https://m.media-amazon.com/images/I/411Tl3ru0lL._SL160_.jpg",
        "detailPageURL": "https://www.amazon.com/dp/B083NJPGPN",
        "rating": "4.6",
        "totalReviews": "15",
        "subtitle": "Angie Watts",
        "isPrimeEligible": "1"
    },
    {
        "ASIN": "B091XYQFGN",
        "title": "COSRX Pure Fit Cica Cleansing Oil, 6.76 fl. oz / 200ml | Light Weight Oil Purifying Centella for Sensitive Skin | CICA-7 Complex, Jojoba seed oil",
        "price": "$25.00 ($3.70 / Fl Oz)",
        "listPrice": "",
        "imageUrl": "https://m.media-amazon.com/images/I/31SNfysigZL._SL160_.jpg",
        "detailPageURL": "https://www.amazon.com/dp/B091XYQFGN",
        "rating": "4.2",
        "totalReviews": "73",
        "subtitle": "COSRX",
        "isPrimeEligible": "1"
    },
    {
        "ASIN": "B00P52A3YQ",
        "title": "Easy Go (The Easy Going to all system application)",
        "price": "$0.00",
        "listPrice": "",
        "imageUrl": "https://m.media-amazon.com/images/I/81u-ccK37lL._SL160_.png",
        "detailPageURL": "https://www.amazon.com/dp/B00P52A3YQ",
        "rating": "2.5",
        "totalReviews": "4",
        "subtitle": "",
        "isPrimeEligible": "0"
    },
    {
        "ASIN": "B07GH6NSS8",
        "title": "Hadalabo Gokujun Oil Cleansing Refill 180ML",
        "price": "$10.96 ($1.85 / Fl Oz)",
        "listPrice": "",
        "imageUrl": "https://m.media-amazon.com/images/I/41YfobCNYYL._SL160_.jpg",
        "detailPageURL": "https://www.amazon.com/dp/B07GH6NSS8",
        "rating": "4.8",
        "totalReviews": "1613",
        "subtitle": "Hada Labo",
        "isPrimeEligible": "1"
    },
    {
        "ASIN": "B08Q3CQM7X",
        "title": "JUNO & Co. Clean 10 Cleansing Balm 10 Ingredients Makeup Remover 85g / 3.0oz",
        "price": "$14.99 ($5.00 / Ounce)",
        "listPrice": "$19.99 ($6.66 / Ounce)",
        "imageUrl": "https://m.media-amazon.com/images/I/31edyzkByfL._SL160_.jpg",
        "detailPageURL": "https://www.amazon.com/dp/B08Q3CQM7X",
        "rating": "4.6",
        "totalReviews": "14885",
        "subtitle": "JUNO & Co.",
        "isPrimeEligible": "1"
    },
    {
        "ASIN": "B09LCWM6X7",
        "title": "numbuzin No.1 Easy Peasy Cleansing Oil | Makeup Removing Facial Cleanser, Blackheads Removal, Unclogs Pores, Non-heavy, nature-derived ingredients | Korean Skin Care for Face, 6.76 fl oz",
        "price": "$16.90 ($2.49 / Fl Oz)",
        "listPrice": "$28.00 ($4.12 / Fl Oz)",
        "imageUrl": "https://m.media-amazon.com/images/I/3161EElMpQL._SL160_.jpg",
        "detailPageURL": "https://www.amazon.com/dp/B09LCWM6X7",
        "rating": "4.4",
        "totalReviews": "326",
        "subtitle": "numbuzin",
        "isPrimeEligible": "1"
    },
    {
        "ASIN": "B0151RHR3E",
        "title": "Burt's Bees 100% Natural Facial Cleansing Oil for Normal to Dry Skin, 6 Oz (Package May Vary)",
        "price": "$16.84 ($2.81 / Fl Oz)",
        "listPrice": "",
        "imageUrl": "https://m.media-amazon.com/images/I/31UCiAX1QvL._SL160_.jpg",
        "detailPageURL": "https://www.amazon.com/dp/B0151RHR3E",
        "rating": "4.5",
        "totalReviews": "4043",
        "subtitle": "Burt's Bees",
        "isPrimeEligible": "1"
    },
    {
        "ASIN": "B06X3QNN21",
        "title": "Refillable Plastic Clear Flat Pumps Lotion Cream Cleansing Oil Dispenser Bottle Travel Bottles Pump Bottle Make Up Cosmetic Container Holder Pack of 3 (200ml)",
        "price": "$10.85",
        "listPrice": "",
        "imageUrl": "https://m.media-amazon.com/images/I/31Pwe4ZzRAL._SL160_.jpg",
        "detailPageURL": "https://www.amazon.com/dp/B06X3QNN21",
        "rating": "4.0",
        "totalReviews": "21",
        "subtitle": "",
        "isPrimeEligible": "1"
    },
    {
        "ASIN": "B00II5RSEU",
        "title": "KontrolFreek CleanFreek Cleaner for Gaming Gear (2.7 fl oz) | Cleaner for Controllers, Mice, Smartphones, Tablets, Monitors, and Glasses",
        "price": "$12.99",
        "listPrice": "",
        "imageUrl": "https://m.media-amazon.com/images/I/41JS5TNieyL._SL160_.jpg",
        "detailPageURL": "https://www.amazon.com/dp/B00II5RSEU",
        "rating": "4.6",
        "totalReviews": "290",
        "subtitle": "",
        "isPrimeEligible": "1"
    },
    {
        "ASIN": "B08DG5RTH8",
        "title": "Soo'AE Hemp Dreams Cleansing Oil - Hemp Seed Oil Cleanser Makeup Remover Daily Makeup Cleansing Oil Facial Cleanser, 4.05 fl. oz 120 ml Daily blackhead remover Face Wash, Hydrating, K Beauty, All skin oil based cleanser",
        "price": "$9.95 ($2.45 / Fl Oz)",
        "listPrice": "$19.00 ($4.68 / Fl Oz)",
        "imageUrl": "https://m.media-amazon.com/images/I/31uDqMsWZrL._SL160_.jpg",
        "detailPageURL": "https://www.amazon.com/dp/B08DG5RTH8",
        "rating": "4.4",
        "totalReviews": "14",
        "subtitle": "SOOAE",
        "isPrimeEligible": "1"
    },
    {
        "ASIN": "B091XYQFGN",
        "title": "COSRX Pure Fit Cica Cleansing Oil, 6.76 fl. oz / 200ml | Light Weight Oil Purifying Centella for Sensitive Skin | CICA-7 Complex, Jojoba seed oil",
        "price": "$25.00 ($3.70 / Fl Oz)",
        "listPrice": "",
        "imageUrl": "https://m.media-amazon.com/images/I/31SNfysigZL._SL160_.jpg",
        "detailPageURL": "https://www.amazon.com/dp/B091XYQFGN",
        "rating": "4.2",
        "totalReviews": "73",
        "subtitle": "COSRX",
        "isPrimeEligible": "1"
    },
    {
        "ASIN": "B00P52A3YQ",
        "title": "Easy Go (The Easy Going to all system application)",
        "price": "$0.00",
        "listPrice": "",
        "imageUrl": "https://m.media-amazon.com/images/I/81u-ccK37lL._SL160_.png",
        "detailPageURL": "https://www.amazon.com/dp/B00P52A3YQ",
        "rating": "2.5",
        "totalReviews": "4",
        "subtitle": "",
        "isPrimeEligible": "0"
    },
    {
        "ASIN": "B07GH6NSS8",
        "title": "Hadalabo Gokujun Oil Cleansing Refill 180ML",
        "price": "$10.96 ($1.85 / Fl Oz)",
        "listPrice": "",
        "imageUrl": "https://m.media-amazon.com/images/I/41YfobCNYYL._SL160_.jpg",
        "detailPageURL": "https://www.amazon.com/dp/B07GH6NSS8",
        "rating": "4.8",
        "totalReviews": "1613",
        "subtitle": "Hada Labo",
        "isPrimeEligible": "1"
    },
    {
        "ASIN": "B08Q3CQM7X",
        "title": "JUNO & Co. Clean 10 Cleansing Balm 10 Ingredients Makeup Remover 85g / 3.0oz",
        "price": "$14.99 ($5.00 / Ounce)",
        "listPrice": "$19.99 ($6.66 / Ounce)",
        "imageUrl": "https://m.media-amazon.com/images/I/31edyzkByfL._SL160_.jpg",
        "detailPageURL": "https://www.amazon.com/dp/B08Q3CQM7X",
        "rating": "4.6",
        "totalReviews": "14885",
        "subtitle": "JUNO & Co.",
        "isPrimeEligible": "1"
    },
    {
        "ASIN": "B09LCWM6X7",
        "title": "numbuzin No.1 Easy Peasy Cleansing Oil | Makeup Removing Facial Cleanser, Blackheads Removal, Unclogs Pores, Non-heavy, nature-derived ingredients | Korean Skin Care for Face, 6.76 fl oz",
        "price": "$16.90 ($2.49 / Fl Oz)",
        "listPrice": "$28.00 ($4.12 / Fl Oz)",
        "imageUrl": "https://m.media-amazon.com/images/I/3161EElMpQL._SL160_.jpg",
        "detailPageURL": "https://www.amazon.com/dp/B09LCWM6X7",
        "rating": "4.4",
        "totalReviews": "326",
        "subtitle": "numbuzin",
        "isPrimeEligible": "1"
    },
    {
        "ASIN": "B0151RHR3E",
        "title": "Burt's Bees 100% Natural Facial Cleansing Oil for Normal to Dry Skin, 6 Oz (Package May Vary)",
        "price": "$16.84 ($2.81 / Fl Oz)",
        "listPrice": "",
        "imageUrl": "https://m.media-amazon.com/images/I/31UCiAX1QvL._SL160_.jpg",
        "detailPageURL": "https://www.amazon.com/dp/B0151RHR3E",
        "rating": "4.5",
        "totalReviews": "4043",
        "subtitle": "Burt's Bees",
        "isPrimeEligible": "1"
    },
    {
        "ASIN": "B06X3QNN21",
        "title": "Refillable Plastic Clear Flat Pumps Lotion Cream Cleansing Oil Dispenser Bottle Travel Bottles Pump Bottle Make Up Cosmetic Container Holder Pack of 3 (200ml)",
        "price": "$10.85",
        "listPrice": "",
        "imageUrl": "https://m.media-amazon.com/images/I/31Pwe4ZzRAL._SL160_.jpg",
        "detailPageURL": "https://www.amazon.com/dp/B06X3QNN21",
        "rating": "4.0",
        "totalReviews": "21",
        "subtitle": "",
        "isPrimeEligible": "1"
    },
    {
        "ASIN": "B00II5RSEU",
        "title": "KontrolFreek CleanFreek Cleaner for Gaming Gear (2.7 fl oz) | Cleaner for Controllers, Mice, Smartphones, Tablets, Monitors, and Glasses",
        "price": "$12.99",
        "listPrice": "",
        "imageUrl": "https://m.media-amazon.com/images/I/41JS5TNieyL._SL160_.jpg",
        "detailPageURL": "https://www.amazon.com/dp/B00II5RSEU",
        "rating": "4.6",
        "totalReviews": "290",
        "subtitle": "",
        "isPrimeEligible": "1"
    },
    {
        "ASIN": "B08DG5RTH8",
        "title": "Soo'AE Hemp Dreams Cleansing Oil - Hemp Seed Oil Cleanser Makeup Remover Daily Makeup Cleansing Oil Facial Cleanser, 4.05 fl. oz 120 ml Daily blackhead remover Face Wash, Hydrating, K Beauty, All skin oil based cleanser",
        "price": "$9.95 ($2.45 / Fl Oz)",
        "listPrice": "$19.00 ($4.68 / Fl Oz)",
        "imageUrl": "https://m.media-amazon.com/images/I/31uDqMsWZrL._SL160_.jpg",
        "detailPageURL": "https://www.amazon.com/dp/B08DG5RTH8",
        "rating": "4.4",
        "totalReviews": "14",
        "subtitle": "SOOAE",
        "isPrimeEligible": "1"
    },
    {
        "ASIN": "B09NY7SY7C",
        "title": "Sulwhasoo Gentle Lightweight, silky texture Korean Double Cleansing oil to melt away Waterproof Makeup, 1.69 fl. oz.",
        "price": "$13.00 ($7.69 / Fl Oz)",
        "listPrice": "",
        "imageUrl": "https://m.media-amazon.com/images/I/21vJTdQfmcL._SL160_.jpg",
        "detailPageURL": "https://www.amazon.com/dp/B09NY7SY7C",
        "rating": "4.4",
        "totalReviews": "814",
        "subtitle": "",
        "isPrimeEligible": "1"
    },
    {
        "ASIN": "B00P52A3YQ",
        "title": "Easy Go (The Easy Going to all system application)",
        "price": "$0.00",
        "listPrice": "",
        "imageUrl": "https://m.media-amazon.com/images/I/81u-ccK37lL._SL160_.png",
        "detailPageURL": "https://www.amazon.com/dp/B00P52A3YQ",
        "rating": "2.5",
        "totalReviews": "4",
        "subtitle": "",
        "isPrimeEligible": "0"
    },
    {
        "ASIN": "B07GH6NSS8",
        "title": "Hadalabo Gokujun Oil Cleansing Refill 180ML",
        "price": "$10.96 ($1.85 / Fl Oz)",
        "listPrice": "",
        "imageUrl": "https://m.media-amazon.com/images/I/41YfobCNYYL._SL160_.jpg",
        "detailPageURL": "https://www.amazon.com/dp/B07GH6NSS8",
        "rating": "4.8",
        "totalReviews": "1613",
        "subtitle": "Hada Labo",
        "isPrimeEligible": "1"
    },
    {
        "ASIN": "B08Q3CQM7X",
        "title": "JUNO & Co. Clean 10 Cleansing Balm 10 Ingredients Makeup Remover 85g / 3.0oz",
        "price": "$14.99 ($5.00 / Ounce)",
        "listPrice": "$19.99 ($6.66 / Ounce)",
        "imageUrl": "https://m.media-amazon.com/images/I/31edyzkByfL._SL160_.jpg",
        "detailPageURL": "https://www.amazon.com/dp/B08Q3CQM7X",
        "rating": "4.6",
        "totalReviews": "14885",
        "subtitle": "JUNO & Co.",
        "isPrimeEligible": "1"
    },
    {
        "ASIN": "B09LCWM6X7",
        "title": "numbuzin No.1 Easy Peasy Cleansing Oil | Makeup Removing Facial Cleanser, Blackheads Removal, Unclogs Pores, Non-heavy, nature-derived ingredients | Korean Skin Care for Face, 6.76 fl oz",
        "price": "$16.90 ($2.49 / Fl Oz)",
        "listPrice": "$28.00 ($4.12 / Fl Oz)",
        "imageUrl": "https://m.media-amazon.com/images/I/3161EElMpQL._SL160_.jpg",
        "detailPageURL": "https://www.amazon.com/dp/B09LCWM6X7",
        "rating": "4.4",
        "totalReviews": "326",
        "subtitle": "numbuzin",
        "isPrimeEligible": "1"
    },
    {
        "ASIN": "B0151RHR3E",
        "title": "Burt's Bees 100% Natural Facial Cleansing Oil for Normal to Dry Skin, 6 Oz (Package May Vary)",
        "price": "$16.84 ($2.81 / Fl Oz)",
        "listPrice": "",
        "imageUrl": "https://m.media-amazon.com/images/I/31UCiAX1QvL._SL160_.jpg",
        "detailPageURL": "https://www.amazon.com/dp/B0151RHR3E",
        "rating": "4.5",
        "totalReviews": "4043",
        "subtitle": "Burt's Bees",
        "isPrimeEligible": "1"
    },
    {
        "ASIN": "B06X3QNN21",
        "title": "Refillable Plastic Clear Flat Pumps Lotion Cream Cleansing Oil Dispenser Bottle Travel Bottles Pump Bottle Make Up Cosmetic Container Holder Pack of 3 (200ml)",
        "price": "$10.85",
        "listPrice": "",
        "imageUrl": "https://m.media-amazon.com/images/I/31Pwe4ZzRAL._SL160_.jpg",
        "detailPageURL": "https://www.amazon.com/dp/B06X3QNN21",
        "rating": "4.0",
        "totalReviews": "21",
        "subtitle": "",
        "isPrimeEligible": "1"
    },
    {
        "ASIN": "B00II5RSEU",
        "title": "KontrolFreek CleanFreek Cleaner for Gaming Gear (2.7 fl oz) | Cleaner for Controllers, Mice, Smartphones, Tablets, Monitors, and Glasses",
        "price": "$12.99",
        "listPrice": "",
        "imageUrl": "https://m.media-amazon.com/images/I/41JS5TNieyL._SL160_.jpg",
        "detailPageURL": "https://www.amazon.com/dp/B00II5RSEU",
        "rating": "4.6",
        "totalReviews": "290",
        "subtitle": "",
        "isPrimeEligible": "1"
    },
    {
        "ASIN": "B08DG5RTH8",
        "title": "Soo'AE Hemp Dreams Cleansing Oil - Hemp Seed Oil Cleanser Makeup Remover Daily Makeup Cleansing Oil Facial Cleanser, 4.05 fl. oz 120 ml Daily blackhead remover Face Wash, Hydrating, K Beauty, All skin oil based cleanser",
        "price": "$9.95 ($2.45 / Fl Oz)",
        "listPrice": "$19.00 ($4.68 / Fl Oz)",
        "imageUrl": "https://m.media-amazon.com/images/I/31uDqMsWZrL._SL160_.jpg",
        "detailPageURL": "https://www.amazon.com/dp/B08DG5RTH8",
        "rating": "4.4",
        "totalReviews": "14",
        "subtitle": "SOOAE",
        "isPrimeEligible": "1"
    },
    {
        "ASIN": "B09NY7SY7C",
        "title": "Sulwhasoo Gentle Lightweight, silky texture Korean Double Cleansing oil to melt away Waterproof Makeup, 1.69 fl. oz.",
        "price": "$13.00 ($7.69 / Fl Oz)",
        "listPrice": "",
        "imageUrl": "https://m.media-amazon.com/images/I/21vJTdQfmcL._SL160_.jpg",
        "detailPageURL": "https://www.amazon.com/dp/B09NY7SY7C",
        "rating": "4.4",
        "totalReviews": "814",
        "subtitle": "",
        "isPrimeEligible": "1"
    },
    {
        "ASIN": "B0BXBJD93F",
        "title": "Asmr Cleansing Oil",
        "price": "$0.99",
        "listPrice": "",
        "imageUrl": "https://m.media-amazon.com/images/I/51DST+vi62L._SL160_.jpg",
        "detailPageURL": "https://www.amazon.com/dp/B0BXBJD93F",
        "rating": "",
        "totalReviews": "",
        "subtitle": "",
        "isPrimeEligible": "0"
    },
    {
        "ASIN": "B07GH6NSS8",
        "title": "Hadalabo Gokujun Oil Cleansing Refill 180ML",
        "price": "$10.96 ($1.85 / Fl Oz)",
        "listPrice": "",
        "imageUrl": "https://m.media-amazon.com/images/I/41YfobCNYYL._SL160_.jpg",
        "detailPageURL": "https://www.amazon.com/dp/B07GH6NSS8",
        "rating": "4.8",
        "totalReviews": "1613",
        "subtitle": "Hada Labo",
        "isPrimeEligible": "1"
    },
    {
        "ASIN": "B08Q3CQM7X",
        "title": "JUNO & Co. Clean 10 Cleansing Balm 10 Ingredients Makeup Remover 85g / 3.0oz",
        "price": "$14.99 ($5.00 / Ounce)",
        "listPrice": "$19.99 ($6.66 / Ounce)",
        "imageUrl": "https://m.media-amazon.com/images/I/31edyzkByfL._SL160_.jpg",
        "detailPageURL": "https://www.amazon.com/dp/B08Q3CQM7X",
        "rating": "4.6",
        "totalReviews": "14885",
        "subtitle": "JUNO & Co.",
        "isPrimeEligible": "1"
    },
    {
        "ASIN": "B09LCWM6X7",
        "title": "numbuzin No.1 Easy Peasy Cleansing Oil | Makeup Removing Facial Cleanser, Blackheads Removal, Unclogs Pores, Non-heavy, nature-derived ingredients | Korean Skin Care for Face, 6.76 fl oz",
        "price": "$16.90 ($2.49 / Fl Oz)",
        "listPrice": "$28.00 ($4.12 / Fl Oz)",
        "imageUrl": "https://m.media-amazon.com/images/I/3161EElMpQL._SL160_.jpg",
        "detailPageURL": "https://www.amazon.com/dp/B09LCWM6X7",
        "rating": "4.4",
        "totalReviews": "326",
        "subtitle": "numbuzin",
        "isPrimeEligible": "1"
    },
    {
        "ASIN": "B0151RHR3E",
        "title": "Burt's Bees 100% Natural Facial Cleansing Oil for Normal to Dry Skin, 6 Oz (Package May Vary)",
        "price": "$16.84 ($2.81 / Fl Oz)",
        "listPrice": "",
        "imageUrl": "https://m.media-amazon.com/images/I/31UCiAX1QvL._SL160_.jpg",
        "detailPageURL": "https://www.amazon.com/dp/B0151RHR3E",
        "rating": "4.5",
        "totalReviews": "4043",
        "subtitle": "Burt's Bees",
        "isPrimeEligible": "1"
    },
    {
        "ASIN": "B06X3QNN21",
        "title": "Refillable Plastic Clear Flat Pumps Lotion Cream Cleansing Oil Dispenser Bottle Travel Bottles Pump Bottle Make Up Cosmetic Container Holder Pack of 3 (200ml)",
        "price": "$10.85",
        "listPrice": "",
        "imageUrl": "https://m.media-amazon.com/images/I/31Pwe4ZzRAL._SL160_.jpg",
        "detailPageURL": "https://www.amazon.com/dp/B06X3QNN21",
        "rating": "4.0",
        "totalReviews": "21",
        "subtitle": "",
        "isPrimeEligible": "1"
    },
    {
        "ASIN": "B00II5RSEU",
        "title": "KontrolFreek CleanFreek Cleaner for Gaming Gear (2.7 fl oz) | Cleaner for Controllers, Mice, Smartphones, Tablets, Monitors, and Glasses",
        "price": "$12.99",
        "listPrice": "",
        "imageUrl": "https://m.media-amazon.com/images/I/41JS5TNieyL._SL160_.jpg",
        "detailPageURL": "https://www.amazon.com/dp/B00II5RSEU",
        "rating": "4.6",
        "totalReviews": "290",
        "subtitle": "",
        "isPrimeEligible": "1"
    },
    {
        "ASIN": "B08DG5RTH8",
        "title": "Soo'AE Hemp Dreams Cleansing Oil - Hemp Seed Oil Cleanser Makeup Remover Daily Makeup Cleansing Oil Facial Cleanser, 4.05 fl. oz 120 ml Daily blackhead remover Face Wash, Hydrating, K Beauty, All skin oil based cleanser",
        "price": "$9.95 ($2.45 / Fl Oz)",
        "listPrice": "$19.00 ($4.68 / Fl Oz)",
        "imageUrl": "https://m.media-amazon.com/images/I/31uDqMsWZrL._SL160_.jpg",
        "detailPageURL": "https://www.amazon.com/dp/B08DG5RTH8",
        "rating": "4.4",
        "totalReviews": "14",
        "subtitle": "SOOAE",
        "isPrimeEligible": "1"
    },
    {
        "ASIN": "B09NY7SY7C",
        "title": "Sulwhasoo Gentle Lightweight, silky texture Korean Double Cleansing oil to melt away Waterproof Makeup, 1.69 fl. oz.",
        "price": "$13.00 ($7.69 / Fl Oz)",
        "listPrice": "",
        "imageUrl": "https://m.media-amazon.com/images/I/21vJTdQfmcL._SL160_.jpg",
        "detailPageURL": "https://www.amazon.com/dp/B09NY7SY7C",
        "rating": "4.4",
        "totalReviews": "814",
        "subtitle": "",
        "isPrimeEligible": "1"
    },
    {
        "ASIN": "B0BXBJD93F",
        "title": "Asmr Cleansing Oil",
        "price": "$0.99",
        "listPrice": "",
        "imageUrl": "https://m.media-amazon.com/images/I/51DST+vi62L._SL160_.jpg",
        "detailPageURL": "https://www.amazon.com/dp/B0BXBJD93F",
        "rating": "",
        "totalReviews": "",
        "subtitle": "",
        "isPrimeEligible": "0"
    },
    {
        "ASIN": "B0CB1Z15BJ",
        "title": "Bryce Gets Over Heartache and Moves On",
        "price": "",
        "listPrice": "",
        "imageUrl": "https://m.media-amazon.com/images/I/5183bz1JI3L._SL160_.jpg",
        "detailPageURL": "https://www.amazon.com/dp/B0CB1Z15BJ",
        "rating": "",
        "totalReviews": "",
        "subtitle": "",
        "isPrimeEligible": ""
    },
    {
        "ASIN": "B08Q3CQM7X",
        "title": "JUNO & Co. Clean 10 Cleansing Balm 10 Ingredients Makeup Remover 85g / 3.0oz",
        "price": "$14.99 ($5.00 / Ounce)",
        "listPrice": "$19.99 ($6.66 / Ounce)",
        "imageUrl": "https://m.media-amazon.com/images/I/31edyzkByfL._SL160_.jpg",
        "detailPageURL": "https://www.amazon.com/dp/B08Q3CQM7X",
        "rating": "4.6",
        "totalReviews": "14885",
        "subtitle": "JUNO & Co.",
        "isPrimeEligible": "1"
    },
    {
        "ASIN": "B09LCWM6X7",
        "title": "numbuzin No.1 Easy Peasy Cleansing Oil | Makeup Removing Facial Cleanser, Blackheads Removal, Unclogs Pores, Non-heavy, nature-derived ingredients | Korean Skin Care for Face, 6.76 fl oz",
        "price": "$16.90 ($2.49 / Fl Oz)",
        "listPrice": "$28.00 ($4.12 / Fl Oz)",
        "imageUrl": "https://m.media-amazon.com/images/I/3161EElMpQL._SL160_.jpg",
        "detailPageURL": "https://www.amazon.com/dp/B09LCWM6X7",
        "rating": "4.4",
        "totalReviews": "326",
        "subtitle": "numbuzin",
        "isPrimeEligible": "1"
    },
    {
        "ASIN": "B0151RHR3E",
        "title": "Burt's Bees 100% Natural Facial Cleansing Oil for Normal to Dry Skin, 6 Oz (Package May Vary)",
        "price": "$16.84 ($2.81 / Fl Oz)",
        "listPrice": "",
        "imageUrl": "https://m.media-amazon.com/images/I/31UCiAX1QvL._SL160_.jpg",
        "detailPageURL": "https://www.amazon.com/dp/B0151RHR3E",
        "rating": "4.5",
        "totalReviews": "4043",
        "subtitle": "Burt's Bees",
        "isPrimeEligible": "1"
    },
    {
        "ASIN": "B06X3QNN21",
        "title": "Refillable Plastic Clear Flat Pumps Lotion Cream Cleansing Oil Dispenser Bottle Travel Bottles Pump Bottle Make Up Cosmetic Container Holder Pack of 3 (200ml)",
        "price": "$10.85",
        "listPrice": "",
        "imageUrl": "https://m.media-amazon.com/images/I/31Pwe4ZzRAL._SL160_.jpg",
        "detailPageURL": "https://www.amazon.com/dp/B06X3QNN21",
        "rating": "4.0",
        "totalReviews": "21",
        "subtitle": "",
        "isPrimeEligible": "1"
    },
    {
        "ASIN": "B00II5RSEU",
        "title": "KontrolFreek CleanFreek Cleaner for Gaming Gear (2.7 fl oz) | Cleaner for Controllers, Mice, Smartphones, Tablets, Monitors, and Glasses",
        "price": "$12.99",
        "listPrice": "",
        "imageUrl": "https://m.media-amazon.com/images/I/41JS5TNieyL._SL160_.jpg",
        "detailPageURL": "https://www.amazon.com/dp/B00II5RSEU",
        "rating": "4.6",
        "totalReviews": "290",
        "subtitle": "",
        "isPrimeEligible": "1"
    },
    {
        "ASIN": "B08DG5RTH8",
        "title": "Soo'AE Hemp Dreams Cleansing Oil - Hemp Seed Oil Cleanser Makeup Remover Daily Makeup Cleansing Oil Facial Cleanser, 4.05 fl. oz 120 ml Daily blackhead remover Face Wash, Hydrating, K Beauty, All skin oil based cleanser",
        "price": "$9.95 ($2.45 / Fl Oz)",
        "listPrice": "$19.00 ($4.68 / Fl Oz)",
        "imageUrl": "https://m.media-amazon.com/images/I/31uDqMsWZrL._SL160_.jpg",
        "detailPageURL": "https://www.amazon.com/dp/B08DG5RTH8",
        "rating": "4.4",
        "totalReviews": "14",
        "subtitle": "SOOAE",
        "isPrimeEligible": "1"
    },
    {
        "ASIN": "B09NY7SY7C",
        "title": "Sulwhasoo Gentle Lightweight, silky texture Korean Double Cleansing oil to melt away Waterproof Makeup, 1.69 fl. oz.",
        "price": "$13.00 ($7.69 / Fl Oz)",
        "listPrice": "",
        "imageUrl": "https://m.media-amazon.com/images/I/21vJTdQfmcL._SL160_.jpg",
        "detailPageURL": "https://www.amazon.com/dp/B09NY7SY7C",
        "rating": "4.4",
        "totalReviews": "814",
        "subtitle": "",
        "isPrimeEligible": "1"
    },
    {
        "ASIN": "B0BXBJD93F",
        "title": "Asmr Cleansing Oil",
        "price": "$0.99",
        "listPrice": "",
        "imageUrl": "https://m.media-amazon.com/images/I/51DST+vi62L._SL160_.jpg",
        "detailPageURL": "https://www.amazon.com/dp/B0BXBJD93F",
        "rating": "",
        "totalReviews": "",
        "subtitle": "",
        "isPrimeEligible": "0"
    },
    {
        "ASIN": "B0CB1Z15BJ",
        "title": "Bryce Gets Over Heartache and Moves On",
        "price": "",
        "listPrice": "",
        "imageUrl": "https://m.media-amazon.com/images/I/5183bz1JI3L._SL160_.jpg",
        "detailPageURL": "https://www.amazon.com/dp/B0CB1Z15BJ",
        "rating": "",
        "totalReviews": "",
        "subtitle": "",
        "isPrimeEligible": ""
    },
    {
        "ASIN": "1620553279",
        "title": "The Oil Pulling Miracle: Detoxify Simply and Effectively",
        "price": "$12.95",
        "listPrice": "",
        "imageUrl": "https://m.media-amazon.com/images/I/41gAMa7nHyL._SL160_.jpg",
        "detailPageURL": "https://www.amazon.com/dp/1620553279",
        "rating": "4.4",
        "totalReviews": "29",
        "subtitle": "Frohn, Birgit (Paperback)",
        "isPrimeEligible": "1"
    },
    {
        "ASIN": "B09LCWM6X7",
        "title": "numbuzin No.1 Easy Peasy Cleansing Oil | Makeup Removing Facial Cleanser, Blackheads Removal, Unclogs Pores, Non-heavy, nature-derived ingredients | Korean Skin Care for Face, 6.76 fl oz",
        "price": "$16.90 ($2.49 / Fl Oz)",
        "listPrice": "$28.00 ($4.12 / Fl Oz)",
        "imageUrl": "https://m.media-amazon.com/images/I/3161EElMpQL._SL160_.jpg",
        "detailPageURL": "https://www.amazon.com/dp/B09LCWM6X7",
        "rating": "4.4",
        "totalReviews": "326",
        "subtitle": "numbuzin",
        "isPrimeEligible": "1"
    },
    {
        "ASIN": "B0151RHR3E",
        "title": "Burt's Bees 100% Natural Facial Cleansing Oil for Normal to Dry Skin, 6 Oz (Package May Vary)",
        "price": "$16.84 ($2.81 / Fl Oz)",
        "listPrice": "",
        "imageUrl": "https://m.media-amazon.com/images/I/31UCiAX1QvL._SL160_.jpg",
        "detailPageURL": "https://www.amazon.com/dp/B0151RHR3E",
        "rating": "4.5",
        "totalReviews": "4043",
        "subtitle": "Burt's Bees",
        "isPrimeEligible": "1"
    },
    {
        "ASIN": "B06X3QNN21",
        "title": "Refillable Plastic Clear Flat Pumps Lotion Cream Cleansing Oil Dispenser Bottle Travel Bottles Pump Bottle Make Up Cosmetic Container Holder Pack of 3 (200ml)",
        "price": "$10.85",
        "listPrice": "",
        "imageUrl": "https://m.media-amazon.com/images/I/31Pwe4ZzRAL._SL160_.jpg",
        "detailPageURL": "https://www.amazon.com/dp/B06X3QNN21",
        "rating": "4.0",
        "totalReviews": "21",
        "subtitle": "",
        "isPrimeEligible": "1"
    },
    {
        "ASIN": "B00II5RSEU",
        "title": "KontrolFreek CleanFreek Cleaner for Gaming Gear (2.7 fl oz) | Cleaner for Controllers, Mice, Smartphones, Tablets, Monitors, and Glasses",
        "price": "$12.99",
        "listPrice": "",
        "imageUrl": "https://m.media-amazon.com/images/I/41JS5TNieyL._SL160_.jpg",
        "detailPageURL": "https://www.amazon.com/dp/B00II5RSEU",
        "rating": "4.6",
        "totalReviews": "290",
        "subtitle": "",
        "isPrimeEligible": "1"
    },
    {
        "ASIN": "B08DG5RTH8",
        "title": "Soo'AE Hemp Dreams Cleansing Oil - Hemp Seed Oil Cleanser Makeup Remover Daily Makeup Cleansing Oil Facial Cleanser, 4.05 fl. oz 120 ml Daily blackhead remover Face Wash, Hydrating, K Beauty, All skin oil based cleanser",
        "price": "$9.95 ($2.45 / Fl Oz)",
        "listPrice": "$19.00 ($4.68 / Fl Oz)",
        "imageUrl": "https://m.media-amazon.com/images/I/31uDqMsWZrL._SL160_.jpg",
        "detailPageURL": "https://www.amazon.com/dp/B08DG5RTH8",
        "rating": "4.4",
        "totalReviews": "14",
        "subtitle": "SOOAE",
        "isPrimeEligible": "1"
    },
    {
        "ASIN": "B09NY7SY7C",
        "title": "Sulwhasoo Gentle Lightweight, silky texture Korean Double Cleansing oil to melt away Waterproof Makeup, 1.69 fl. oz.",
        "price": "$13.00 ($7.69 / Fl Oz)",
        "listPrice": "",
        "imageUrl": "https://m.media-amazon.com/images/I/21vJTdQfmcL._SL160_.jpg",
        "detailPageURL": "https://www.amazon.com/dp/B09NY7SY7C",
        "rating": "4.4",
        "totalReviews": "814",
        "subtitle": "",
        "isPrimeEligible": "1"
    },
    {
        "ASIN": "B0BXBJD93F",
        "title": "Asmr Cleansing Oil",
        "price": "$0.99",
        "listPrice": "",
        "imageUrl": "https://m.media-amazon.com/images/I/51DST+vi62L._SL160_.jpg",
        "detailPageURL": "https://www.amazon.com/dp/B0BXBJD93F",
        "rating": "",
        "totalReviews": "",
        "subtitle": "",
        "isPrimeEligible": "0"
    },
    {
        "ASIN": "B0CB1Z15BJ",
        "title": "Bryce Gets Over Heartache and Moves On",
        "price": "",
        "listPrice": "",
        "imageUrl": "https://m.media-amazon.com/images/I/5183bz1JI3L._SL160_.jpg",
        "detailPageURL": "https://www.amazon.com/dp/B0CB1Z15BJ",
        "rating": "",
        "totalReviews": "",
        "subtitle": "",
        "isPrimeEligible": ""
    },
    {
        "ASIN": "1620553279",
        "title": "The Oil Pulling Miracle: Detoxify Simply and Effectively",
        "price": "$12.95",
        "listPrice": "",
        "imageUrl": "https://m.media-amazon.com/images/I/41gAMa7nHyL._SL160_.jpg",
        "detailPageURL": "https://www.amazon.com/dp/1620553279",
        "rating": "4.4",
        "totalReviews": "29",
        "subtitle": "Frohn, Birgit (Paperback)",
        "isPrimeEligible": "1"
    },
    {
        "ASIN": "B00965M61G",
        "title": "Etude House Real Art Cleansing Oil Moisture 185ml | Moist type cleansing oil effective for removing dead skin cells, cleansing away makeup residue and old skin cells",
        "price": "$18.50 ($2.96 / Fl Oz)",
        "listPrice": "",
        "imageUrl": "https://m.media-amazon.com/images/I/31DxJ-djBsL._SL160_.jpg",
        "detailPageURL": "https://www.amazon.com/dp/B00965M61G",
        "rating": "4.6",
        "totalReviews": "659",
        "subtitle": "Etude House",
        "isPrimeEligible": "1"
    },
    {
        "ASIN": "B0151RHR3E",
        "title": "Burt's Bees 100% Natural Facial Cleansing Oil for Normal to Dry Skin, 6 Oz (Package May Vary)",
        "price": "$16.84 ($2.81 / Fl Oz)",
        "listPrice": "",
        "imageUrl": "https://m.media-amazon.com/images/I/31UCiAX1QvL._SL160_.jpg",
        "detailPageURL": "https://www.amazon.com/dp/B0151RHR3E",
        "rating": "4.5",
        "totalReviews": "4043",
        "subtitle": "Burt's Bees",
        "isPrimeEligible": "1"
    },
    {
        "ASIN": "B06X3QNN21",
        "title": "Refillable Plastic Clear Flat Pumps Lotion Cream Cleansing Oil Dispenser Bottle Travel Bottles Pump Bottle Make Up Cosmetic Container Holder Pack of 3 (200ml)",
        "price": "$10.85",
        "listPrice": "",
        "imageUrl": "https://m.media-amazon.com/images/I/31Pwe4ZzRAL._SL160_.jpg",
        "detailPageURL": "https://www.amazon.com/dp/B06X3QNN21",
        "rating": "4.0",
        "totalReviews": "21",
        "subtitle": "",
        "isPrimeEligible": "1"
    },
    {
        "ASIN": "B00II5RSEU",
        "title": "KontrolFreek CleanFreek Cleaner for Gaming Gear (2.7 fl oz) | Cleaner for Controllers, Mice, Smartphones, Tablets, Monitors, and Glasses",
        "price": "$12.99",
        "listPrice": "",
        "imageUrl": "https://m.media-amazon.com/images/I/41JS5TNieyL._SL160_.jpg",
        "detailPageURL": "https://www.amazon.com/dp/B00II5RSEU",
        "rating": "4.6",
        "totalReviews": "290",
        "subtitle": "",
        "isPrimeEligible": "1"
    },
    {
        "ASIN": "B08DG5RTH8",
        "title": "Soo'AE Hemp Dreams Cleansing Oil - Hemp Seed Oil Cleanser Makeup Remover Daily Makeup Cleansing Oil Facial Cleanser, 4.05 fl. oz 120 ml Daily blackhead remover Face Wash, Hydrating, K Beauty, All skin oil based cleanser",
        "price": "$9.95 ($2.45 / Fl Oz)",
        "listPrice": "$19.00 ($4.68 / Fl Oz)",
        "imageUrl": "https://m.media-amazon.com/images/I/31uDqMsWZrL._SL160_.jpg",
        "detailPageURL": "https://www.amazon.com/dp/B08DG5RTH8",
        "rating": "4.4",
        "totalReviews": "14",
        "subtitle": "SOOAE",
        "isPrimeEligible": "1"
    },
    {
        "ASIN": "B09NY7SY7C",
        "title": "Sulwhasoo Gentle Lightweight, silky texture Korean Double Cleansing oil to melt away Waterproof Makeup, 1.69 fl. oz.",
        "price": "$13.00 ($7.69 / Fl Oz)",
        "listPrice": "",
        "imageUrl": "https://m.media-amazon.com/images/I/21vJTdQfmcL._SL160_.jpg",
        "detailPageURL": "https://www.amazon.com/dp/B09NY7SY7C",
        "rating": "4.4",
        "totalReviews": "814",
        "subtitle": "",
        "isPrimeEligible": "1"
    },
    {
        "ASIN": "B0BXBJD93F",
        "title": "Asmr Cleansing Oil",
        "price": "$0.99",
        "listPrice": "",
        "imageUrl": "https://m.media-amazon.com/images/I/51DST+vi62L._SL160_.jpg",
        "detailPageURL": "https://www.amazon.com/dp/B0BXBJD93F",
        "rating": "",
        "totalReviews": "",
        "subtitle": "",
        "isPrimeEligible": "0"
    },
    {
        "ASIN": "B0CB1Z15BJ",
        "title": "Bryce Gets Over Heartache and Moves On",
        "price": "",
        "listPrice": "",
        "imageUrl": "https://m.media-amazon.com/images/I/5183bz1JI3L._SL160_.jpg",
        "detailPageURL": "https://www.amazon.com/dp/B0CB1Z15BJ",
        "rating": "",
        "totalReviews": "",
        "subtitle": "",
        "isPrimeEligible": ""
    },
    {
        "ASIN": "1620553279",
        "title": "The Oil Pulling Miracle: Detoxify Simply and Effectively",
        "price": "$12.95",
        "listPrice": "",
        "imageUrl": "https://m.media-amazon.com/images/I/41gAMa7nHyL._SL160_.jpg",
        "detailPageURL": "https://www.amazon.com/dp/1620553279",
        "rating": "4.4",
        "totalReviews": "29",
        "subtitle": "Frohn, Birgit (Paperback)",
        "isPrimeEligible": "1"
    },
    {
        "ASIN": "B00965M61G",
        "title": "Etude House Real Art Cleansing Oil Moisture 185ml | Moist type cleansing oil effective for removing dead skin cells, cleansing away makeup residue and old skin cells",
        "price": "$18.50 ($2.96 / Fl Oz)",
        "listPrice": "",
        "imageUrl": "https://m.media-amazon.com/images/I/31DxJ-djBsL._SL160_.jpg",
        "detailPageURL": "https://www.amazon.com/dp/B00965M61G",
        "rating": "4.6",
        "totalReviews": "659",
        "subtitle": "Etude House",
        "isPrimeEligible": "1"
    },
    {
        "ASIN": "B07HBQ61TS",
        "title": "1Pcs 60ml/2oz Portable Empty Refillable Frosted Glass Press Bottle Cosmetic Cleansing Oil Emulsion Essence Cream Lotion Essential Oil Pump Dispenser Vial Container Jars(Green)",
        "price": "$7.76",
        "listPrice": "",
        "imageUrl": "https://m.media-amazon.com/images/I/31eD6RK9gqL._SL160_.jpg",
        "detailPageURL": "https://www.amazon.com/dp/B07HBQ61TS",
        "rating": "4.2",
        "totalReviews": "8",
        "subtitle": "",
        "isPrimeEligible": "1"
    },
    {
        "ASIN": "B06X3QNN21",
        "title": "Refillable Plastic Clear Flat Pumps Lotion Cream Cleansing Oil Dispenser Bottle Travel Bottles Pump Bottle Make Up Cosmetic Container Holder Pack of 3 (200ml)",
        "price": "$10.85",
        "listPrice": "",
        "imageUrl": "https://m.media-amazon.com/images/I/31Pwe4ZzRAL._SL160_.jpg",
        "detailPageURL": "https://www.amazon.com/dp/B06X3QNN21",
        "rating": "4.0",
        "totalReviews": "21",
        "subtitle": "",
        "isPrimeEligible": "1"
    },
    {
        "ASIN": "B00II5RSEU",
        "title": "KontrolFreek CleanFreek Cleaner for Gaming Gear (2.7 fl oz) | Cleaner for Controllers, Mice, Smartphones, Tablets, Monitors, and Glasses",
        "price": "$12.99",
        "listPrice": "",
        "imageUrl": "https://m.media-amazon.com/images/I/41JS5TNieyL._SL160_.jpg",
        "detailPageURL": "https://www.amazon.com/dp/B00II5RSEU",
        "rating": "4.6",
        "totalReviews": "290",
        "subtitle": "",
        "isPrimeEligible": "1"
    },
    {
        "ASIN": "B08DG5RTH8",
        "title": "Soo'AE Hemp Dreams Cleansing Oil - Hemp Seed Oil Cleanser Makeup Remover Daily Makeup Cleansing Oil Facial Cleanser, 4.05 fl. oz 120 ml Daily blackhead remover Face Wash, Hydrating, K Beauty, All skin oil based cleanser",
        "price": "$9.95 ($2.45 / Fl Oz)",
        "listPrice": "$19.00 ($4.68 / Fl Oz)",
        "imageUrl": "https://m.media-amazon.com/images/I/31uDqMsWZrL._SL160_.jpg",
        "detailPageURL": "https://www.amazon.com/dp/B08DG5RTH8",
        "rating": "4.4",
        "totalReviews": "14",
        "subtitle": "SOOAE",
        "isPrimeEligible": "1"
    },
    {
        "ASIN": "B09NY7SY7C",
        "title": "Sulwhasoo Gentle Lightweight, silky texture Korean Double Cleansing oil to melt away Waterproof Makeup, 1.69 fl. oz.",
        "price": "$13.00 ($7.69 / Fl Oz)",
        "listPrice": "",
        "imageUrl": "https://m.media-amazon.com/images/I/21vJTdQfmcL._SL160_.jpg",
        "detailPageURL": "https://www.amazon.com/dp/B09NY7SY7C",
        "rating": "4.4",
        "totalReviews": "814",
        "subtitle": "",
        "isPrimeEligible": "1"
    },
    {
        "ASIN": "B0BXBJD93F",
        "title": "Asmr Cleansing Oil",
        "price": "$0.99",
        "listPrice": "",
        "imageUrl": "https://m.media-amazon.com/images/I/51DST+vi62L._SL160_.jpg",
        "detailPageURL": "https://www.amazon.com/dp/B0BXBJD93F",
        "rating": "",
        "totalReviews": "",
        "subtitle": "",
        "isPrimeEligible": "0"
    },
    {
        "ASIN": "B0CB1Z15BJ",
        "title": "Bryce Gets Over Heartache and Moves On",
        "price": "",
        "listPrice": "",
        "imageUrl": "https://m.media-amazon.com/images/I/5183bz1JI3L._SL160_.jpg",
        "detailPageURL": "https://www.amazon.com/dp/B0CB1Z15BJ",
        "rating": "",
        "totalReviews": "",
        "subtitle": "",
        "isPrimeEligible": ""
    },
    {
        "ASIN": "1620553279",
        "title": "The Oil Pulling Miracle: Detoxify Simply and Effectively",
        "price": "$12.95",
        "listPrice": "",
        "imageUrl": "https://m.media-amazon.com/images/I/41gAMa7nHyL._SL160_.jpg",
        "detailPageURL": "https://www.amazon.com/dp/1620553279",
        "rating": "4.4",
        "totalReviews": "29",
        "subtitle": "Frohn, Birgit (Paperback)",
        "isPrimeEligible": "1"
    },
    {
        "ASIN": "B00965M61G",
        "title": "Etude House Real Art Cleansing Oil Moisture 185ml | Moist type cleansing oil effective for removing dead skin cells, cleansing away makeup residue and old skin cells",
        "price": "$18.50 ($2.96 / Fl Oz)",
        "listPrice": "",
        "imageUrl": "https://m.media-amazon.com/images/I/31DxJ-djBsL._SL160_.jpg",
        "detailPageURL": "https://www.amazon.com/dp/B00965M61G",
        "rating": "4.6",
        "totalReviews": "659",
        "subtitle": "Etude House",
        "isPrimeEligible": "1"
    },
    {
        "ASIN": "B07HBQ61TS",
        "title": "1Pcs 60ml/2oz Portable Empty Refillable Frosted Glass Press Bottle Cosmetic Cleansing Oil Emulsion Essence Cream Lotion Essential Oil Pump Dispenser Vial Container Jars(Green)",
        "price": "$7.76",
        "listPrice": "",
        "imageUrl": "https://m.media-amazon.com/images/I/31eD6RK9gqL._SL160_.jpg",
        "detailPageURL": "https://www.amazon.com/dp/B07HBQ61TS",
        "rating": "4.2",
        "totalReviews": "8",
        "subtitle": "",
        "isPrimeEligible": "1"
    },
    {
        "ASIN": "B09TDMH4QD",
        "title": "SEKKISEI Treatment Cleansing Oil, Facial Cleanser & Makeup Remover, 10.1 Ounce",
        "price": "$35.00 ($3.50 / Fl Oz)",
        "listPrice": "",
        "imageUrl": "https://m.media-amazon.com/images/I/311udXhMzsL._SL160_.jpg",
        "detailPageURL": "https://www.amazon.com/dp/B09TDMH4QD",
        "rating": "4.9",
        "totalReviews": "9",
        "subtitle": "SEKKISEI",
        "isPrimeEligible": "1"
    },
    {
        "ASIN": "B00II5RSEU",
        "title": "KontrolFreek CleanFreek Cleaner for Gaming Gear (2.7 fl oz) | Cleaner for Controllers, Mice, Smartphones, Tablets, Monitors, and Glasses",
        "price": "$12.99",
        "listPrice": "",
        "imageUrl": "https://m.media-amazon.com/images/I/41JS5TNieyL._SL160_.jpg",
        "detailPageURL": "https://www.amazon.com/dp/B00II5RSEU",
        "rating": "4.6",
        "totalReviews": "290",
        "subtitle": "",
        "isPrimeEligible": "1"
    },
    {
        "ASIN": "B08DG5RTH8",
        "title": "Soo'AE Hemp Dreams Cleansing Oil - Hemp Seed Oil Cleanser Makeup Remover Daily Makeup Cleansing Oil Facial Cleanser, 4.05 fl. oz 120 ml Daily blackhead remover Face Wash, Hydrating, K Beauty, All skin oil based cleanser",
        "price": "$9.95 ($2.45 / Fl Oz)",
        "listPrice": "$19.00 ($4.68 / Fl Oz)",
        "imageUrl": "https://m.media-amazon.com/images/I/31uDqMsWZrL._SL160_.jpg",
        "detailPageURL": "https://www.amazon.com/dp/B08DG5RTH8",
        "rating": "4.4",
        "totalReviews": "14",
        "subtitle": "SOOAE",
        "isPrimeEligible": "1"
    },
    {
        "ASIN": "B09NY7SY7C",
        "title": "Sulwhasoo Gentle Lightweight, silky texture Korean Double Cleansing oil to melt away Waterproof Makeup, 1.69 fl. oz.",
        "price": "$13.00 ($7.69 / Fl Oz)",
        "listPrice": "",
        "imageUrl": "https://m.media-amazon.com/images/I/21vJTdQfmcL._SL160_.jpg",
        "detailPageURL": "https://www.amazon.com/dp/B09NY7SY7C",
        "rating": "4.4",
        "totalReviews": "814",
        "subtitle": "",
        "isPrimeEligible": "1"
    },
    {
        "ASIN": "B0BXBJD93F",
        "title": "Asmr Cleansing Oil",
        "price": "$0.99",
        "listPrice": "",
        "imageUrl": "https://m.media-amazon.com/images/I/51DST+vi62L._SL160_.jpg",
        "detailPageURL": "https://www.amazon.com/dp/B0BXBJD93F",
        "rating": "",
        "totalReviews": "",
        "subtitle": "",
        "isPrimeEligible": "0"
    },
    {
        "ASIN": "B0CB1Z15BJ",
        "title": "Bryce Gets Over Heartache and Moves On",
        "price": "",
        "listPrice": "",
        "imageUrl": "https://m.media-amazon.com/images/I/5183bz1JI3L._SL160_.jpg",
        "detailPageURL": "https://www.amazon.com/dp/B0CB1Z15BJ",
        "rating": "",
        "totalReviews": "",
        "subtitle": "",
        "isPrimeEligible": ""
    },
    {
        "ASIN": "1620553279",
        "title": "The Oil Pulling Miracle: Detoxify Simply and Effectively",
        "price": "$12.95",
        "listPrice": "",
        "imageUrl": "https://m.media-amazon.com/images/I/41gAMa7nHyL._SL160_.jpg",
        "detailPageURL": "https://www.amazon.com/dp/1620553279",
        "rating": "4.4",
        "totalReviews": "29",
        "subtitle": "Frohn, Birgit (Paperback)",
        "isPrimeEligible": "1"
    },
    {
        "ASIN": "B00965M61G",
        "title": "Etude House Real Art Cleansing Oil Moisture 185ml | Moist type cleansing oil effective for removing dead skin cells, cleansing away makeup residue and old skin cells",
        "price": "$18.50 ($2.96 / Fl Oz)",
        "listPrice": "",
        "imageUrl": "https://m.media-amazon.com/images/I/31DxJ-djBsL._SL160_.jpg",
        "detailPageURL": "https://www.amazon.com/dp/B00965M61G",
        "rating": "4.6",
        "totalReviews": "659",
        "subtitle": "Etude House",
        "isPrimeEligible": "1"
    },
    {
        "ASIN": "B07HBQ61TS",
        "title": "1Pcs 60ml/2oz Portable Empty Refillable Frosted Glass Press Bottle Cosmetic Cleansing Oil Emulsion Essence Cream Lotion Essential Oil Pump Dispenser Vial Container Jars(Green)",
        "price": "$7.76",
        "listPrice": "",
        "imageUrl": "https://m.media-amazon.com/images/I/31eD6RK9gqL._SL160_.jpg",
        "detailPageURL": "https://www.amazon.com/dp/B07HBQ61TS",
        "rating": "4.2",
        "totalReviews": "8",
        "subtitle": "",
        "isPrimeEligible": "1"
    },
    {
        "ASIN": "B09TDMH4QD",
        "title": "SEKKISEI Treatment Cleansing Oil, Facial Cleanser & Makeup Remover, 10.1 Ounce",
        "price": "$35.00 ($3.50 / Fl Oz)",
        "listPrice": "",
        "imageUrl": "https://m.media-amazon.com/images/I/311udXhMzsL._SL160_.jpg",
        "detailPageURL": "https://www.amazon.com/dp/B09TDMH4QD",
        "rating": "4.9",
        "totalReviews": "9",
        "subtitle": "SEKKISEI",
        "isPrimeEligible": "1"
    },
    {
        "ASIN": "B00EYOHGPU",
        "title": "Eau Thermale Avene XeraCalm A.D Lipid-Replenishing Cleansing Oil, Atopic Dermatitis, Eczema-Prone, Fragrance-Free, Pump, 13.5 oz.",
        "price": "$34.00 ($2.52 / Ounce)",
        "listPrice": "",
        "imageUrl": "https://m.media-amazon.com/images/I/41WZZ1WFYzL._SL160_.jpg",
        "detailPageURL": "https://www.amazon.com/dp/B00EYOHGPU",
        "rating": "4.7",
        "totalReviews": "1731",
        "subtitle": "",
        "isPrimeEligible": "1"
    },
    {
        "ASIN": "B08DG5RTH8",
        "title": "Soo'AE Hemp Dreams Cleansing Oil - Hemp Seed Oil Cleanser Makeup Remover Daily Makeup Cleansing Oil Facial Cleanser, 4.05 fl. oz 120 ml Daily blackhead remover Face Wash, Hydrating, K Beauty, All skin oil based cleanser",
        "price": "$9.95 ($2.45 / Fl Oz)",
        "listPrice": "$19.00 ($4.68 / Fl Oz)",
        "imageUrl": "https://m.media-amazon.com/images/I/31uDqMsWZrL._SL160_.jpg",
        "detailPageURL": "https://www.amazon.com/dp/B08DG5RTH8",
        "rating": "4.4",
        "totalReviews": "14",
        "subtitle": "SOOAE",
        "isPrimeEligible": "1"
    },
    {
        "ASIN": "B09NY7SY7C",
        "title": "Sulwhasoo Gentle Lightweight, silky texture Korean Double Cleansing oil to melt away Waterproof Makeup, 1.69 fl. oz.",
        "price": "$13.00 ($7.69 / Fl Oz)",
        "listPrice": "",
        "imageUrl": "https://m.media-amazon.com/images/I/21vJTdQfmcL._SL160_.jpg",
        "detailPageURL": "https://www.amazon.com/dp/B09NY7SY7C",
        "rating": "4.4",
        "totalReviews": "814",
        "subtitle": "",
        "isPrimeEligible": "1"
    },
    {
        "ASIN": "B0BXBJD93F",
        "title": "Asmr Cleansing Oil",
        "price": "$0.99",
        "listPrice": "",
        "imageUrl": "https://m.media-amazon.com/images/I/51DST+vi62L._SL160_.jpg",
        "detailPageURL": "https://www.amazon.com/dp/B0BXBJD93F",
        "rating": "",
        "totalReviews": "",
        "subtitle": "",
        "isPrimeEligible": "0"
    },
    {
        "ASIN": "B0CB1Z15BJ",
        "title": "Bryce Gets Over Heartache and Moves On",
        "price": "",
        "listPrice": "",
        "imageUrl": "https://m.media-amazon.com/images/I/5183bz1JI3L._SL160_.jpg",
        "detailPageURL": "https://www.amazon.com/dp/B0CB1Z15BJ",
        "rating": "",
        "totalReviews": "",
        "subtitle": "",
        "isPrimeEligible": ""
    },
    {
        "ASIN": "1620553279",
        "title": "The Oil Pulling Miracle: Detoxify Simply and Effectively",
        "price": "$12.95",
        "listPrice": "",
        "imageUrl": "https://m.media-amazon.com/images/I/41gAMa7nHyL._SL160_.jpg",
        "detailPageURL": "https://www.amazon.com/dp/1620553279",
        "rating": "4.4",
        "totalReviews": "29",
        "subtitle": "Frohn, Birgit (Paperback)",
        "isPrimeEligible": "1"
    },
    {
        "ASIN": "B00965M61G",
        "title": "Etude House Real Art Cleansing Oil Moisture 185ml | Moist type cleansing oil effective for removing dead skin cells, cleansing away makeup residue and old skin cells",
        "price": "$18.50 ($2.96 / Fl Oz)",
        "listPrice": "",
        "imageUrl": "https://m.media-amazon.com/images/I/31DxJ-djBsL._SL160_.jpg",
        "detailPageURL": "https://www.amazon.com/dp/B00965M61G",
        "rating": "4.6",
        "totalReviews": "659",
        "subtitle": "Etude House",
        "isPrimeEligible": "1"
    },
    {
        "ASIN": "B07HBQ61TS",
        "title": "1Pcs 60ml/2oz Portable Empty Refillable Frosted Glass Press Bottle Cosmetic Cleansing Oil Emulsion Essence Cream Lotion Essential Oil Pump Dispenser Vial Container Jars(Green)",
        "price": "$7.76",
        "listPrice": "",
        "imageUrl": "https://m.media-amazon.com/images/I/31eD6RK9gqL._SL160_.jpg",
        "detailPageURL": "https://www.amazon.com/dp/B07HBQ61TS",
        "rating": "4.2",
        "totalReviews": "8",
        "subtitle": "",
        "isPrimeEligible": "1"
    },
    {
        "ASIN": "B09TDMH4QD",
        "title": "SEKKISEI Treatment Cleansing Oil, Facial Cleanser & Makeup Remover, 10.1 Ounce",
        "price": "$35.00 ($3.50 / Fl Oz)",
        "listPrice": "",
        "imageUrl": "https://m.media-amazon.com/images/I/311udXhMzsL._SL160_.jpg",
        "detailPageURL": "https://www.amazon.com/dp/B09TDMH4QD",
        "rating": "4.9",
        "totalReviews": "9",
        "subtitle": "SEKKISEI",
        "isPrimeEligible": "1"
    },
    {
        "ASIN": "B00EYOHGPU",
        "title": "Eau Thermale Avene XeraCalm A.D Lipid-Replenishing Cleansing Oil, Atopic Dermatitis, Eczema-Prone, Fragrance-Free, Pump, 13.5 oz.",
        "price": "$34.00 ($2.52 / Ounce)",
        "listPrice": "",
        "imageUrl": "https://m.media-amazon.com/images/I/41WZZ1WFYzL._SL160_.jpg",
        "detailPageURL": "https://www.amazon.com/dp/B00EYOHGPU",
        "rating": "4.7",
        "totalReviews": "1731",
        "subtitle": "",
        "isPrimeEligible": "1"
    },
    {
        "ASIN": "B01GFJ7BWY",
        "title": "Simple Kind To Skin Cleansing Oil, Hydrating, 4.2 Ounce",
        "price": "$12.99 ($3.09 / Ounce)",
        "listPrice": "",
        "imageUrl": "https://m.media-amazon.com/images/I/41IKs47ChiL._SL160_.jpg",
        "detailPageURL": "https://www.amazon.com/dp/B01GFJ7BWY",
        "rating": "4.2",
        "totalReviews": "23",
        "subtitle": "Simple",
        "isPrimeEligible": "0"
    },
    {
        "ASIN": "B09NY7SY7C",
        "title": "Sulwhasoo Gentle Lightweight, silky texture Korean Double Cleansing oil to melt away Waterproof Makeup, 1.69 fl. oz.",
        "price": "$13.00 ($7.69 / Fl Oz)",
        "listPrice": "",
        "imageUrl": "https://m.media-amazon.com/images/I/21vJTdQfmcL._SL160_.jpg",
        "detailPageURL": "https://www.amazon.com/dp/B09NY7SY7C",
        "rating": "4.4",
        "totalReviews": "814",
        "subtitle": "",
        "isPrimeEligible": "1"
    },
    {
        "ASIN": "B0BXBJD93F",
        "title": "Asmr Cleansing Oil",
        "price": "$0.99",
        "listPrice": "",
        "imageUrl": "https://m.media-amazon.com/images/I/51DST+vi62L._SL160_.jpg",
        "detailPageURL": "https://www.amazon.com/dp/B0BXBJD93F",
        "rating": "",
        "totalReviews": "",
        "subtitle": "",
        "isPrimeEligible": "0"
    },
    {
        "ASIN": "B0CB1Z15BJ",
        "title": "Bryce Gets Over Heartache and Moves On",
        "price": "",
        "listPrice": "",
        "imageUrl": "https://m.media-amazon.com/images/I/5183bz1JI3L._SL160_.jpg",
        "detailPageURL": "https://www.amazon.com/dp/B0CB1Z15BJ",
        "rating": "",
        "totalReviews": "",
        "subtitle": "",
        "isPrimeEligible": ""
    },
    {
        "ASIN": "1620553279",
        "title": "The Oil Pulling Miracle: Detoxify Simply and Effectively",
        "price": "$12.95",
        "listPrice": "",
        "imageUrl": "https://m.media-amazon.com/images/I/41gAMa7nHyL._SL160_.jpg",
        "detailPageURL": "https://www.amazon.com/dp/1620553279",
        "rating": "4.4",
        "totalReviews": "29",
        "subtitle": "Frohn, Birgit (Paperback)",
        "isPrimeEligible": "1"
    },
    {
        "ASIN": "B00965M61G",
        "title": "Etude House Real Art Cleansing Oil Moisture 185ml | Moist type cleansing oil effective for removing dead skin cells, cleansing away makeup residue and old skin cells",
        "price": "$18.50 ($2.96 / Fl Oz)",
        "listPrice": "",
        "imageUrl": "https://m.media-amazon.com/images/I/31DxJ-djBsL._SL160_.jpg",
        "detailPageURL": "https://www.amazon.com/dp/B00965M61G",
        "rating": "4.6",
        "totalReviews": "659",
        "subtitle": "Etude House",
        "isPrimeEligible": "1"
    },
    {
        "ASIN": "B07HBQ61TS",
        "title": "1Pcs 60ml/2oz Portable Empty Refillable Frosted Glass Press Bottle Cosmetic Cleansing Oil Emulsion Essence Cream Lotion Essential Oil Pump Dispenser Vial Container Jars(Green)",
        "price": "$7.76",
        "listPrice": "",
        "imageUrl": "https://m.media-amazon.com/images/I/31eD6RK9gqL._SL160_.jpg",
        "detailPageURL": "https://www.amazon.com/dp/B07HBQ61TS",
        "rating": "4.2",
        "totalReviews": "8",
        "subtitle": "",
        "isPrimeEligible": "1"
    },
    {
        "ASIN": "B09TDMH4QD",
        "title": "SEKKISEI Treatment Cleansing Oil, Facial Cleanser & Makeup Remover, 10.1 Ounce",
        "price": "$35.00 ($3.50 / Fl Oz)",
        "listPrice": "",
        "imageUrl": "https://m.media-amazon.com/images/I/311udXhMzsL._SL160_.jpg",
        "detailPageURL": "https://www.amazon.com/dp/B09TDMH4QD",
        "rating": "4.9",
        "totalReviews": "9",
        "subtitle": "SEKKISEI",
        "isPrimeEligible": "1"
    },
    {
        "ASIN": "B00EYOHGPU",
        "title": "Eau Thermale Avene XeraCalm A.D Lipid-Replenishing Cleansing Oil, Atopic Dermatitis, Eczema-Prone, Fragrance-Free, Pump, 13.5 oz.",
        "price": "$34.00 ($2.52 / Ounce)",
        "listPrice": "",
        "imageUrl": "https://m.media-amazon.com/images/I/41WZZ1WFYzL._SL160_.jpg",
        "detailPageURL": "https://www.amazon.com/dp/B00EYOHGPU",
        "rating": "4.7",
        "totalReviews": "1731",
        "subtitle": "",
        "isPrimeEligible": "1"
    },
    {
        "ASIN": "B01GFJ7BWY",
        "title": "Simple Kind To Skin Cleansing Oil, Hydrating, 4.2 Ounce",
        "price": "$12.99 ($3.09 / Ounce)",
        "listPrice": "",
        "imageUrl": "https://m.media-amazon.com/images/I/41IKs47ChiL._SL160_.jpg",
        "detailPageURL": "https://www.amazon.com/dp/B01GFJ7BWY",
        "rating": "4.2",
        "totalReviews": "23",
        "subtitle": "Simple",
        "isPrimeEligible": "0"
    },
    {
        "ASIN": "B071FCC3Y5",
        "title": "Plant Therapy Oil Facial Cleanser For Normal/Dry Skin 4 oz, Gently Removes Dirt, Makeup & Other Impurities",
        "price": "$14.49 ($3.62 / Fl Oz)",
        "listPrice": "",
        "imageUrl": "https://m.media-amazon.com/images/I/31LDwMLw72L._SL160_.jpg",
        "detailPageURL": "https://www.amazon.com/dp/B071FCC3Y5",
        "rating": "4.6",
        "totalReviews": "20",
        "subtitle": "Plant Therapy",
        "isPrimeEligible": "1"
    },
    {
        "ASIN": "B0BXBJD93F",
        "title": "Asmr Cleansing Oil",
        "price": "$0.99",
        "listPrice": "",
        "imageUrl": "https://m.media-amazon.com/images/I/51DST+vi62L._SL160_.jpg",
        "detailPageURL": "https://www.amazon.com/dp/B0BXBJD93F",
        "rating": "",
        "totalReviews": "",
        "subtitle": "",
        "isPrimeEligible": "0"
    },
    {
        "ASIN": "B0CB1Z15BJ",
        "title": "Bryce Gets Over Heartache and Moves On",
        "price": "",
        "listPrice": "",
        "imageUrl": "https://m.media-amazon.com/images/I/5183bz1JI3L._SL160_.jpg",
        "detailPageURL": "https://www.amazon.com/dp/B0CB1Z15BJ",
        "rating": "",
        "totalReviews": "",
        "subtitle": "",
        "isPrimeEligible": ""
    },
    {
        "ASIN": "1620553279",
        "title": "The Oil Pulling Miracle: Detoxify Simply and Effectively",
        "price": "$12.95",
        "listPrice": "",
        "imageUrl": "https://m.media-amazon.com/images/I/41gAMa7nHyL._SL160_.jpg",
        "detailPageURL": "https://www.amazon.com/dp/1620553279",
        "rating": "4.4",
        "totalReviews": "29",
        "subtitle": "Frohn, Birgit (Paperback)",
        "isPrimeEligible": "1"
    },
    {
        "ASIN": "B00965M61G",
        "title": "Etude House Real Art Cleansing Oil Moisture 185ml | Moist type cleansing oil effective for removing dead skin cells, cleansing away makeup residue and old skin cells",
        "price": "$18.50 ($2.96 / Fl Oz)",
        "listPrice": "",
        "imageUrl": "https://m.media-amazon.com/images/I/31DxJ-djBsL._SL160_.jpg",
        "detailPageURL": "https://www.amazon.com/dp/B00965M61G",
        "rating": "4.6",
        "totalReviews": "659",
        "subtitle": "Etude House",
        "isPrimeEligible": "1"
    },
    {
        "ASIN": "B07HBQ61TS",
        "title": "1Pcs 60ml/2oz Portable Empty Refillable Frosted Glass Press Bottle Cosmetic Cleansing Oil Emulsion Essence Cream Lotion Essential Oil Pump Dispenser Vial Container Jars(Green)",
        "price": "$7.76",
        "listPrice": "",
        "imageUrl": "https://m.media-amazon.com/images/I/31eD6RK9gqL._SL160_.jpg",
        "detailPageURL": "https://www.amazon.com/dp/B07HBQ61TS",
        "rating": "4.2",
        "totalReviews": "8",
        "subtitle": "",
        "isPrimeEligible": "1"
    },
    {
        "ASIN": "B09TDMH4QD",
        "title": "SEKKISEI Treatment Cleansing Oil, Facial Cleanser & Makeup Remover, 10.1 Ounce",
        "price": "$35.00 ($3.50 / Fl Oz)",
        "listPrice": "",
        "imageUrl": "https://m.media-amazon.com/images/I/311udXhMzsL._SL160_.jpg",
        "detailPageURL": "https://www.amazon.com/dp/B09TDMH4QD",
        "rating": "4.9",
        "totalReviews": "9",
        "subtitle": "SEKKISEI",
        "isPrimeEligible": "1"
    },
    {
        "ASIN": "B00EYOHGPU",
        "title": "Eau Thermale Avene XeraCalm A.D Lipid-Replenishing Cleansing Oil, Atopic Dermatitis, Eczema-Prone, Fragrance-Free, Pump, 13.5 oz.",
        "price": "$34.00 ($2.52 / Ounce)",
        "listPrice": "",
        "imageUrl": "https://m.media-amazon.com/images/I/41WZZ1WFYzL._SL160_.jpg",
        "detailPageURL": "https://www.amazon.com/dp/B00EYOHGPU",
        "rating": "4.7",
        "totalReviews": "1731",
        "subtitle": "",
        "isPrimeEligible": "1"
    },
    {
        "ASIN": "B01GFJ7BWY",
        "title": "Simple Kind To Skin Cleansing Oil, Hydrating, 4.2 Ounce",
        "price": "$12.99 ($3.09 / Ounce)",
        "listPrice": "",
        "imageUrl": "https://m.media-amazon.com/images/I/41IKs47ChiL._SL160_.jpg",
        "detailPageURL": "https://www.amazon.com/dp/B01GFJ7BWY",
        "rating": "4.2",
        "totalReviews": "23",
        "subtitle": "Simple",
        "isPrimeEligible": "0"
    },
    {
        "ASIN": "B071FCC3Y5",
        "title": "Plant Therapy Oil Facial Cleanser For Normal/Dry Skin 4 oz, Gently Removes Dirt, Makeup & Other Impurities",
        "price": "$14.49 ($3.62 / Fl Oz)",
        "listPrice": "",
        "imageUrl": "https://m.media-amazon.com/images/I/31LDwMLw72L._SL160_.jpg",
        "detailPageURL": "https://www.amazon.com/dp/B071FCC3Y5",
        "rating": "4.6",
        "totalReviews": "20",
        "subtitle": "Plant Therapy",
        "isPrimeEligible": "1"
    },
    {
        "ASIN": "B00RRT31M6",
        "title": "The Hands-On Home: A Seasonal Guide to Cooking, Preserving & Natural Homekeeping",
        "price": "$1.99",
        "listPrice": "",
        "imageUrl": "https://m.media-amazon.com/images/I/51v5B6HjqTL._SL160_.jpg",
        "detailPageURL": "https://www.amazon.com/dp/B00RRT31M6",
        "rating": "4.7",
        "totalReviews": "257",
        "subtitle": "",
        "isPrimeEligible": "0"
    },
    {
        "ASIN": "B0CB1Z15BJ",
        "title": "Bryce Gets Over Heartache and Moves On",
        "price": "",
        "listPrice": "",
        "imageUrl": "https://m.media-amazon.com/images/I/5183bz1JI3L._SL160_.jpg",
        "detailPageURL": "https://www.amazon.com/dp/B0CB1Z15BJ",
        "rating": "",
        "totalReviews": "",
        "subtitle": "",
        "isPrimeEligible": ""
    },
    {
        "ASIN": "1620553279",
        "title": "The Oil Pulling Miracle: Detoxify Simply and Effectively",
        "price": "$12.95",
        "listPrice": "",
        "imageUrl": "https://m.media-amazon.com/images/I/41gAMa7nHyL._SL160_.jpg",
        "detailPageURL": "https://www.amazon.com/dp/1620553279",
        "rating": "4.4",
        "totalReviews": "29",
        "subtitle": "Frohn, Birgit (Paperback)",
        "isPrimeEligible": "1"
    },
    {
        "ASIN": "B00965M61G",
        "title": "Etude House Real Art Cleansing Oil Moisture 185ml | Moist type cleansing oil effective for removing dead skin cells, cleansing away makeup residue and old skin cells",
        "price": "$18.50 ($2.96 / Fl Oz)",
        "listPrice": "",
        "imageUrl": "https://m.media-amazon.com/images/I/31DxJ-djBsL._SL160_.jpg",
        "detailPageURL": "https://www.amazon.com/dp/B00965M61G",
        "rating": "4.6",
        "totalReviews": "659",
        "subtitle": "Etude House",
        "isPrimeEligible": "1"
    },
    {
        "ASIN": "B07HBQ61TS",
        "title": "1Pcs 60ml/2oz Portable Empty Refillable Frosted Glass Press Bottle Cosmetic Cleansing Oil Emulsion Essence Cream Lotion Essential Oil Pump Dispenser Vial Container Jars(Green)",
        "price": "$7.76",
        "listPrice": "",
        "imageUrl": "https://m.media-amazon.com/images/I/31eD6RK9gqL._SL160_.jpg",
        "detailPageURL": "https://www.amazon.com/dp/B07HBQ61TS",
        "rating": "4.2",
        "totalReviews": "8",
        "subtitle": "",
        "isPrimeEligible": "1"
    },
    {
        "ASIN": "B09TDMH4QD",
        "title": "SEKKISEI Treatment Cleansing Oil, Facial Cleanser & Makeup Remover, 10.1 Ounce",
        "price": "$35.00 ($3.50 / Fl Oz)",
        "listPrice": "",
        "imageUrl": "https://m.media-amazon.com/images/I/311udXhMzsL._SL160_.jpg",
        "detailPageURL": "https://www.amazon.com/dp/B09TDMH4QD",
        "rating": "4.9",
        "totalReviews": "9",
        "subtitle": "SEKKISEI",
        "isPrimeEligible": "1"
    },
    {
        "ASIN": "B00EYOHGPU",
        "title": "Eau Thermale Avene XeraCalm A.D Lipid-Replenishing Cleansing Oil, Atopic Dermatitis, Eczema-Prone, Fragrance-Free, Pump, 13.5 oz.",
        "price": "$34.00 ($2.52 / Ounce)",
        "listPrice": "",
        "imageUrl": "https://m.media-amazon.com/images/I/41WZZ1WFYzL._SL160_.jpg",
        "detailPageURL": "https://www.amazon.com/dp/B00EYOHGPU",
        "rating": "4.7",
        "totalReviews": "1731",
        "subtitle": "",
        "isPrimeEligible": "1"
    },
    {
        "ASIN": "B01GFJ7BWY",
        "title": "Simple Kind To Skin Cleansing Oil, Hydrating, 4.2 Ounce",
        "price": "$12.99 ($3.09 / Ounce)",
        "listPrice": "",
        "imageUrl": "https://m.media-amazon.com/images/I/41IKs47ChiL._SL160_.jpg",
        "detailPageURL": "https://www.amazon.com/dp/B01GFJ7BWY",
        "rating": "4.2",
        "totalReviews": "23",
        "subtitle": "Simple",
        "isPrimeEligible": "0"
    },
    {
        "ASIN": "B071FCC3Y5",
        "title": "Plant Therapy Oil Facial Cleanser For Normal/Dry Skin 4 oz, Gently Removes Dirt, Makeup & Other Impurities",
        "price": "$14.49 ($3.62 / Fl Oz)",
        "listPrice": "",
        "imageUrl": "https://m.media-amazon.com/images/I/31LDwMLw72L._SL160_.jpg",
        "detailPageURL": "https://www.amazon.com/dp/B071FCC3Y5",
        "rating": "4.6",
        "totalReviews": "20",
        "subtitle": "Plant Therapy",
        "isPrimeEligible": "1"
    },
    {
        "ASIN": "B00RRT31M6",
        "title": "The Hands-On Home: A Seasonal Guide to Cooking, Preserving & Natural Homekeeping",
        "price": "$1.99",
        "listPrice": "",
        "imageUrl": "https://m.media-amazon.com/images/I/51v5B6HjqTL._SL160_.jpg",
        "detailPageURL": "https://www.amazon.com/dp/B00RRT31M6",
        "rating": "4.7",
        "totalReviews": "257",
        "subtitle": "",
        "isPrimeEligible": "0"
    },
    {
        "ASIN": "B00YADQFX4",
        "title": "Okay?",
        "price": "$0.00",
        "listPrice": "",
        "imageUrl": "https://m.media-amazon.com/images/I/51qvarM2vWL._SL160_.png",
        "detailPageURL": "https://www.amazon.com/dp/B00YADQFX4",
        "rating": "3.6",
        "totalReviews": "17",
        "subtitle": "",
        "isPrimeEligible": "0"
    },
    {
        "ASIN": "1620553279",
        "title": "The Oil Pulling Miracle: Detoxify Simply and Effectively",
        "price": "$12.95",
        "listPrice": "",
        "imageUrl": "https://m.media-amazon.com/images/I/41gAMa7nHyL._SL160_.jpg",
        "detailPageURL": "https://www.amazon.com/dp/1620553279",
        "rating": "4.4",
        "totalReviews": "29",
        "subtitle": "Frohn, Birgit (Paperback)",
        "isPrimeEligible": "1"
    },
    {
        "ASIN": "B00965M61G",
        "title": "Etude House Real Art Cleansing Oil Moisture 185ml | Moist type cleansing oil effective for removing dead skin cells, cleansing away makeup residue and old skin cells",
        "price": "$18.50 ($2.96 / Fl Oz)",
        "listPrice": "",
        "imageUrl": "https://m.media-amazon.com/images/I/31DxJ-djBsL._SL160_.jpg",
        "detailPageURL": "https://www.amazon.com/dp/B00965M61G",
        "rating": "4.6",
        "totalReviews": "659",
        "subtitle": "Etude House",
        "isPrimeEligible": "1"
    },
    {
        "ASIN": "B07HBQ61TS",
        "title": "1Pcs 60ml/2oz Portable Empty Refillable Frosted Glass Press Bottle Cosmetic Cleansing Oil Emulsion Essence Cream Lotion Essential Oil Pump Dispenser Vial Container Jars(Green)",
        "price": "$7.76",
        "listPrice": "",
        "imageUrl": "https://m.media-amazon.com/images/I/31eD6RK9gqL._SL160_.jpg",
        "detailPageURL": "https://www.amazon.com/dp/B07HBQ61TS",
        "rating": "4.2",
        "totalReviews": "8",
        "subtitle": "",
        "isPrimeEligible": "1"
    },
    {
        "ASIN": "B09TDMH4QD",
        "title": "SEKKISEI Treatment Cleansing Oil, Facial Cleanser & Makeup Remover, 10.1 Ounce",
        "price": "$35.00 ($3.50 / Fl Oz)",
        "listPrice": "",
        "imageUrl": "https://m.media-amazon.com/images/I/311udXhMzsL._SL160_.jpg",
        "detailPageURL": "https://www.amazon.com/dp/B09TDMH4QD",
        "rating": "4.9",
        "totalReviews": "9",
        "subtitle": "SEKKISEI",
        "isPrimeEligible": "1"
    },
    {
        "ASIN": "B00EYOHGPU",
        "title": "Eau Thermale Avene XeraCalm A.D Lipid-Replenishing Cleansing Oil, Atopic Dermatitis, Eczema-Prone, Fragrance-Free, Pump, 13.5 oz.",
        "price": "$34.00 ($2.52 / Ounce)",
        "listPrice": "",
        "imageUrl": "https://m.media-amazon.com/images/I/41WZZ1WFYzL._SL160_.jpg",
        "detailPageURL": "https://www.amazon.com/dp/B00EYOHGPU",
        "rating": "4.7",
        "totalReviews": "1731",
        "subtitle": "",
        "isPrimeEligible": "1"
    },
    {
        "ASIN": "B01GFJ7BWY",
        "title": "Simple Kind To Skin Cleansing Oil, Hydrating, 4.2 Ounce",
        "price": "$12.99 ($3.09 / Ounce)",
        "listPrice": "",
        "imageUrl": "https://m.media-amazon.com/images/I/41IKs47ChiL._SL160_.jpg",
        "detailPageURL": "https://www.amazon.com/dp/B01GFJ7BWY",
        "rating": "4.2",
        "totalReviews": "23",
        "subtitle": "Simple",
        "isPrimeEligible": "0"
    },
    {
        "ASIN": "B071FCC3Y5",
        "title": "Plant Therapy Oil Facial Cleanser For Normal/Dry Skin 4 oz, Gently Removes Dirt, Makeup & Other Impurities",
        "price": "$14.49 ($3.62 / Fl Oz)",
        "listPrice": "",
        "imageUrl": "https://m.media-amazon.com/images/I/31LDwMLw72L._SL160_.jpg",
        "detailPageURL": "https://www.amazon.com/dp/B071FCC3Y5",
        "rating": "4.6",
        "totalReviews": "20",
        "subtitle": "Plant Therapy",
        "isPrimeEligible": "1"
    },
    {
        "ASIN": "B00RRT31M6",
        "title": "The Hands-On Home: A Seasonal Guide to Cooking, Preserving & Natural Homekeeping",
        "price": "$1.99",
        "listPrice": "",
        "imageUrl": "https://m.media-amazon.com/images/I/51v5B6HjqTL._SL160_.jpg",
        "detailPageURL": "https://www.amazon.com/dp/B00RRT31M6",
        "rating": "4.7",
        "totalReviews": "257",
        "subtitle": "",
        "isPrimeEligible": "0"
    },
    {
        "ASIN": "B00YADQFX4",
        "title": "Okay?",
        "price": "$0.00",
        "listPrice": "",
        "imageUrl": "https://m.media-amazon.com/images/I/51qvarM2vWL._SL160_.png",
        "detailPageURL": "https://www.amazon.com/dp/B00YADQFX4",
        "rating": "3.6",
        "totalReviews": "17",
        "subtitle": "",
        "isPrimeEligible": "0"
    },
    {
        "ASIN": "B01CJ639SM",
        "title": "HEIMISH All Clean Balm 4.0fl.oz/120ml - Multi-Purpose Cleansing Balm | Makeup Remover, Face Wash, Pore Care, Blackhead Care, Moisturizer | Natural Aroma Oil, Balm-to-Oil Formula | Korean Skincare",
        "price": "$11.99 ($2.96 / Ounce)",
        "listPrice": "$18.00 ($4.44 / Ounce)",
        "imageUrl": "https://m.media-amazon.com/images/I/31hpBwouz0L._SL160_.jpg",
        "detailPageURL": "https://www.amazon.com/dp/B01CJ639SM",
        "rating": "4.6",
        "totalReviews": "3920",
        "subtitle": "HEIMISH",
        "isPrimeEligible": "0"
    },
    {
        "ASIN": "B00965M61G",
        "title": "Etude House Real Art Cleansing Oil Moisture 185ml | Moist type cleansing oil effective for removing dead skin cells, cleansing away makeup residue and old skin cells",
        "price": "$18.50 ($2.96 / Fl Oz)",
        "listPrice": "",
        "imageUrl": "https://m.media-amazon.com/images/I/31DxJ-djBsL._SL160_.jpg",
        "detailPageURL": "https://www.amazon.com/dp/B00965M61G",
        "rating": "4.6",
        "totalReviews": "659",
        "subtitle": "Etude House",
        "isPrimeEligible": "1"
    },
    {
        "ASIN": "B07HBQ61TS",
        "title": "1Pcs 60ml/2oz Portable Empty Refillable Frosted Glass Press Bottle Cosmetic Cleansing Oil Emulsion Essence Cream Lotion Essential Oil Pump Dispenser Vial Container Jars(Green)",
        "price": "$7.76",
        "listPrice": "",
        "imageUrl": "https://m.media-amazon.com/images/I/31eD6RK9gqL._SL160_.jpg",
        "detailPageURL": "https://www.amazon.com/dp/B07HBQ61TS",
        "rating": "4.2",
        "totalReviews": "8",
        "subtitle": "",
        "isPrimeEligible": "1"
    },
    {
        "ASIN": "B09TDMH4QD",
        "title": "SEKKISEI Treatment Cleansing Oil, Facial Cleanser & Makeup Remover, 10.1 Ounce",
        "price": "$35.00 ($3.50 / Fl Oz)",
        "listPrice": "",
        "imageUrl": "https://m.media-amazon.com/images/I/311udXhMzsL._SL160_.jpg",
        "detailPageURL": "https://www.amazon.com/dp/B09TDMH4QD",
        "rating": "4.9",
        "totalReviews": "9",
        "subtitle": "SEKKISEI",
        "isPrimeEligible": "1"
    },
    {
        "ASIN": "B00EYOHGPU",
        "title": "Eau Thermale Avene XeraCalm A.D Lipid-Replenishing Cleansing Oil, Atopic Dermatitis, Eczema-Prone, Fragrance-Free, Pump, 13.5 oz.",
        "price": "$34.00 ($2.52 / Ounce)",
        "listPrice": "",
        "imageUrl": "https://m.media-amazon.com/images/I/41WZZ1WFYzL._SL160_.jpg",
        "detailPageURL": "https://www.amazon.com/dp/B00EYOHGPU",
        "rating": "4.7",
        "totalReviews": "1731",
        "subtitle": "",
        "isPrimeEligible": "1"
    },
    {
        "ASIN": "B01GFJ7BWY",
        "title": "Simple Kind To Skin Cleansing Oil, Hydrating, 4.2 Ounce",
        "price": "$12.99 ($3.09 / Ounce)",
        "listPrice": "",
        "imageUrl": "https://m.media-amazon.com/images/I/41IKs47ChiL._SL160_.jpg",
        "detailPageURL": "https://www.amazon.com/dp/B01GFJ7BWY",
        "rating": "4.2",
        "totalReviews": "23",
        "subtitle": "Simple",
        "isPrimeEligible": "0"
    },
    {
        "ASIN": "B071FCC3Y5",
        "title": "Plant Therapy Oil Facial Cleanser For Normal/Dry Skin 4 oz, Gently Removes Dirt, Makeup & Other Impurities",
        "price": "$14.49 ($3.62 / Fl Oz)",
        "listPrice": "",
        "imageUrl": "https://m.media-amazon.com/images/I/31LDwMLw72L._SL160_.jpg",
        "detailPageURL": "https://www.amazon.com/dp/B071FCC3Y5",
        "rating": "4.6",
        "totalReviews": "20",
        "subtitle": "Plant Therapy",
        "isPrimeEligible": "1"
    },
    {
        "ASIN": "B00RRT31M6",
        "title": "The Hands-On Home: A Seasonal Guide to Cooking, Preserving & Natural Homekeeping",
        "price": "$1.99",
        "listPrice": "",
        "imageUrl": "https://m.media-amazon.com/images/I/51v5B6HjqTL._SL160_.jpg",
        "detailPageURL": "https://www.amazon.com/dp/B00RRT31M6",
        "rating": "4.7",
        "totalReviews": "257",
        "subtitle": "",
        "isPrimeEligible": "0"
    },
    {
        "ASIN": "B00YADQFX4",
        "title": "Okay?",
        "price": "$0.00",
        "listPrice": "",
        "imageUrl": "https://m.media-amazon.com/images/I/51qvarM2vWL._SL160_.png",
        "detailPageURL": "https://www.amazon.com/dp/B00YADQFX4",
        "rating": "3.6",
        "totalReviews": "17",
        "subtitle": "",
        "isPrimeEligible": "0"
    },
    {
        "ASIN": "B01CJ639SM",
        "title": "HEIMISH All Clean Balm 4.0fl.oz/120ml - Multi-Purpose Cleansing Balm | Makeup Remover, Face Wash, Pore Care, Blackhead Care, Moisturizer | Natural Aroma Oil, Balm-to-Oil Formula | Korean Skincare",
        "price": "$11.99 ($2.96 / Ounce)",
        "listPrice": "$18.00 ($4.44 / Ounce)",
        "imageUrl": "https://m.media-amazon.com/images/I/31hpBwouz0L._SL160_.jpg",
        "detailPageURL": "https://www.amazon.com/dp/B01CJ639SM",
        "rating": "4.6",
        "totalReviews": "3920",
        "subtitle": "HEIMISH",
        "isPrimeEligible": "0"
    },
    {
        "ASIN": "B06Y2YWVT3",
        "title": "OPTASE Tea Tree Oil Eyelid Wipes - Eyelid Cleansing Wipes for Dry Eyes - Tea Tree Wipes for Blepharitis Treatment - Preservative Free, Natural Ingredients - Step 2 Cleanse - TTO Eye Wipes, Box of 20",
        "price": "$16.96 ($0.85 / Count)",
        "listPrice": "$24.95 ($1.25 / Count)",
        "imageUrl": "https://m.media-amazon.com/images/I/51SmCeki+AL._SL160_.jpg",
        "detailPageURL": "https://www.amazon.com/dp/B06Y2YWVT3",
        "rating": "4.5",
        "totalReviews": "2594",
        "subtitle": "",
        "isPrimeEligible": "1"
    },
    {
        "ASIN": "B07HBQ61TS",
        "title": "1Pcs 60ml/2oz Portable Empty Refillable Frosted Glass Press Bottle Cosmetic Cleansing Oil Emulsion Essence Cream Lotion Essential Oil Pump Dispenser Vial Container Jars(Green)",
        "price": "$7.76",
        "listPrice": "",
        "imageUrl": "https://m.media-amazon.com/images/I/31eD6RK9gqL._SL160_.jpg",
        "detailPageURL": "https://www.amazon.com/dp/B07HBQ61TS",
        "rating": "4.2",
        "totalReviews": "8",
        "subtitle": "",
        "isPrimeEligible": "1"
    },
    {
        "ASIN": "B09TDMH4QD",
        "title": "SEKKISEI Treatment Cleansing Oil, Facial Cleanser & Makeup Remover, 10.1 Ounce",
        "price": "$35.00 ($3.50 / Fl Oz)",
        "listPrice": "",
        "imageUrl": "https://m.media-amazon.com/images/I/311udXhMzsL._SL160_.jpg",
        "detailPageURL": "https://www.amazon.com/dp/B09TDMH4QD",
        "rating": "4.9",
        "totalReviews": "9",
        "subtitle": "SEKKISEI",
        "isPrimeEligible": "1"
    },
    {
        "ASIN": "B00EYOHGPU",
        "title": "Eau Thermale Avene XeraCalm A.D Lipid-Replenishing Cleansing Oil, Atopic Dermatitis, Eczema-Prone, Fragrance-Free, Pump, 13.5 oz.",
        "price": "$34.00 ($2.52 / Ounce)",
        "listPrice": "",
        "imageUrl": "https://m.media-amazon.com/images/I/41WZZ1WFYzL._SL160_.jpg",
        "detailPageURL": "https://www.amazon.com/dp/B00EYOHGPU",
        "rating": "4.7",
        "totalReviews": "1731",
        "subtitle": "",
        "isPrimeEligible": "1"
    },
    {
        "ASIN": "B01GFJ7BWY",
        "title": "Simple Kind To Skin Cleansing Oil, Hydrating, 4.2 Ounce",
        "price": "$12.99 ($3.09 / Ounce)",
        "listPrice": "",
        "imageUrl": "https://m.media-amazon.com/images/I/41IKs47ChiL._SL160_.jpg",
        "detailPageURL": "https://www.amazon.com/dp/B01GFJ7BWY",
        "rating": "4.2",
        "totalReviews": "23",
        "subtitle": "Simple",
        "isPrimeEligible": "0"
    },
    {
        "ASIN": "B071FCC3Y5",
        "title": "Plant Therapy Oil Facial Cleanser For Normal/Dry Skin 4 oz, Gently Removes Dirt, Makeup & Other Impurities",
        "price": "$14.49 ($3.62 / Fl Oz)",
        "listPrice": "",
        "imageUrl": "https://m.media-amazon.com/images/I/31LDwMLw72L._SL160_.jpg",
        "detailPageURL": "https://www.amazon.com/dp/B071FCC3Y5",
        "rating": "4.6",
        "totalReviews": "20",
        "subtitle": "Plant Therapy",
        "isPrimeEligible": "1"
    },
    {
        "ASIN": "B00RRT31M6",
        "title": "The Hands-On Home: A Seasonal Guide to Cooking, Preserving & Natural Homekeeping",
        "price": "$1.99",
        "listPrice": "",
        "imageUrl": "https://m.media-amazon.com/images/I/51v5B6HjqTL._SL160_.jpg",
        "detailPageURL": "https://www.amazon.com/dp/B00RRT31M6",
        "rating": "4.7",
        "totalReviews": "257",
        "subtitle": "",
        "isPrimeEligible": "0"
    },
    {
        "ASIN": "B00YADQFX4",
        "title": "Okay?",
        "price": "$0.00",
        "listPrice": "",
        "imageUrl": "https://m.media-amazon.com/images/I/51qvarM2vWL._SL160_.png",
        "detailPageURL": "https://www.amazon.com/dp/B00YADQFX4",
        "rating": "3.6",
        "totalReviews": "17",
        "subtitle": "",
        "isPrimeEligible": "0"
    },
    {
        "ASIN": "B01CJ639SM",
        "title": "HEIMISH All Clean Balm 4.0fl.oz/120ml - Multi-Purpose Cleansing Balm | Makeup Remover, Face Wash, Pore Care, Blackhead Care, Moisturizer | Natural Aroma Oil, Balm-to-Oil Formula | Korean Skincare",
        "price": "$11.99 ($2.96 / Ounce)",
        "listPrice": "$18.00 ($4.44 / Ounce)",
        "imageUrl": "https://m.media-amazon.com/images/I/31hpBwouz0L._SL160_.jpg",
        "detailPageURL": "https://www.amazon.com/dp/B01CJ639SM",
        "rating": "4.6",
        "totalReviews": "3920",
        "subtitle": "HEIMISH",
        "isPrimeEligible": "0"
    },
    {
        "ASIN": "B06Y2YWVT3",
        "title": "OPTASE Tea Tree Oil Eyelid Wipes - Eyelid Cleansing Wipes for Dry Eyes - Tea Tree Wipes for Blepharitis Treatment - Preservative Free, Natural Ingredients - Step 2 Cleanse - TTO Eye Wipes, Box of 20",
        "price": "$16.96 ($0.85 / Count)",
        "listPrice": "$24.95 ($1.25 / Count)",
        "imageUrl": "https://m.media-amazon.com/images/I/51SmCeki+AL._SL160_.jpg",
        "detailPageURL": "https://www.amazon.com/dp/B06Y2YWVT3",
        "rating": "4.5",
        "totalReviews": "2594",
        "subtitle": "",
        "isPrimeEligible": "1"
    },
    {
        "ASIN": "B00D7IA7KU",
        "title": "DHC Pore Cleansing Oil, Facial Cleansing Oil, Makeup Remover, Unclog Pores, Residue-Free, Ideal for Oily and Acne Prone Skin, Fragrance and Colorant Free, 5 fl. oz.",
        "price": "$29.00 ($5.80 / Fl Oz)",
        "listPrice": "",
        "imageUrl": "https://m.media-amazon.com/images/I/31YasLmy0WL._SL160_.jpg",
        "detailPageURL": "https://www.amazon.com/dp/B00D7IA7KU",
        "rating": "4.6",
        "totalReviews": "255",
        "subtitle": "DHC",
        "isPrimeEligible": "1"
    },
    {
        "ASIN": "B09TDMH4QD",
        "title": "SEKKISEI Treatment Cleansing Oil, Facial Cleanser & Makeup Remover, 10.1 Ounce",
        "price": "$35.00 ($3.50 / Fl Oz)",
        "listPrice": "",
        "imageUrl": "https://m.media-amazon.com/images/I/311udXhMzsL._SL160_.jpg",
        "detailPageURL": "https://www.amazon.com/dp/B09TDMH4QD",
        "rating": "4.9",
        "totalReviews": "9",
        "subtitle": "SEKKISEI",
        "isPrimeEligible": "1"
    },
    {
        "ASIN": "B00EYOHGPU",
        "title": "Eau Thermale Avene XeraCalm A.D Lipid-Replenishing Cleansing Oil, Atopic Dermatitis, Eczema-Prone, Fragrance-Free, Pump, 13.5 oz.",
        "price": "$34.00 ($2.52 / Ounce)",
        "listPrice": "",
        "imageUrl": "https://m.media-amazon.com/images/I/41WZZ1WFYzL._SL160_.jpg",
        "detailPageURL": "https://www.amazon.com/dp/B00EYOHGPU",
        "rating": "4.7",
        "totalReviews": "1731",
        "subtitle": "",
        "isPrimeEligible": "1"
    },
    {
        "ASIN": "B01GFJ7BWY",
        "title": "Simple Kind To Skin Cleansing Oil, Hydrating, 4.2 Ounce",
        "price": "$12.99 ($3.09 / Ounce)",
        "listPrice": "",
        "imageUrl": "https://m.media-amazon.com/images/I/41IKs47ChiL._SL160_.jpg",
        "detailPageURL": "https://www.amazon.com/dp/B01GFJ7BWY",
        "rating": "4.2",
        "totalReviews": "23",
        "subtitle": "Simple",
        "isPrimeEligible": "0"
    },
    {
        "ASIN": "B071FCC3Y5",
        "title": "Plant Therapy Oil Facial Cleanser For Normal/Dry Skin 4 oz, Gently Removes Dirt, Makeup & Other Impurities",
        "price": "$14.49 ($3.62 / Fl Oz)",
        "listPrice": "",
        "imageUrl": "https://m.media-amazon.com/images/I/31LDwMLw72L._SL160_.jpg",
        "detailPageURL": "https://www.amazon.com/dp/B071FCC3Y5",
        "rating": "4.6",
        "totalReviews": "20",
        "subtitle": "Plant Therapy",
        "isPrimeEligible": "1"
    },
    {
        "ASIN": "B00RRT31M6",
        "title": "The Hands-On Home: A Seasonal Guide to Cooking, Preserving & Natural Homekeeping",
        "price": "$1.99",
        "listPrice": "",
        "imageUrl": "https://m.media-amazon.com/images/I/51v5B6HjqTL._SL160_.jpg",
        "detailPageURL": "https://www.amazon.com/dp/B00RRT31M6",
        "rating": "4.7",
        "totalReviews": "257",
        "subtitle": "",
        "isPrimeEligible": "0"
    },
    {
        "ASIN": "B00YADQFX4",
        "title": "Okay?",
        "price": "$0.00",
        "listPrice": "",
        "imageUrl": "https://m.media-amazon.com/images/I/51qvarM2vWL._SL160_.png",
        "detailPageURL": "https://www.amazon.com/dp/B00YADQFX4",
        "rating": "3.6",
        "totalReviews": "17",
        "subtitle": "",
        "isPrimeEligible": "0"
    },
    {
        "ASIN": "B01CJ639SM",
        "title": "HEIMISH All Clean Balm 4.0fl.oz/120ml - Multi-Purpose Cleansing Balm | Makeup Remover, Face Wash, Pore Care, Blackhead Care, Moisturizer | Natural Aroma Oil, Balm-to-Oil Formula | Korean Skincare",
        "price": "$11.99 ($2.96 / Ounce)",
        "listPrice": "$18.00 ($4.44 / Ounce)",
        "imageUrl": "https://m.media-amazon.com/images/I/31hpBwouz0L._SL160_.jpg",
        "detailPageURL": "https://www.amazon.com/dp/B01CJ639SM",
        "rating": "4.6",
        "totalReviews": "3920",
        "subtitle": "HEIMISH",
        "isPrimeEligible": "0"
    },
    {
        "ASIN": "B06Y2YWVT3",
        "title": "OPTASE Tea Tree Oil Eyelid Wipes - Eyelid Cleansing Wipes for Dry Eyes - Tea Tree Wipes for Blepharitis Treatment - Preservative Free, Natural Ingredients - Step 2 Cleanse - TTO Eye Wipes, Box of 20",
        "price": "$16.96 ($0.85 / Count)",
        "listPrice": "$24.95 ($1.25 / Count)",
        "imageUrl": "https://m.media-amazon.com/images/I/51SmCeki+AL._SL160_.jpg",
        "detailPageURL": "https://www.amazon.com/dp/B06Y2YWVT3",
        "rating": "4.5",
        "totalReviews": "2594",
        "subtitle": "",
        "isPrimeEligible": "1"
    },
    {
        "ASIN": "B00D7IA7KU",
        "title": "DHC Pore Cleansing Oil, Facial Cleansing Oil, Makeup Remover, Unclog Pores, Residue-Free, Ideal for Oily and Acne Prone Skin, Fragrance and Colorant Free, 5 fl. oz.",
        "price": "$29.00 ($5.80 / Fl Oz)",
        "listPrice": "",
        "imageUrl": "https://m.media-amazon.com/images/I/31YasLmy0WL._SL160_.jpg",
        "detailPageURL": "https://www.amazon.com/dp/B00D7IA7KU",
        "rating": "4.6",
        "totalReviews": "255",
        "subtitle": "DHC",
        "isPrimeEligible": "1"
    },
    {
        "ASIN": "B088WJPBTX",
        "title": "SHVYOG Blackhead Peel Off Face Mask, 3-in-1 Blackhead Remover Mask with Brush & Tea Tree Oil Serum, Charcoal Mask for Deep Cleansing Dirts, Pores, Skin Oil (100g+30ml)",
        "price": "$11.99",
        "listPrice": "",
        "imageUrl": "https://m.media-amazon.com/images/I/41bHFKickML._SL160_.jpg",
        "detailPageURL": "https://www.amazon.com/dp/B088WJPBTX",
        "rating": "4.2",
        "totalReviews": "7528",
        "subtitle": "SHVYOG",
        "isPrimeEligible": "1"
    },
    {
        "ASIN": "B00EYOHGPU",
        "title": "Eau Thermale Avene XeraCalm A.D Lipid-Replenishing Cleansing Oil, Atopic Dermatitis, Eczema-Prone, Fragrance-Free, Pump, 13.5 oz.",
        "price": "$34.00 ($2.52 / Ounce)",
        "listPrice": "",
        "imageUrl": "https://m.media-amazon.com/images/I/41WZZ1WFYzL._SL160_.jpg",
        "detailPageURL": "https://www.amazon.com/dp/B00EYOHGPU",
        "rating": "4.7",
        "totalReviews": "1731",
        "subtitle": "",
        "isPrimeEligible": "1"
    },
    {
        "ASIN": "B01GFJ7BWY",
        "title": "Simple Kind To Skin Cleansing Oil, Hydrating, 4.2 Ounce",
        "price": "$12.99 ($3.09 / Ounce)",
        "listPrice": "",
        "imageUrl": "https://m.media-amazon.com/images/I/41IKs47ChiL._SL160_.jpg",
        "detailPageURL": "https://www.amazon.com/dp/B01GFJ7BWY",
        "rating": "4.2",
        "totalReviews": "23",
        "subtitle": "Simple",
        "isPrimeEligible": "0"
    },
    {
        "ASIN": "B071FCC3Y5",
        "title": "Plant Therapy Oil Facial Cleanser For Normal/Dry Skin 4 oz, Gently Removes Dirt, Makeup & Other Impurities",
        "price": "$14.49 ($3.62 / Fl Oz)",
        "listPrice": "",
        "imageUrl": "https://m.media-amazon.com/images/I/31LDwMLw72L._SL160_.jpg",
        "detailPageURL": "https://www.amazon.com/dp/B071FCC3Y5",
        "rating": "4.6",
        "totalReviews": "20",
        "subtitle": "Plant Therapy",
        "isPrimeEligible": "1"
    },
    {
        "ASIN": "B00RRT31M6",
        "title": "The Hands-On Home: A Seasonal Guide to Cooking, Preserving & Natural Homekeeping",
        "price": "$1.99",
        "listPrice": "",
        "imageUrl": "https://m.media-amazon.com/images/I/51v5B6HjqTL._SL160_.jpg",
        "detailPageURL": "https://www.amazon.com/dp/B00RRT31M6",
        "rating": "4.7",
        "totalReviews": "257",
        "subtitle": "",
        "isPrimeEligible": "0"
    },
    {
        "ASIN": "B00YADQFX4",
        "title": "Okay?",
        "price": "$0.00",
        "listPrice": "",
        "imageUrl": "https://m.media-amazon.com/images/I/51qvarM2vWL._SL160_.png",
        "detailPageURL": "https://www.amazon.com/dp/B00YADQFX4",
        "rating": "3.6",
        "totalReviews": "17",
        "subtitle": "",
        "isPrimeEligible": "0"
    },
    {
        "ASIN": "B01CJ639SM",
        "title": "HEIMISH All Clean Balm 4.0fl.oz/120ml - Multi-Purpose Cleansing Balm | Makeup Remover, Face Wash, Pore Care, Blackhead Care, Moisturizer | Natural Aroma Oil, Balm-to-Oil Formula | Korean Skincare",
        "price": "$11.99 ($2.96 / Ounce)",
        "listPrice": "$18.00 ($4.44 / Ounce)",
        "imageUrl": "https://m.media-amazon.com/images/I/31hpBwouz0L._SL160_.jpg",
        "detailPageURL": "https://www.amazon.com/dp/B01CJ639SM",
        "rating": "4.6",
        "totalReviews": "3920",
        "subtitle": "HEIMISH",
        "isPrimeEligible": "0"
    },
    {
        "ASIN": "B06Y2YWVT3",
        "title": "OPTASE Tea Tree Oil Eyelid Wipes - Eyelid Cleansing Wipes for Dry Eyes - Tea Tree Wipes for Blepharitis Treatment - Preservative Free, Natural Ingredients - Step 2 Cleanse - TTO Eye Wipes, Box of 20",
        "price": "$16.96 ($0.85 / Count)",
        "listPrice": "$24.95 ($1.25 / Count)",
        "imageUrl": "https://m.media-amazon.com/images/I/51SmCeki+AL._SL160_.jpg",
        "detailPageURL": "https://www.amazon.com/dp/B06Y2YWVT3",
        "rating": "4.5",
        "totalReviews": "2594",
        "subtitle": "",
        "isPrimeEligible": "1"
    },
    {
        "ASIN": "B00D7IA7KU",
        "title": "DHC Pore Cleansing Oil, Facial Cleansing Oil, Makeup Remover, Unclog Pores, Residue-Free, Ideal for Oily and Acne Prone Skin, Fragrance and Colorant Free, 5 fl. oz.",
        "price": "$29.00 ($5.80 / Fl Oz)",
        "listPrice": "",
        "imageUrl": "https://m.media-amazon.com/images/I/31YasLmy0WL._SL160_.jpg",
        "detailPageURL": "https://www.amazon.com/dp/B00D7IA7KU",
        "rating": "4.6",
        "totalReviews": "255",
        "subtitle": "DHC",
        "isPrimeEligible": "1"
    },
    {
        "ASIN": "B088WJPBTX",
        "title": "SHVYOG Blackhead Peel Off Face Mask, 3-in-1 Blackhead Remover Mask with Brush & Tea Tree Oil Serum, Charcoal Mask for Deep Cleansing Dirts, Pores, Skin Oil (100g+30ml)",
        "price": "$11.99",
        "listPrice": "",
        "imageUrl": "https://m.media-amazon.com/images/I/41bHFKickML._SL160_.jpg",
        "detailPageURL": "https://www.amazon.com/dp/B088WJPBTX",
        "rating": "4.2",
        "totalReviews": "7528",
        "subtitle": "SHVYOG",
        "isPrimeEligible": "1"
    },
    {
        "ASIN": "B0C43LK22L",
        "title": "Cleansing with Essential Oils",
        "price": "$0.99",
        "listPrice": "",
        "imageUrl": "https://m.media-amazon.com/images/I/41yxL93OoUL._SL160_.jpg",
        "detailPageURL": "https://www.amazon.com/dp/B0C43LK22L",
        "rating": "",
        "totalReviews": "",
        "subtitle": "",
        "isPrimeEligible": "0"
    },
    {
        "ASIN": "B01GFJ7BWY",
        "title": "Simple Kind To Skin Cleansing Oil, Hydrating, 4.2 Ounce",
        "price": "$12.99 ($3.09 / Ounce)",
        "listPrice": "",
        "imageUrl": "https://m.media-amazon.com/images/I/41IKs47ChiL._SL160_.jpg",
        "detailPageURL": "https://www.amazon.com/dp/B01GFJ7BWY",
        "rating": "4.2",
        "totalReviews": "23",
        "subtitle": "Simple",
        "isPrimeEligible": "0"
    },
    {
        "ASIN": "B071FCC3Y5",
        "title": "Plant Therapy Oil Facial Cleanser For Normal/Dry Skin 4 oz, Gently Removes Dirt, Makeup & Other Impurities",
        "price": "$14.49 ($3.62 / Fl Oz)",
        "listPrice": "",
        "imageUrl": "https://m.media-amazon.com/images/I/31LDwMLw72L._SL160_.jpg",
        "detailPageURL": "https://www.amazon.com/dp/B071FCC3Y5",
        "rating": "4.6",
        "totalReviews": "20",
        "subtitle": "Plant Therapy",
        "isPrimeEligible": "1"
    },
    {
        "ASIN": "B00RRT31M6",
        "title": "The Hands-On Home: A Seasonal Guide to Cooking, Preserving & Natural Homekeeping",
        "price": "$1.99",
        "listPrice": "",
        "imageUrl": "https://m.media-amazon.com/images/I/51v5B6HjqTL._SL160_.jpg",
        "detailPageURL": "https://www.amazon.com/dp/B00RRT31M6",
        "rating": "4.7",
        "totalReviews": "257",
        "subtitle": "",
        "isPrimeEligible": "0"
    },
    {
        "ASIN": "B00YADQFX4",
        "title": "Okay?",
        "price": "$0.00",
        "listPrice": "",
        "imageUrl": "https://m.media-amazon.com/images/I/51qvarM2vWL._SL160_.png",
        "detailPageURL": "https://www.amazon.com/dp/B00YADQFX4",
        "rating": "3.6",
        "totalReviews": "17",
        "subtitle": "",
        "isPrimeEligible": "0"
    },
    {
        "ASIN": "B01CJ639SM",
        "title": "HEIMISH All Clean Balm 4.0fl.oz/120ml - Multi-Purpose Cleansing Balm | Makeup Remover, Face Wash, Pore Care, Blackhead Care, Moisturizer | Natural Aroma Oil, Balm-to-Oil Formula | Korean Skincare",
        "price": "$11.99 ($2.96 / Ounce)",
        "listPrice": "$18.00 ($4.44 / Ounce)",
        "imageUrl": "https://m.media-amazon.com/images/I/31hpBwouz0L._SL160_.jpg",
        "detailPageURL": "https://www.amazon.com/dp/B01CJ639SM",
        "rating": "4.6",
        "totalReviews": "3920",
        "subtitle": "HEIMISH",
        "isPrimeEligible": "0"
    },
    {
        "ASIN": "B06Y2YWVT3",
        "title": "OPTASE Tea Tree Oil Eyelid Wipes - Eyelid Cleansing Wipes for Dry Eyes - Tea Tree Wipes for Blepharitis Treatment - Preservative Free, Natural Ingredients - Step 2 Cleanse - TTO Eye Wipes, Box of 20",
        "price": "$16.96 ($0.85 / Count)",
        "listPrice": "$24.95 ($1.25 / Count)",
        "imageUrl": "https://m.media-amazon.com/images/I/51SmCeki+AL._SL160_.jpg",
        "detailPageURL": "https://www.amazon.com/dp/B06Y2YWVT3",
        "rating": "4.5",
        "totalReviews": "2594",
        "subtitle": "",
        "isPrimeEligible": "1"
    },
    {
        "ASIN": "B00D7IA7KU",
        "title": "DHC Pore Cleansing Oil, Facial Cleansing Oil, Makeup Remover, Unclog Pores, Residue-Free, Ideal for Oily and Acne Prone Skin, Fragrance and Colorant Free, 5 fl. oz.",
        "price": "$29.00 ($5.80 / Fl Oz)",
        "listPrice": "",
        "imageUrl": "https://m.media-amazon.com/images/I/31YasLmy0WL._SL160_.jpg",
        "detailPageURL": "https://www.amazon.com/dp/B00D7IA7KU",
        "rating": "4.6",
        "totalReviews": "255",
        "subtitle": "DHC",
        "isPrimeEligible": "1"
    },
    {
        "ASIN": "B088WJPBTX",
        "title": "SHVYOG Blackhead Peel Off Face Mask, 3-in-1 Blackhead Remover Mask with Brush & Tea Tree Oil Serum, Charcoal Mask for Deep Cleansing Dirts, Pores, Skin Oil (100g+30ml)",
        "price": "$11.99",
        "listPrice": "",
        "imageUrl": "https://m.media-amazon.com/images/I/41bHFKickML._SL160_.jpg",
        "detailPageURL": "https://www.amazon.com/dp/B088WJPBTX",
        "rating": "4.2",
        "totalReviews": "7528",
        "subtitle": "SHVYOG",
        "isPrimeEligible": "1"
    },
    {
        "ASIN": "B0C43LK22L",
        "title": "Cleansing with Essential Oils",
        "price": "$0.99",
        "listPrice": "",
        "imageUrl": "https://m.media-amazon.com/images/I/41yxL93OoUL._SL160_.jpg",
        "detailPageURL": "https://www.amazon.com/dp/B0C43LK22L",
        "rating": "",
        "totalReviews": "",
        "subtitle": "",
        "isPrimeEligible": "0"
    },
    {
        "ASIN": "1983490016",
        "title": "Essential Oils for Beginners: A Beginners Guide to Natural Healing and Aromatherapy",
        "price": "$17.38",
        "listPrice": "",
        "imageUrl": "https://m.media-amazon.com/images/I/51PggP+o-aL._SL160_.jpg",
        "detailPageURL": "https://www.amazon.com/dp/1983490016",
        "rating": "4.6",
        "totalReviews": "26",
        "subtitle": "Connors, K. (Paperback)",
        "isPrimeEligible": "1"
    },
    {
        "ASIN": "B071FCC3Y5",
        "title": "Plant Therapy Oil Facial Cleanser For Normal/Dry Skin 4 oz, Gently Removes Dirt, Makeup & Other Impurities",
        "price": "$14.49 ($3.62 / Fl Oz)",
        "listPrice": "",
        "imageUrl": "https://m.media-amazon.com/images/I/31LDwMLw72L._SL160_.jpg",
        "detailPageURL": "https://www.amazon.com/dp/B071FCC3Y5",
        "rating": "4.6",
        "totalReviews": "20",
        "subtitle": "Plant Therapy",
        "isPrimeEligible": "1"
    },
    {
        "ASIN": "B00RRT31M6",
        "title": "The Hands-On Home: A Seasonal Guide to Cooking, Preserving & Natural Homekeeping",
        "price": "$1.99",
        "listPrice": "",
        "imageUrl": "https://m.media-amazon.com/images/I/51v5B6HjqTL._SL160_.jpg",
        "detailPageURL": "https://www.amazon.com/dp/B00RRT31M6",
        "rating": "4.7",
        "totalReviews": "257",
        "subtitle": "",
        "isPrimeEligible": "0"
    },
    {
        "ASIN": "B00YADQFX4",
        "title": "Okay?",
        "price": "$0.00",
        "listPrice": "",
        "imageUrl": "https://m.media-amazon.com/images/I/51qvarM2vWL._SL160_.png",
        "detailPageURL": "https://www.amazon.com/dp/B00YADQFX4",
        "rating": "3.6",
        "totalReviews": "17",
        "subtitle": "",
        "isPrimeEligible": "0"
    },
    {
        "ASIN": "B01CJ639SM",
        "title": "HEIMISH All Clean Balm 4.0fl.oz/120ml - Multi-Purpose Cleansing Balm | Makeup Remover, Face Wash, Pore Care, Blackhead Care, Moisturizer | Natural Aroma Oil, Balm-to-Oil Formula | Korean Skincare",
        "price": "$11.99 ($2.96 / Ounce)",
        "listPrice": "$18.00 ($4.44 / Ounce)",
        "imageUrl": "https://m.media-amazon.com/images/I/31hpBwouz0L._SL160_.jpg",
        "detailPageURL": "https://www.amazon.com/dp/B01CJ639SM",
        "rating": "4.6",
        "totalReviews": "3920",
        "subtitle": "HEIMISH",
        "isPrimeEligible": "0"
    },
    {
        "ASIN": "B06Y2YWVT3",
        "title": "OPTASE Tea Tree Oil Eyelid Wipes - Eyelid Cleansing Wipes for Dry Eyes - Tea Tree Wipes for Blepharitis Treatment - Preservative Free, Natural Ingredients - Step 2 Cleanse - TTO Eye Wipes, Box of 20",
        "price": "$16.96 ($0.85 / Count)",
        "listPrice": "$24.95 ($1.25 / Count)",
        "imageUrl": "https://m.media-amazon.com/images/I/51SmCeki+AL._SL160_.jpg",
        "detailPageURL": "https://www.amazon.com/dp/B06Y2YWVT3",
        "rating": "4.5",
        "totalReviews": "2594",
        "subtitle": "",
        "isPrimeEligible": "1"
    },
    {
        "ASIN": "B00D7IA7KU",
        "title": "DHC Pore Cleansing Oil, Facial Cleansing Oil, Makeup Remover, Unclog Pores, Residue-Free, Ideal for Oily and Acne Prone Skin, Fragrance and Colorant Free, 5 fl. oz.",
        "price": "$29.00 ($5.80 / Fl Oz)",
        "listPrice": "",
        "imageUrl": "https://m.media-amazon.com/images/I/31YasLmy0WL._SL160_.jpg",
        "detailPageURL": "https://www.amazon.com/dp/B00D7IA7KU",
        "rating": "4.6",
        "totalReviews": "255",
        "subtitle": "DHC",
        "isPrimeEligible": "1"
    },
    {
        "ASIN": "B088WJPBTX",
        "title": "SHVYOG Blackhead Peel Off Face Mask, 3-in-1 Blackhead Remover Mask with Brush & Tea Tree Oil Serum, Charcoal Mask for Deep Cleansing Dirts, Pores, Skin Oil (100g+30ml)",
        "price": "$11.99",
        "listPrice": "",
        "imageUrl": "https://m.media-amazon.com/images/I/41bHFKickML._SL160_.jpg",
        "detailPageURL": "https://www.amazon.com/dp/B088WJPBTX",
        "rating": "4.2",
        "totalReviews": "7528",
        "subtitle": "SHVYOG",
        "isPrimeEligible": "1"
    },
    {
        "ASIN": "B0C43LK22L",
        "title": "Cleansing with Essential Oils",
        "price": "$0.99",
        "listPrice": "",
        "imageUrl": "https://m.media-amazon.com/images/I/41yxL93OoUL._SL160_.jpg",
        "detailPageURL": "https://www.amazon.com/dp/B0C43LK22L",
        "rating": "",
        "totalReviews": "",
        "subtitle": "",
        "isPrimeEligible": "0"
    },
    {
        "ASIN": "1983490016",
        "title": "Essential Oils for Beginners: A Beginners Guide to Natural Healing and Aromatherapy",
        "price": "$17.38",
        "listPrice": "",
        "imageUrl": "https://m.media-amazon.com/images/I/51PggP+o-aL._SL160_.jpg",
        "detailPageURL": "https://www.amazon.com/dp/1983490016",
        "rating": "4.6",
        "totalReviews": "26",
        "subtitle": "Connors, K. (Paperback)",
        "isPrimeEligible": "1"
    },
    {
        "ASIN": "B0BS9MT17H",
        "title": "Q+A Vitamin A.C.E Cleansing Shower Oil, blend of vitamin-rich Fruit Extracts and Oils, plus a Superfood Complex supporting skin barrier whilst delivering an ultra-gentle cleanse, 250ml",
        "price": "$10.00 ($1.18 / Fl Oz)",
        "listPrice": "",
        "imageUrl": "https://m.media-amazon.com/images/I/31LMqmkaAEL._SL160_.jpg",
        "detailPageURL": "https://www.amazon.com/dp/B0BS9MT17H",
        "rating": "4.0",
        "totalReviews": "71",
        "subtitle": "Q+A",
        "isPrimeEligible": "1"
    },
    {
        "ASIN": "B00RRT31M6",
        "title": "The Hands-On Home: A Seasonal Guide to Cooking, Preserving & Natural Homekeeping",
        "price": "$1.99",
        "listPrice": "",
        "imageUrl": "https://m.media-amazon.com/images/I/51v5B6HjqTL._SL160_.jpg",
        "detailPageURL": "https://www.amazon.com/dp/B00RRT31M6",
        "rating": "4.7",
        "totalReviews": "257",
        "subtitle": "",
        "isPrimeEligible": "0"
    },
    {
        "ASIN": "B00YADQFX4",
        "title": "Okay?",
        "price": "$0.00",
        "listPrice": "",
        "imageUrl": "https://m.media-amazon.com/images/I/51qvarM2vWL._SL160_.png",
        "detailPageURL": "https://www.amazon.com/dp/B00YADQFX4",
        "rating": "3.6",
        "totalReviews": "17",
        "subtitle": "",
        "isPrimeEligible": "0"
    },
    {
        "ASIN": "B01CJ639SM",
        "title": "HEIMISH All Clean Balm 4.0fl.oz/120ml - Multi-Purpose Cleansing Balm | Makeup Remover, Face Wash, Pore Care, Blackhead Care, Moisturizer | Natural Aroma Oil, Balm-to-Oil Formula | Korean Skincare",
        "price": "$11.99 ($2.96 / Ounce)",
        "listPrice": "$18.00 ($4.44 / Ounce)",
        "imageUrl": "https://m.media-amazon.com/images/I/31hpBwouz0L._SL160_.jpg",
        "detailPageURL": "https://www.amazon.com/dp/B01CJ639SM",
        "rating": "4.6",
        "totalReviews": "3920",
        "subtitle": "HEIMISH",
        "isPrimeEligible": "0"
    },
    {
        "ASIN": "B06Y2YWVT3",
        "title": "OPTASE Tea Tree Oil Eyelid Wipes - Eyelid Cleansing Wipes for Dry Eyes - Tea Tree Wipes for Blepharitis Treatment - Preservative Free, Natural Ingredients - Step 2 Cleanse - TTO Eye Wipes, Box of 20",
        "price": "$16.96 ($0.85 / Count)",
        "listPrice": "$24.95 ($1.25 / Count)",
        "imageUrl": "https://m.media-amazon.com/images/I/51SmCeki+AL._SL160_.jpg",
        "detailPageURL": "https://www.amazon.com/dp/B06Y2YWVT3",
        "rating": "4.5",
        "totalReviews": "2594",
        "subtitle": "",
        "isPrimeEligible": "1"
    },
    {
        "ASIN": "B00D7IA7KU",
        "title": "DHC Pore Cleansing Oil, Facial Cleansing Oil, Makeup Remover, Unclog Pores, Residue-Free, Ideal for Oily and Acne Prone Skin, Fragrance and Colorant Free, 5 fl. oz.",
        "price": "$29.00 ($5.80 / Fl Oz)",
        "listPrice": "",
        "imageUrl": "https://m.media-amazon.com/images/I/31YasLmy0WL._SL160_.jpg",
        "detailPageURL": "https://www.amazon.com/dp/B00D7IA7KU",
        "rating": "4.6",
        "totalReviews": "255",
        "subtitle": "DHC",
        "isPrimeEligible": "1"
    },
    {
        "ASIN": "B088WJPBTX",
        "title": "SHVYOG Blackhead Peel Off Face Mask, 3-in-1 Blackhead Remover Mask with Brush & Tea Tree Oil Serum, Charcoal Mask for Deep Cleansing Dirts, Pores, Skin Oil (100g+30ml)",
        "price": "$11.99",
        "listPrice": "",
        "imageUrl": "https://m.media-amazon.com/images/I/41bHFKickML._SL160_.jpg",
        "detailPageURL": "https://www.amazon.com/dp/B088WJPBTX",
        "rating": "4.2",
        "totalReviews": "7528",
        "subtitle": "SHVYOG",
        "isPrimeEligible": "1"
    },
    {
        "ASIN": "B0C43LK22L",
        "title": "Cleansing with Essential Oils",
        "price": "$0.99",
        "listPrice": "",
        "imageUrl": "https://m.media-amazon.com/images/I/41yxL93OoUL._SL160_.jpg",
        "detailPageURL": "https://www.amazon.com/dp/B0C43LK22L",
        "rating": "",
        "totalReviews": "",
        "subtitle": "",
        "isPrimeEligible": "0"
    },
    {
        "ASIN": "1983490016",
        "title": "Essential Oils for Beginners: A Beginners Guide to Natural Healing and Aromatherapy",
        "price": "$17.38",
        "listPrice": "",
        "imageUrl": "https://m.media-amazon.com/images/I/51PggP+o-aL._SL160_.jpg",
        "detailPageURL": "https://www.amazon.com/dp/1983490016",
        "rating": "4.6",
        "totalReviews": "26",
        "subtitle": "Connors, K. (Paperback)",
        "isPrimeEligible": "1"
    },
    {
        "ASIN": "B0BS9MT17H",
        "title": "Q+A Vitamin A.C.E Cleansing Shower Oil, blend of vitamin-rich Fruit Extracts and Oils, plus a Superfood Complex supporting skin barrier whilst delivering an ultra-gentle cleanse, 250ml",
        "price": "$10.00 ($1.18 / Fl Oz)",
        "listPrice": "",
        "imageUrl": "https://m.media-amazon.com/images/I/31LMqmkaAEL._SL160_.jpg",
        "detailPageURL": "https://www.amazon.com/dp/B0BS9MT17H",
        "rating": "4.0",
        "totalReviews": "71",
        "subtitle": "Q+A",
        "isPrimeEligible": "1"
    },
    {
        "ASIN": "B000GIW74S",
        "title": "Cow Brand Gyunyu Non Additive Makeup Cleansing Oil 5.1oz/150ml",
        "price": "$12.15 ($2.38 / Fl Oz)",
        "listPrice": "$13.00 ($2.55 / Fl Oz)",
        "imageUrl": "https://m.media-amazon.com/images/I/31T+pmbHwoL._SL160_.jpg",
        "detailPageURL": "https://www.amazon.com/dp/B000GIW74S",
        "rating": "4.6",
        "totalReviews": "189",
        "subtitle": "Cow brand additive-free",
        "isPrimeEligible": "1"
    },
    {
        "ASIN": "B00YADQFX4",
        "title": "Okay?",
        "price": "$0.00",
        "listPrice": "",
        "imageUrl": "https://m.media-amazon.com/images/I/51qvarM2vWL._SL160_.png",
        "detailPageURL": "https://www.amazon.com/dp/B00YADQFX4",
        "rating": "3.6",
        "totalReviews": "17",
        "subtitle": "",
        "isPrimeEligible": "0"
    },
    {
        "ASIN": "B01CJ639SM",
        "title": "HEIMISH All Clean Balm 4.0fl.oz/120ml - Multi-Purpose Cleansing Balm | Makeup Remover, Face Wash, Pore Care, Blackhead Care, Moisturizer | Natural Aroma Oil, Balm-to-Oil Formula | Korean Skincare",
        "price": "$11.99 ($2.96 / Ounce)",
        "listPrice": "$18.00 ($4.44 / Ounce)",
        "imageUrl": "https://m.media-amazon.com/images/I/31hpBwouz0L._SL160_.jpg",
        "detailPageURL": "https://www.amazon.com/dp/B01CJ639SM",
        "rating": "4.6",
        "totalReviews": "3920",
        "subtitle": "HEIMISH",
        "isPrimeEligible": "0"
    },
    {
        "ASIN": "B06Y2YWVT3",
        "title": "OPTASE Tea Tree Oil Eyelid Wipes - Eyelid Cleansing Wipes for Dry Eyes - Tea Tree Wipes for Blepharitis Treatment - Preservative Free, Natural Ingredients - Step 2 Cleanse - TTO Eye Wipes, Box of 20",
        "price": "$16.96 ($0.85 / Count)",
        "listPrice": "$24.95 ($1.25 / Count)",
        "imageUrl": "https://m.media-amazon.com/images/I/51SmCeki+AL._SL160_.jpg",
        "detailPageURL": "https://www.amazon.com/dp/B06Y2YWVT3",
        "rating": "4.5",
        "totalReviews": "2594",
        "subtitle": "",
        "isPrimeEligible": "1"
    },
    {
        "ASIN": "B00D7IA7KU",
        "title": "DHC Pore Cleansing Oil, Facial Cleansing Oil, Makeup Remover, Unclog Pores, Residue-Free, Ideal for Oily and Acne Prone Skin, Fragrance and Colorant Free, 5 fl. oz.",
        "price": "$29.00 ($5.80 / Fl Oz)",
        "listPrice": "",
        "imageUrl": "https://m.media-amazon.com/images/I/31YasLmy0WL._SL160_.jpg",
        "detailPageURL": "https://www.amazon.com/dp/B00D7IA7KU",
        "rating": "4.6",
        "totalReviews": "255",
        "subtitle": "DHC",
        "isPrimeEligible": "1"
    },
    {
        "ASIN": "B088WJPBTX",
        "title": "SHVYOG Blackhead Peel Off Face Mask, 3-in-1 Blackhead Remover Mask with Brush & Tea Tree Oil Serum, Charcoal Mask for Deep Cleansing Dirts, Pores, Skin Oil (100g+30ml)",
        "price": "$11.99",
        "listPrice": "",
        "imageUrl": "https://m.media-amazon.com/images/I/41bHFKickML._SL160_.jpg",
        "detailPageURL": "https://www.amazon.com/dp/B088WJPBTX",
        "rating": "4.2",
        "totalReviews": "7528",
        "subtitle": "SHVYOG",
        "isPrimeEligible": "1"
    },
    {
        "ASIN": "B0C43LK22L",
        "title": "Cleansing with Essential Oils",
        "price": "$0.99",
        "listPrice": "",
        "imageUrl": "https://m.media-amazon.com/images/I/41yxL93OoUL._SL160_.jpg",
        "detailPageURL": "https://www.amazon.com/dp/B0C43LK22L",
        "rating": "",
        "totalReviews": "",
        "subtitle": "",
        "isPrimeEligible": "0"
    },
    {
        "ASIN": "1983490016",
        "title": "Essential Oils for Beginners: A Beginners Guide to Natural Healing and Aromatherapy",
        "price": "$17.38",
        "listPrice": "",
        "imageUrl": "https://m.media-amazon.com/images/I/51PggP+o-aL._SL160_.jpg",
        "detailPageURL": "https://www.amazon.com/dp/1983490016",
        "rating": "4.6",
        "totalReviews": "26",
        "subtitle": "Connors, K. (Paperback)",
        "isPrimeEligible": "1"
    },
    {
        "ASIN": "B0BS9MT17H",
        "title": "Q+A Vitamin A.C.E Cleansing Shower Oil, blend of vitamin-rich Fruit Extracts and Oils, plus a Superfood Complex supporting skin barrier whilst delivering an ultra-gentle cleanse, 250ml",
        "price": "$10.00 ($1.18 / Fl Oz)",
        "listPrice": "",
        "imageUrl": "https://m.media-amazon.com/images/I/31LMqmkaAEL._SL160_.jpg",
        "detailPageURL": "https://www.amazon.com/dp/B0BS9MT17H",
        "rating": "4.0",
        "totalReviews": "71",
        "subtitle": "Q+A",
        "isPrimeEligible": "1"
    },
    {
        "ASIN": "B000GIW74S",
        "title": "Cow Brand Gyunyu Non Additive Makeup Cleansing Oil 5.1oz/150ml",
        "price": "$12.15 ($2.38 / Fl Oz)",
        "listPrice": "$13.00 ($2.55 / Fl Oz)",
        "imageUrl": "https://m.media-amazon.com/images/I/31T+pmbHwoL._SL160_.jpg",
        "detailPageURL": "https://www.amazon.com/dp/B000GIW74S",
        "rating": "4.6",
        "totalReviews": "189",
        "subtitle": "Cow brand additive-free",
        "isPrimeEligible": "1"
    },
    {
        "ASIN": "B082VM1T64",
        "title": "Natural Cleansing Oil And Makeup Remover by Vera Botanics. Only 4 Ingredients. Gentle Daily Oil Cleanser For A Deep Face Wash. Remove Any Makeup. For All Skin Types. Eliminate Clogged Pores Blackheads",
        "price": "$14.98 ($2.50 / Fl Oz)",
        "listPrice": "",
        "imageUrl": "https://m.media-amazon.com/images/I/31WkaEmP6wL._SL160_.jpg",
        "detailPageURL": "https://www.amazon.com/dp/B082VM1T64",
        "rating": "4.5",
        "totalReviews": "862",
        "subtitle": "Vera Botanics",
        "isPrimeEligible": "1"
    },
    {
        "ASIN": "B01CJ639SM",
        "title": "HEIMISH All Clean Balm 4.0fl.oz/120ml - Multi-Purpose Cleansing Balm | Makeup Remover, Face Wash, Pore Care, Blackhead Care, Moisturizer | Natural Aroma Oil, Balm-to-Oil Formula | Korean Skincare",
        "price": "$11.99 ($2.96 / Ounce)",
        "listPrice": "$18.00 ($4.44 / Ounce)",
        "imageUrl": "https://m.media-amazon.com/images/I/31hpBwouz0L._SL160_.jpg",
        "detailPageURL": "https://www.amazon.com/dp/B01CJ639SM",
        "rating": "4.6",
        "totalReviews": "3920",
        "subtitle": "HEIMISH",
        "isPrimeEligible": "0"
    },
    {
        "ASIN": "B06Y2YWVT3",
        "title": "OPTASE Tea Tree Oil Eyelid Wipes - Eyelid Cleansing Wipes for Dry Eyes - Tea Tree Wipes for Blepharitis Treatment - Preservative Free, Natural Ingredients - Step 2 Cleanse - TTO Eye Wipes, Box of 20",
        "price": "$16.96 ($0.85 / Count)",
        "listPrice": "$24.95 ($1.25 / Count)",
        "imageUrl": "https://m.media-amazon.com/images/I/51SmCeki+AL._SL160_.jpg",
        "detailPageURL": "https://www.amazon.com/dp/B06Y2YWVT3",
        "rating": "4.5",
        "totalReviews": "2594",
        "subtitle": "",
        "isPrimeEligible": "1"
    },
    {
        "ASIN": "B00D7IA7KU",
        "title": "DHC Pore Cleansing Oil, Facial Cleansing Oil, Makeup Remover, Unclog Pores, Residue-Free, Ideal for Oily and Acne Prone Skin, Fragrance and Colorant Free, 5 fl. oz.",
        "price": "$29.00 ($5.80 / Fl Oz)",
        "listPrice": "",
        "imageUrl": "https://m.media-amazon.com/images/I/31YasLmy0WL._SL160_.jpg",
        "detailPageURL": "https://www.amazon.com/dp/B00D7IA7KU",
        "rating": "4.6",
        "totalReviews": "255",
        "subtitle": "DHC",
        "isPrimeEligible": "1"
    },
    {
        "ASIN": "B088WJPBTX",
        "title": "SHVYOG Blackhead Peel Off Face Mask, 3-in-1 Blackhead Remover Mask with Brush & Tea Tree Oil Serum, Charcoal Mask for Deep Cleansing Dirts, Pores, Skin Oil (100g+30ml)",
        "price": "$11.99",
        "listPrice": "",
        "imageUrl": "https://m.media-amazon.com/images/I/41bHFKickML._SL160_.jpg",
        "detailPageURL": "https://www.amazon.com/dp/B088WJPBTX",
        "rating": "4.2",
        "totalReviews": "7528",
        "subtitle": "SHVYOG",
        "isPrimeEligible": "1"
    },
    {
        "ASIN": "B0C43LK22L",
        "title": "Cleansing with Essential Oils",
        "price": "$0.99",
        "listPrice": "",
        "imageUrl": "https://m.media-amazon.com/images/I/41yxL93OoUL._SL160_.jpg",
        "detailPageURL": "https://www.amazon.com/dp/B0C43LK22L",
        "rating": "",
        "totalReviews": "",
        "subtitle": "",
        "isPrimeEligible": "0"
    },
    {
        "ASIN": "1983490016",
        "title": "Essential Oils for Beginners: A Beginners Guide to Natural Healing and Aromatherapy",
        "price": "$17.38",
        "listPrice": "",
        "imageUrl": "https://m.media-amazon.com/images/I/51PggP+o-aL._SL160_.jpg",
        "detailPageURL": "https://www.amazon.com/dp/1983490016",
        "rating": "4.6",
        "totalReviews": "26",
        "subtitle": "Connors, K. (Paperback)",
        "isPrimeEligible": "1"
    },
    {
        "ASIN": "B0BS9MT17H",
        "title": "Q+A Vitamin A.C.E Cleansing Shower Oil, blend of vitamin-rich Fruit Extracts and Oils, plus a Superfood Complex supporting skin barrier whilst delivering an ultra-gentle cleanse, 250ml",
        "price": "$10.00 ($1.18 / Fl Oz)",
        "listPrice": "",
        "imageUrl": "https://m.media-amazon.com/images/I/31LMqmkaAEL._SL160_.jpg",
        "detailPageURL": "https://www.amazon.com/dp/B0BS9MT17H",
        "rating": "4.0",
        "totalReviews": "71",
        "subtitle": "Q+A",
        "isPrimeEligible": "1"
    },
    {
        "ASIN": "B000GIW74S",
        "title": "Cow Brand Gyunyu Non Additive Makeup Cleansing Oil 5.1oz/150ml",
        "price": "$12.15 ($2.38 / Fl Oz)",
        "listPrice": "$13.00 ($2.55 / Fl Oz)",
        "imageUrl": "https://m.media-amazon.com/images/I/31T+pmbHwoL._SL160_.jpg",
        "detailPageURL": "https://www.amazon.com/dp/B000GIW74S",
        "rating": "4.6",
        "totalReviews": "189",
        "subtitle": "Cow brand additive-free",
        "isPrimeEligible": "1"
    },
    {
        "ASIN": "B082VM1T64",
        "title": "Natural Cleansing Oil And Makeup Remover by Vera Botanics. Only 4 Ingredients. Gentle Daily Oil Cleanser For A Deep Face Wash. Remove Any Makeup. For All Skin Types. Eliminate Clogged Pores Blackheads",
        "price": "$14.98 ($2.50 / Fl Oz)",
        "listPrice": "",
        "imageUrl": "https://m.media-amazon.com/images/I/31WkaEmP6wL._SL160_.jpg",
        "detailPageURL": "https://www.amazon.com/dp/B082VM1T64",
        "rating": "4.5",
        "totalReviews": "862",
        "subtitle": "Vera Botanics",
        "isPrimeEligible": "1"
    },
    {
        "ASIN": "B094B5KZ91",
        "title": "Naturium Camellia Creamy Cleansing Oil, Fermented Camellia Oil & Extract Plus Linoleic-Rich Oils, 3.5 oz",
        "price": "$19.99 ($5.71 / Ounce)",
        "listPrice": "",
        "imageUrl": "https://m.media-amazon.com/images/I/414ve1Rs9pS._SL160_.jpg",
        "detailPageURL": "https://www.amazon.com/dp/B094B5KZ91",
        "rating": "4.2",
        "totalReviews": "310",
        "subtitle": "Naturium",
        "isPrimeEligible": "1"
    },
    {
        "ASIN": "B06Y2YWVT3",
        "title": "OPTASE Tea Tree Oil Eyelid Wipes - Eyelid Cleansing Wipes for Dry Eyes - Tea Tree Wipes for Blepharitis Treatment - Preservative Free, Natural Ingredients - Step 2 Cleanse - TTO Eye Wipes, Box of 20",
        "price": "$16.96 ($0.85 / Count)",
        "listPrice": "$24.95 ($1.25 / Count)",
        "imageUrl": "https://m.media-amazon.com/images/I/51SmCeki+AL._SL160_.jpg",
        "detailPageURL": "https://www.amazon.com/dp/B06Y2YWVT3",
        "rating": "4.5",
        "totalReviews": "2594",
        "subtitle": "",
        "isPrimeEligible": "1"
    },
    {
        "ASIN": "B00D7IA7KU",
        "title": "DHC Pore Cleansing Oil, Facial Cleansing Oil, Makeup Remover, Unclog Pores, Residue-Free, Ideal for Oily and Acne Prone Skin, Fragrance and Colorant Free, 5 fl. oz.",
        "price": "$29.00 ($5.80 / Fl Oz)",
        "listPrice": "",
        "imageUrl": "https://m.media-amazon.com/images/I/31YasLmy0WL._SL160_.jpg",
        "detailPageURL": "https://www.amazon.com/dp/B00D7IA7KU",
        "rating": "4.6",
        "totalReviews": "255",
        "subtitle": "DHC",
        "isPrimeEligible": "1"
    },
    {
        "ASIN": "B088WJPBTX",
        "title": "SHVYOG Blackhead Peel Off Face Mask, 3-in-1 Blackhead Remover Mask with Brush & Tea Tree Oil Serum, Charcoal Mask for Deep Cleansing Dirts, Pores, Skin Oil (100g+30ml)",
        "price": "$11.99",
        "listPrice": "",
        "imageUrl": "https://m.media-amazon.com/images/I/41bHFKickML._SL160_.jpg",
        "detailPageURL": "https://www.amazon.com/dp/B088WJPBTX",
        "rating": "4.2",
        "totalReviews": "7528",
        "subtitle": "SHVYOG",
        "isPrimeEligible": "1"
    },
    {
        "ASIN": "B0C43LK22L",
        "title": "Cleansing with Essential Oils",
        "price": "$0.99",
        "listPrice": "",
        "imageUrl": "https://m.media-amazon.com/images/I/41yxL93OoUL._SL160_.jpg",
        "detailPageURL": "https://www.amazon.com/dp/B0C43LK22L",
        "rating": "",
        "totalReviews": "",
        "subtitle": "",
        "isPrimeEligible": "0"
    },
    {
        "ASIN": "1983490016",
        "title": "Essential Oils for Beginners: A Beginners Guide to Natural Healing and Aromatherapy",
        "price": "$17.38",
        "listPrice": "",
        "imageUrl": "https://m.media-amazon.com/images/I/51PggP+o-aL._SL160_.jpg",
        "detailPageURL": "https://www.amazon.com/dp/1983490016",
        "rating": "4.6",
        "totalReviews": "26",
        "subtitle": "Connors, K. (Paperback)",
        "isPrimeEligible": "1"
    },
    {
        "ASIN": "B0BS9MT17H",
        "title": "Q+A Vitamin A.C.E Cleansing Shower Oil, blend of vitamin-rich Fruit Extracts and Oils, plus a Superfood Complex supporting skin barrier whilst delivering an ultra-gentle cleanse, 250ml",
        "price": "$10.00 ($1.18 / Fl Oz)",
        "listPrice": "",
        "imageUrl": "https://m.media-amazon.com/images/I/31LMqmkaAEL._SL160_.jpg",
        "detailPageURL": "https://www.amazon.com/dp/B0BS9MT17H",
        "rating": "4.0",
        "totalReviews": "71",
        "subtitle": "Q+A",
        "isPrimeEligible": "1"
    },
    {
        "ASIN": "B000GIW74S",
        "title": "Cow Brand Gyunyu Non Additive Makeup Cleansing Oil 5.1oz/150ml",
        "price": "$12.15 ($2.38 / Fl Oz)",
        "listPrice": "$13.00 ($2.55 / Fl Oz)",
        "imageUrl": "https://m.media-amazon.com/images/I/31T+pmbHwoL._SL160_.jpg",
        "detailPageURL": "https://www.amazon.com/dp/B000GIW74S",
        "rating": "4.6",
        "totalReviews": "189",
        "subtitle": "Cow brand additive-free",
        "isPrimeEligible": "1"
    },
    {
        "ASIN": "B082VM1T64",
        "title": "Natural Cleansing Oil And Makeup Remover by Vera Botanics. Only 4 Ingredients. Gentle Daily Oil Cleanser For A Deep Face Wash. Remove Any Makeup. For All Skin Types. Eliminate Clogged Pores Blackheads",
        "price": "$14.98 ($2.50 / Fl Oz)",
        "listPrice": "",
        "imageUrl": "https://m.media-amazon.com/images/I/31WkaEmP6wL._SL160_.jpg",
        "detailPageURL": "https://www.amazon.com/dp/B082VM1T64",
        "rating": "4.5",
        "totalReviews": "862",
        "subtitle": "Vera Botanics",
        "isPrimeEligible": "1"
    },
    {
        "ASIN": "B094B5KZ91",
        "title": "Naturium Camellia Creamy Cleansing Oil, Fermented Camellia Oil & Extract Plus Linoleic-Rich Oils, 3.5 oz",
        "price": "$19.99 ($5.71 / Ounce)",
        "listPrice": "",
        "imageUrl": "https://m.media-amazon.com/images/I/414ve1Rs9pS._SL160_.jpg",
        "detailPageURL": "https://www.amazon.com/dp/B094B5KZ91",
        "rating": "4.2",
        "totalReviews": "310",
        "subtitle": "Naturium",
        "isPrimeEligible": "1"
    },
    {
        "ASIN": "B09R9CSSLT",
        "title": "META FORET Black Lemon Cleansing Oil 200ml/6.76fl.oz Makeup & Sunscreen Remover, Face Cleanser, Sebum Control, Deep Cleansing",
        "price": "$14.90 ($2.19 / Fl Oz)",
        "listPrice": "",
        "imageUrl": "https://m.media-amazon.com/images/I/21bwmy3BS8L._SL160_.jpg",
        "detailPageURL": "https://www.amazon.com/dp/B09R9CSSLT",
        "rating": "4.1",
        "totalReviews": "55",
        "subtitle": "META FORET",
        "isPrimeEligible": "1"
    },
    {
        "ASIN": "B00D7IA7KU",
        "title": "DHC Pore Cleansing Oil, Facial Cleansing Oil, Makeup Remover, Unclog Pores, Residue-Free, Ideal for Oily and Acne Prone Skin, Fragrance and Colorant Free, 5 fl. oz.",
        "price": "$29.00 ($5.80 / Fl Oz)",
        "listPrice": "",
        "imageUrl": "https://m.media-amazon.com/images/I/31YasLmy0WL._SL160_.jpg",
        "detailPageURL": "https://www.amazon.com/dp/B00D7IA7KU",
        "rating": "4.6",
        "totalReviews": "255",
        "subtitle": "DHC",
        "isPrimeEligible": "1"
    },
    {
        "ASIN": "B088WJPBTX",
        "title": "SHVYOG Blackhead Peel Off Face Mask, 3-in-1 Blackhead Remover Mask with Brush & Tea Tree Oil Serum, Charcoal Mask for Deep Cleansing Dirts, Pores, Skin Oil (100g+30ml)",
        "price": "$11.99",
        "listPrice": "",
        "imageUrl": "https://m.media-amazon.com/images/I/41bHFKickML._SL160_.jpg",
        "detailPageURL": "https://www.amazon.com/dp/B088WJPBTX",
        "rating": "4.2",
        "totalReviews": "7528",
        "subtitle": "SHVYOG",
        "isPrimeEligible": "1"
    },
    {
        "ASIN": "B0C43LK22L",
        "title": "Cleansing with Essential Oils",
        "price": "$0.99",
        "listPrice": "",
        "imageUrl": "https://m.media-amazon.com/images/I/41yxL93OoUL._SL160_.jpg",
        "detailPageURL": "https://www.amazon.com/dp/B0C43LK22L",
        "rating": "",
        "totalReviews": "",
        "subtitle": "",
        "isPrimeEligible": "0"
    },
    {
        "ASIN": "1983490016",
        "title": "Essential Oils for Beginners: A Beginners Guide to Natural Healing and Aromatherapy",
        "price": "$17.38",
        "listPrice": "",
        "imageUrl": "https://m.media-amazon.com/images/I/51PggP+o-aL._SL160_.jpg",
        "detailPageURL": "https://www.amazon.com/dp/1983490016",
        "rating": "4.6",
        "totalReviews": "26",
        "subtitle": "Connors, K. (Paperback)",
        "isPrimeEligible": "1"
    },
    {
        "ASIN": "B0BS9MT17H",
        "title": "Q+A Vitamin A.C.E Cleansing Shower Oil, blend of vitamin-rich Fruit Extracts and Oils, plus a Superfood Complex supporting skin barrier whilst delivering an ultra-gentle cleanse, 250ml",
        "price": "$10.00 ($1.18 / Fl Oz)",
        "listPrice": "",
        "imageUrl": "https://m.media-amazon.com/images/I/31LMqmkaAEL._SL160_.jpg",
        "detailPageURL": "https://www.amazon.com/dp/B0BS9MT17H",
        "rating": "4.0",
        "totalReviews": "71",
        "subtitle": "Q+A",
        "isPrimeEligible": "1"
    },
    {
        "ASIN": "B000GIW74S",
        "title": "Cow Brand Gyunyu Non Additive Makeup Cleansing Oil 5.1oz/150ml",
        "price": "$12.15 ($2.38 / Fl Oz)",
        "listPrice": "$13.00 ($2.55 / Fl Oz)",
        "imageUrl": "https://m.media-amazon.com/images/I/31T+pmbHwoL._SL160_.jpg",
        "detailPageURL": "https://www.amazon.com/dp/B000GIW74S",
        "rating": "4.6",
        "totalReviews": "189",
        "subtitle": "Cow brand additive-free",
        "isPrimeEligible": "1"
    },
    {
        "ASIN": "B082VM1T64",
        "title": "Natural Cleansing Oil And Makeup Remover by Vera Botanics. Only 4 Ingredients. Gentle Daily Oil Cleanser For A Deep Face Wash. Remove Any Makeup. For All Skin Types. Eliminate Clogged Pores Blackheads",
        "price": "$14.98 ($2.50 / Fl Oz)",
        "listPrice": "",
        "imageUrl": "https://m.media-amazon.com/images/I/31WkaEmP6wL._SL160_.jpg",
        "detailPageURL": "https://www.amazon.com/dp/B082VM1T64",
        "rating": "4.5",
        "totalReviews": "862",
        "subtitle": "Vera Botanics",
        "isPrimeEligible": "1"
    },
    {
        "ASIN": "B094B5KZ91",
        "title": "Naturium Camellia Creamy Cleansing Oil, Fermented Camellia Oil & Extract Plus Linoleic-Rich Oils, 3.5 oz",
        "price": "$19.99 ($5.71 / Ounce)",
        "listPrice": "",
        "imageUrl": "https://m.media-amazon.com/images/I/414ve1Rs9pS._SL160_.jpg",
        "detailPageURL": "https://www.amazon.com/dp/B094B5KZ91",
        "rating": "4.2",
        "totalReviews": "310",
        "subtitle": "Naturium",
        "isPrimeEligible": "1"
    },
    {
        "ASIN": "B09R9CSSLT",
        "title": "META FORET Black Lemon Cleansing Oil 200ml/6.76fl.oz Makeup & Sunscreen Remover, Face Cleanser, Sebum Control, Deep Cleansing",
        "price": "$14.90 ($2.19 / Fl Oz)",
        "listPrice": "",
        "imageUrl": "https://m.media-amazon.com/images/I/21bwmy3BS8L._SL160_.jpg",
        "detailPageURL": "https://www.amazon.com/dp/B09R9CSSLT",
        "rating": "4.1",
        "totalReviews": "55",
        "subtitle": "META FORET",
        "isPrimeEligible": "1"
    },
    {
        "ASIN": "B07NR78FVQ",
        "title": "Mad Hippie Cleansing Oil for Face - Deep Cleansing Facial Cleanser & Makeup Remover for Dry, Sensitive, Acne-Prone Skin with Vitamin C-Rich Rosehip Oil, 2 Fl Oz",
        "price": "$14.39 ($7.20 / Fl Oz)",
        "listPrice": "$17.99 ($9.00 / Fl Oz)",
        "imageUrl": "https://m.media-amazon.com/images/I/51LIsi+CLML._SL160_.jpg",
        "detailPageURL": "https://www.amazon.com/dp/B07NR78FVQ",
        "rating": "4.7",
        "totalReviews": "130",
        "subtitle": "Mad Hippie",
        "isPrimeEligible": "1"
    },
    {
        "ASIN": "B088WJPBTX",
        "title": "SHVYOG Blackhead Peel Off Face Mask, 3-in-1 Blackhead Remover Mask with Brush & Tea Tree Oil Serum, Charcoal Mask for Deep Cleansing Dirts, Pores, Skin Oil (100g+30ml)",
        "price": "$11.99",
        "listPrice": "",
        "imageUrl": "https://m.media-amazon.com/images/I/41bHFKickML._SL160_.jpg",
        "detailPageURL": "https://www.amazon.com/dp/B088WJPBTX",
        "rating": "4.2",
        "totalReviews": "7528",
        "subtitle": "SHVYOG",
        "isPrimeEligible": "1"
    },
    {
        "ASIN": "B0C43LK22L",
        "title": "Cleansing with Essential Oils",
        "price": "$0.99",
        "listPrice": "",
        "imageUrl": "https://m.media-amazon.com/images/I/41yxL93OoUL._SL160_.jpg",
        "detailPageURL": "https://www.amazon.com/dp/B0C43LK22L",
        "rating": "",
        "totalReviews": "",
        "subtitle": "",
        "isPrimeEligible": "0"
    },
    {
        "ASIN": "1983490016",
        "title": "Essential Oils for Beginners: A Beginners Guide to Natural Healing and Aromatherapy",
        "price": "$17.38",
        "listPrice": "",
        "imageUrl": "https://m.media-amazon.com/images/I/51PggP+o-aL._SL160_.jpg",
        "detailPageURL": "https://www.amazon.com/dp/1983490016",
        "rating": "4.6",
        "totalReviews": "26",
        "subtitle": "Connors, K. (Paperback)",
        "isPrimeEligible": "1"
    },
    {
        "ASIN": "B0BS9MT17H",
        "title": "Q+A Vitamin A.C.E Cleansing Shower Oil, blend of vitamin-rich Fruit Extracts and Oils, plus a Superfood Complex supporting skin barrier whilst delivering an ultra-gentle cleanse, 250ml",
        "price": "$10.00 ($1.18 / Fl Oz)",
        "listPrice": "",
        "imageUrl": "https://m.media-amazon.com/images/I/31LMqmkaAEL._SL160_.jpg",
        "detailPageURL": "https://www.amazon.com/dp/B0BS9MT17H",
        "rating": "4.0",
        "totalReviews": "71",
        "subtitle": "Q+A",
        "isPrimeEligible": "1"
    },
    {
        "ASIN": "B000GIW74S",
        "title": "Cow Brand Gyunyu Non Additive Makeup Cleansing Oil 5.1oz/150ml",
        "price": "$12.15 ($2.38 / Fl Oz)",
        "listPrice": "$13.00 ($2.55 / Fl Oz)",
        "imageUrl": "https://m.media-amazon.com/images/I/31T+pmbHwoL._SL160_.jpg",
        "detailPageURL": "https://www.amazon.com/dp/B000GIW74S",
        "rating": "4.6",
        "totalReviews": "189",
        "subtitle": "Cow brand additive-free",
        "isPrimeEligible": "1"
    },
    {
        "ASIN": "B082VM1T64",
        "title": "Natural Cleansing Oil And Makeup Remover by Vera Botanics. Only 4 Ingredients. Gentle Daily Oil Cleanser For A Deep Face Wash. Remove Any Makeup. For All Skin Types. Eliminate Clogged Pores Blackheads",
        "price": "$14.98 ($2.50 / Fl Oz)",
        "listPrice": "",
        "imageUrl": "https://m.media-amazon.com/images/I/31WkaEmP6wL._SL160_.jpg",
        "detailPageURL": "https://www.amazon.com/dp/B082VM1T64",
        "rating": "4.5",
        "totalReviews": "862",
        "subtitle": "Vera Botanics",
        "isPrimeEligible": "1"
    },
    {
        "ASIN": "B094B5KZ91",
        "title": "Naturium Camellia Creamy Cleansing Oil, Fermented Camellia Oil & Extract Plus Linoleic-Rich Oils, 3.5 oz",
        "price": "$19.99 ($5.71 / Ounce)",
        "listPrice": "",
        "imageUrl": "https://m.media-amazon.com/images/I/414ve1Rs9pS._SL160_.jpg",
        "detailPageURL": "https://www.amazon.com/dp/B094B5KZ91",
        "rating": "4.2",
        "totalReviews": "310",
        "subtitle": "Naturium",
        "isPrimeEligible": "1"
    },
    {
        "ASIN": "B09R9CSSLT",
        "title": "META FORET Black Lemon Cleansing Oil 200ml/6.76fl.oz Makeup & Sunscreen Remover, Face Cleanser, Sebum Control, Deep Cleansing",
        "price": "$14.90 ($2.19 / Fl Oz)",
        "listPrice": "",
        "imageUrl": "https://m.media-amazon.com/images/I/21bwmy3BS8L._SL160_.jpg",
        "detailPageURL": "https://www.amazon.com/dp/B09R9CSSLT",
        "rating": "4.1",
        "totalReviews": "55",
        "subtitle": "META FORET",
        "isPrimeEligible": "1"
    },
    {
        "ASIN": "B07NR78FVQ",
        "title": "Mad Hippie Cleansing Oil for Face - Deep Cleansing Facial Cleanser & Makeup Remover for Dry, Sensitive, Acne-Prone Skin with Vitamin C-Rich Rosehip Oil, 2 Fl Oz",
        "price": "$14.39 ($7.20 / Fl Oz)",
        "listPrice": "$17.99 ($9.00 / Fl Oz)",
        "imageUrl": "https://m.media-amazon.com/images/I/51LIsi+CLML._SL160_.jpg",
        "detailPageURL": "https://www.amazon.com/dp/B07NR78FVQ",
        "rating": "4.7",
        "totalReviews": "130",
        "subtitle": "Mad Hippie",
        "isPrimeEligible": "1"
    },
    {
        "ASIN": "B0BSTP6CRX",
        "title": "Japanese Makeup Mukaiami KOSE Softymo Speedy Cleansing Oil 200ml Refill Pack x 3 Packs Including Oil Blotting Papers",
        "price": "$31.00 ($4.40 / Fl Oz)",
        "listPrice": "",
        "imageUrl": "https://m.media-amazon.com/images/I/51Gv3u1b8LL._SL160_.jpg",
        "detailPageURL": "https://www.amazon.com/dp/B0BSTP6CRX",
        "rating": "4.9",
        "totalReviews": "14",
        "subtitle": "Japanese Makeup Mukaiami",
        "isPrimeEligible": "1"
    },
    {
        "ASIN": "B0C43LK22L",
        "title": "Cleansing with Essential Oils",
        "price": "$0.99",
        "listPrice": "",
        "imageUrl": "https://m.media-amazon.com/images/I/41yxL93OoUL._SL160_.jpg",
        "detailPageURL": "https://www.amazon.com/dp/B0C43LK22L",
        "rating": "",
        "totalReviews": "",
        "subtitle": "",
        "isPrimeEligible": "0"
    },
    {
        "ASIN": "1983490016",
        "title": "Essential Oils for Beginners: A Beginners Guide to Natural Healing and Aromatherapy",
        "price": "$17.38",
        "listPrice": "",
        "imageUrl": "https://m.media-amazon.com/images/I/51PggP+o-aL._SL160_.jpg",
        "detailPageURL": "https://www.amazon.com/dp/1983490016",
        "rating": "4.6",
        "totalReviews": "26",
        "subtitle": "Connors, K. (Paperback)",
        "isPrimeEligible": "1"
    },
    {
        "ASIN": "B0BS9MT17H",
        "title": "Q+A Vitamin A.C.E Cleansing Shower Oil, blend of vitamin-rich Fruit Extracts and Oils, plus a Superfood Complex supporting skin barrier whilst delivering an ultra-gentle cleanse, 250ml",
        "price": "$10.00 ($1.18 / Fl Oz)",
        "listPrice": "",
        "imageUrl": "https://m.media-amazon.com/images/I/31LMqmkaAEL._SL160_.jpg",
        "detailPageURL": "https://www.amazon.com/dp/B0BS9MT17H",
        "rating": "4.0",
        "totalReviews": "71",
        "subtitle": "Q+A",
        "isPrimeEligible": "1"
    },
    {
        "ASIN": "B000GIW74S",
        "title": "Cow Brand Gyunyu Non Additive Makeup Cleansing Oil 5.1oz/150ml",
        "price": "$12.15 ($2.38 / Fl Oz)",
        "listPrice": "$13.00 ($2.55 / Fl Oz)",
        "imageUrl": "https://m.media-amazon.com/images/I/31T+pmbHwoL._SL160_.jpg",
        "detailPageURL": "https://www.amazon.com/dp/B000GIW74S",
        "rating": "4.6",
        "totalReviews": "189",
        "subtitle": "Cow brand additive-free",
        "isPrimeEligible": "1"
    },
    {
        "ASIN": "B082VM1T64",
        "title": "Natural Cleansing Oil And Makeup Remover by Vera Botanics. Only 4 Ingredients. Gentle Daily Oil Cleanser For A Deep Face Wash. Remove Any Makeup. For All Skin Types. Eliminate Clogged Pores Blackheads",
        "price": "$14.98 ($2.50 / Fl Oz)",
        "listPrice": "",
        "imageUrl": "https://m.media-amazon.com/images/I/31WkaEmP6wL._SL160_.jpg",
        "detailPageURL": "https://www.amazon.com/dp/B082VM1T64",
        "rating": "4.5",
        "totalReviews": "862",
        "subtitle": "Vera Botanics",
        "isPrimeEligible": "1"
    },
    {
        "ASIN": "B094B5KZ91",
        "title": "Naturium Camellia Creamy Cleansing Oil, Fermented Camellia Oil & Extract Plus Linoleic-Rich Oils, 3.5 oz",
        "price": "$19.99 ($5.71 / Ounce)",
        "listPrice": "",
        "imageUrl": "https://m.media-amazon.com/images/I/414ve1Rs9pS._SL160_.jpg",
        "detailPageURL": "https://www.amazon.com/dp/B094B5KZ91",
        "rating": "4.2",
        "totalReviews": "310",
        "subtitle": "Naturium",
        "isPrimeEligible": "1"
    },
    {
        "ASIN": "B09R9CSSLT",
        "title": "META FORET Black Lemon Cleansing Oil 200ml/6.76fl.oz Makeup & Sunscreen Remover, Face Cleanser, Sebum Control, Deep Cleansing",
        "price": "$14.90 ($2.19 / Fl Oz)",
        "listPrice": "",
        "imageUrl": "https://m.media-amazon.com/images/I/21bwmy3BS8L._SL160_.jpg",
        "detailPageURL": "https://www.amazon.com/dp/B09R9CSSLT",
        "rating": "4.1",
        "totalReviews": "55",
        "subtitle": "META FORET",
        "isPrimeEligible": "1"
    },
    {
        "ASIN": "B07NR78FVQ",
        "title": "Mad Hippie Cleansing Oil for Face - Deep Cleansing Facial Cleanser & Makeup Remover for Dry, Sensitive, Acne-Prone Skin with Vitamin C-Rich Rosehip Oil, 2 Fl Oz",
        "price": "$14.39 ($7.20 / Fl Oz)",
        "listPrice": "$17.99 ($9.00 / Fl Oz)",
        "imageUrl": "https://m.media-amazon.com/images/I/51LIsi+CLML._SL160_.jpg",
        "detailPageURL": "https://www.amazon.com/dp/B07NR78FVQ",
        "rating": "4.7",
        "totalReviews": "130",
        "subtitle": "Mad Hippie",
        "isPrimeEligible": "1"
    },
    {
        "ASIN": "B0BSTP6CRX",
        "title": "Japanese Makeup Mukaiami KOSE Softymo Speedy Cleansing Oil 200ml Refill Pack x 3 Packs Including Oil Blotting Papers",
        "price": "$31.00 ($4.40 / Fl Oz)",
        "listPrice": "",
        "imageUrl": "https://m.media-amazon.com/images/I/51Gv3u1b8LL._SL160_.jpg",
        "detailPageURL": "https://www.amazon.com/dp/B0BSTP6CRX",
        "rating": "4.9",
        "totalReviews": "14",
        "subtitle": "Japanese Makeup Mukaiami",
        "isPrimeEligible": "1"
    },
    {
        "ASIN": "B07B3299ZV",
        "title": "Tonymoly Wonder Apricot Deep Cleansing Oil, 7.9 oz",
        "price": "$16.50 ($2.09 / Ounce)",
        "listPrice": "$19.75 ($2.50 / Ounce)",
        "imageUrl": "https://m.media-amazon.com/images/I/21cLhNA5uuL._SL160_.jpg",
        "detailPageURL": "https://www.amazon.com/dp/B07B3299ZV",
        "rating": "4.6",
        "totalReviews": "423",
        "subtitle": "",
        "isPrimeEligible": "1"
    },
    {
        "ASIN": "1983490016",
        "title": "Essential Oils for Beginners: A Beginners Guide to Natural Healing and Aromatherapy",
        "price": "$17.38",
        "listPrice": "",
        "imageUrl": "https://m.media-amazon.com/images/I/51PggP+o-aL._SL160_.jpg",
        "detailPageURL": "https://www.amazon.com/dp/1983490016",
        "rating": "4.6",
        "totalReviews": "26",
        "subtitle": "Connors, K. (Paperback)",
        "isPrimeEligible": "1"
    },
    {
        "ASIN": "B0BS9MT17H",
        "title": "Q+A Vitamin A.C.E Cleansing Shower Oil, blend of vitamin-rich Fruit Extracts and Oils, plus a Superfood Complex supporting skin barrier whilst delivering an ultra-gentle cleanse, 250ml",
        "price": "$10.00 ($1.18 / Fl Oz)",
        "listPrice": "",
        "imageUrl": "https://m.media-amazon.com/images/I/31LMqmkaAEL._SL160_.jpg",
        "detailPageURL": "https://www.amazon.com/dp/B0BS9MT17H",
        "rating": "4.0",
        "totalReviews": "71",
        "subtitle": "Q+A",
        "isPrimeEligible": "1"
    },
    {
        "ASIN": "B000GIW74S",
        "title": "Cow Brand Gyunyu Non Additive Makeup Cleansing Oil 5.1oz/150ml",
        "price": "$12.15 ($2.38 / Fl Oz)",
        "listPrice": "$13.00 ($2.55 / Fl Oz)",
        "imageUrl": "https://m.media-amazon.com/images/I/31T+pmbHwoL._SL160_.jpg",
        "detailPageURL": "https://www.amazon.com/dp/B000GIW74S",
        "rating": "4.6",
        "totalReviews": "189",
        "subtitle": "Cow brand additive-free",
        "isPrimeEligible": "1"
    },
    {
        "ASIN": "B082VM1T64",
        "title": "Natural Cleansing Oil And Makeup Remover by Vera Botanics. Only 4 Ingredients. Gentle Daily Oil Cleanser For A Deep Face Wash. Remove Any Makeup. For All Skin Types. Eliminate Clogged Pores Blackheads",
        "price": "$14.98 ($2.50 / Fl Oz)",
        "listPrice": "",
        "imageUrl": "https://m.media-amazon.com/images/I/31WkaEmP6wL._SL160_.jpg",
        "detailPageURL": "https://www.amazon.com/dp/B082VM1T64",
        "rating": "4.5",
        "totalReviews": "862",
        "subtitle": "Vera Botanics",
        "isPrimeEligible": "1"
    },
    {
        "ASIN": "B094B5KZ91",
        "title": "Naturium Camellia Creamy Cleansing Oil, Fermented Camellia Oil & Extract Plus Linoleic-Rich Oils, 3.5 oz",
        "price": "$19.99 ($5.71 / Ounce)",
        "listPrice": "",
        "imageUrl": "https://m.media-amazon.com/images/I/414ve1Rs9pS._SL160_.jpg",
        "detailPageURL": "https://www.amazon.com/dp/B094B5KZ91",
        "rating": "4.2",
        "totalReviews": "310",
        "subtitle": "Naturium",
        "isPrimeEligible": "1"
    },
    {
        "ASIN": "B09R9CSSLT",
        "title": "META FORET Black Lemon Cleansing Oil 200ml/6.76fl.oz Makeup & Sunscreen Remover, Face Cleanser, Sebum Control, Deep Cleansing",
        "price": "$14.90 ($2.19 / Fl Oz)",
        "listPrice": "",
        "imageUrl": "https://m.media-amazon.com/images/I/21bwmy3BS8L._SL160_.jpg",
        "detailPageURL": "https://www.amazon.com/dp/B09R9CSSLT",
        "rating": "4.1",
        "totalReviews": "55",
        "subtitle": "META FORET",
        "isPrimeEligible": "1"
    },
    {
        "ASIN": "B07NR78FVQ",
        "title": "Mad Hippie Cleansing Oil for Face - Deep Cleansing Facial Cleanser & Makeup Remover for Dry, Sensitive, Acne-Prone Skin with Vitamin C-Rich Rosehip Oil, 2 Fl Oz",
        "price": "$14.39 ($7.20 / Fl Oz)",
        "listPrice": "$17.99 ($9.00 / Fl Oz)",
        "imageUrl": "https://m.media-amazon.com/images/I/51LIsi+CLML._SL160_.jpg",
        "detailPageURL": "https://www.amazon.com/dp/B07NR78FVQ",
        "rating": "4.7",
        "totalReviews": "130",
        "subtitle": "Mad Hippie",
        "isPrimeEligible": "1"
    },
    {
        "ASIN": "B0BSTP6CRX",
        "title": "Japanese Makeup Mukaiami KOSE Softymo Speedy Cleansing Oil 200ml Refill Pack x 3 Packs Including Oil Blotting Papers",
        "price": "$31.00 ($4.40 / Fl Oz)",
        "listPrice": "",
        "imageUrl": "https://m.media-amazon.com/images/I/51Gv3u1b8LL._SL160_.jpg",
        "detailPageURL": "https://www.amazon.com/dp/B0BSTP6CRX",
        "rating": "4.9",
        "totalReviews": "14",
        "subtitle": "Japanese Makeup Mukaiami",
        "isPrimeEligible": "1"
    },
    {
        "ASIN": "B07B3299ZV",
        "title": "Tonymoly Wonder Apricot Deep Cleansing Oil, 7.9 oz",
        "price": "$16.50 ($2.09 / Ounce)",
        "listPrice": "$19.75 ($2.50 / Ounce)",
        "imageUrl": "https://m.media-amazon.com/images/I/21cLhNA5uuL._SL160_.jpg",
        "detailPageURL": "https://www.amazon.com/dp/B07B3299ZV",
        "rating": "4.6",
        "totalReviews": "423",
        "subtitle": "",
        "isPrimeEligible": "1"
    },
    {
        "ASIN": "B00PGOBWPW",
        "title": "DearKlairs] Gentle Black Deep Cleansing Oil, Makeup Cleansing Oil Cleanser, 150ml, 5.07oz, Daily Face Wash Remover, No Clogging Pores, Hydrating, K Beauty, All skin types",
        "price": "$19.00 ($3.75 / Fl Oz)",
        "listPrice": "$22.90 ($4.52 / Fl Oz)",
        "imageUrl": "https://m.media-amazon.com/images/I/31JHxzsICdS._SL160_.jpg",
        "detailPageURL": "https://www.amazon.com/dp/B00PGOBWPW",
        "rating": "4.4",
        "totalReviews": "2632",
        "subtitle": "DearKlairs",
        "isPrimeEligible": "1"
    },
    {
        "ASIN": "B0BS9MT17H",
        "title": "Q+A Vitamin A.C.E Cleansing Shower Oil, blend of vitamin-rich Fruit Extracts and Oils, plus a Superfood Complex supporting skin barrier whilst delivering an ultra-gentle cleanse, 250ml",
        "price": "$10.00 ($1.18 / Fl Oz)",
        "listPrice": "",
        "imageUrl": "https://m.media-amazon.com/images/I/31LMqmkaAEL._SL160_.jpg",
        "detailPageURL": "https://www.amazon.com/dp/B0BS9MT17H",
        "rating": "4.0",
        "totalReviews": "71",
        "subtitle": "Q+A",
        "isPrimeEligible": "1"
    },
    {
        "ASIN": "B000GIW74S",
        "title": "Cow Brand Gyunyu Non Additive Makeup Cleansing Oil 5.1oz/150ml",
        "price": "$12.15 ($2.38 / Fl Oz)",
        "listPrice": "$13.00 ($2.55 / Fl Oz)",
        "imageUrl": "https://m.media-amazon.com/images/I/31T+pmbHwoL._SL160_.jpg",
        "detailPageURL": "https://www.amazon.com/dp/B000GIW74S",
        "rating": "4.6",
        "totalReviews": "189",
        "subtitle": "Cow brand additive-free",
        "isPrimeEligible": "1"
    },
    {
        "ASIN": "B082VM1T64",
        "title": "Natural Cleansing Oil And Makeup Remover by Vera Botanics. Only 4 Ingredients. Gentle Daily Oil Cleanser For A Deep Face Wash. Remove Any Makeup. For All Skin Types. Eliminate Clogged Pores Blackheads",
        "price": "$14.98 ($2.50 / Fl Oz)",
        "listPrice": "",
        "imageUrl": "https://m.media-amazon.com/images/I/31WkaEmP6wL._SL160_.jpg",
        "detailPageURL": "https://www.amazon.com/dp/B082VM1T64",
        "rating": "4.5",
        "totalReviews": "862",
        "subtitle": "Vera Botanics",
        "isPrimeEligible": "1"
    },
    {
        "ASIN": "B094B5KZ91",
        "title": "Naturium Camellia Creamy Cleansing Oil, Fermented Camellia Oil & Extract Plus Linoleic-Rich Oils, 3.5 oz",
        "price": "$19.99 ($5.71 / Ounce)",
        "listPrice": "",
        "imageUrl": "https://m.media-amazon.com/images/I/414ve1Rs9pS._SL160_.jpg",
        "detailPageURL": "https://www.amazon.com/dp/B094B5KZ91",
        "rating": "4.2",
        "totalReviews": "310",
        "subtitle": "Naturium",
        "isPrimeEligible": "1"
    },
    {
        "ASIN": "B09R9CSSLT",
        "title": "META FORET Black Lemon Cleansing Oil 200ml/6.76fl.oz Makeup & Sunscreen Remover, Face Cleanser, Sebum Control, Deep Cleansing",
        "price": "$14.90 ($2.19 / Fl Oz)",
        "listPrice": "",
        "imageUrl": "https://m.media-amazon.com/images/I/21bwmy3BS8L._SL160_.jpg",
        "detailPageURL": "https://www.amazon.com/dp/B09R9CSSLT",
        "rating": "4.1",
        "totalReviews": "55",
        "subtitle": "META FORET",
        "isPrimeEligible": "1"
    },
    {
        "ASIN": "B07NR78FVQ",
        "title": "Mad Hippie Cleansing Oil for Face - Deep Cleansing Facial Cleanser & Makeup Remover for Dry, Sensitive, Acne-Prone Skin with Vitamin C-Rich Rosehip Oil, 2 Fl Oz",
        "price": "$14.39 ($7.20 / Fl Oz)",
        "listPrice": "$17.99 ($9.00 / Fl Oz)",
        "imageUrl": "https://m.media-amazon.com/images/I/51LIsi+CLML._SL160_.jpg",
        "detailPageURL": "https://www.amazon.com/dp/B07NR78FVQ",
        "rating": "4.7",
        "totalReviews": "130",
        "subtitle": "Mad Hippie",
        "isPrimeEligible": "1"
    },
    {
        "ASIN": "B0BSTP6CRX",
        "title": "Japanese Makeup Mukaiami KOSE Softymo Speedy Cleansing Oil 200ml Refill Pack x 3 Packs Including Oil Blotting Papers",
        "price": "$31.00 ($4.40 / Fl Oz)",
        "listPrice": "",
        "imageUrl": "https://m.media-amazon.com/images/I/51Gv3u1b8LL._SL160_.jpg",
        "detailPageURL": "https://www.amazon.com/dp/B0BSTP6CRX",
        "rating": "4.9",
        "totalReviews": "14",
        "subtitle": "Japanese Makeup Mukaiami",
        "isPrimeEligible": "1"
    },
    {
        "ASIN": "B07B3299ZV",
        "title": "Tonymoly Wonder Apricot Deep Cleansing Oil, 7.9 oz",
        "price": "$16.50 ($2.09 / Ounce)",
        "listPrice": "$19.75 ($2.50 / Ounce)",
        "imageUrl": "https://m.media-amazon.com/images/I/21cLhNA5uuL._SL160_.jpg",
        "detailPageURL": "https://www.amazon.com/dp/B07B3299ZV",
        "rating": "4.6",
        "totalReviews": "423",
        "subtitle": "",
        "isPrimeEligible": "1"
    },
    {
        "ASIN": "B00PGOBWPW",
        "title": "DearKlairs] Gentle Black Deep Cleansing Oil, Makeup Cleansing Oil Cleanser, 150ml, 5.07oz, Daily Face Wash Remover, No Clogging Pores, Hydrating, K Beauty, All skin types",
        "price": "$19.00 ($3.75 / Fl Oz)",
        "listPrice": "$22.90 ($4.52 / Fl Oz)",
        "imageUrl": "https://m.media-amazon.com/images/I/31JHxzsICdS._SL160_.jpg",
        "detailPageURL": "https://www.amazon.com/dp/B00PGOBWPW",
        "rating": "4.4",
        "totalReviews": "2632",
        "subtitle": "DearKlairs",
        "isPrimeEligible": "1"
    },
    {
        "ASIN": "B0B58QXD1Z",
        "title": "POP MODERN.C Turmeric Vitamin C Clay Mask Deep Cleansing Face Mask Skin Care Improve Blackheads Acne Dark Spots and Even out skin tone Facial Mask Control Oil and Refining Pores",
        "price": "$9.99 ($2.36 / Ounce)",
        "listPrice": "",
        "imageUrl": "https://m.media-amazon.com/images/I/51KWzD3-yoL._SL160_.jpg",
        "detailPageURL": "https://www.amazon.com/dp/B0B58QXD1Z",
        "rating": "4.3",
        "totalReviews": "421",
        "subtitle": "POP MODERN.C",
        "isPrimeEligible": "1"
    },
    {
        "ASIN": "B000GIW74S",
        "title": "Cow Brand Gyunyu Non Additive Makeup Cleansing Oil 5.1oz/150ml",
        "price": "$12.15 ($2.38 / Fl Oz)",
        "listPrice": "$13.00 ($2.55 / Fl Oz)",
        "imageUrl": "https://m.media-amazon.com/images/I/31T+pmbHwoL._SL160_.jpg",
        "detailPageURL": "https://www.amazon.com/dp/B000GIW74S",
        "rating": "4.6",
        "totalReviews": "189",
        "subtitle": "Cow brand additive-free",
        "isPrimeEligible": "1"
    },
    {
        "ASIN": "B082VM1T64",
        "title": "Natural Cleansing Oil And Makeup Remover by Vera Botanics. Only 4 Ingredients. Gentle Daily Oil Cleanser For A Deep Face Wash. Remove Any Makeup. For All Skin Types. Eliminate Clogged Pores Blackheads",
        "price": "$14.98 ($2.50 / Fl Oz)",
        "listPrice": "",
        "imageUrl": "https://m.media-amazon.com/images/I/31WkaEmP6wL._SL160_.jpg",
        "detailPageURL": "https://www.amazon.com/dp/B082VM1T64",
        "rating": "4.5",
        "totalReviews": "862",
        "subtitle": "Vera Botanics",
        "isPrimeEligible": "1"
    },
    {
        "ASIN": "B094B5KZ91",
        "title": "Naturium Camellia Creamy Cleansing Oil, Fermented Camellia Oil & Extract Plus Linoleic-Rich Oils, 3.5 oz",
        "price": "$19.99 ($5.71 / Ounce)",
        "listPrice": "",
        "imageUrl": "https://m.media-amazon.com/images/I/414ve1Rs9pS._SL160_.jpg",
        "detailPageURL": "https://www.amazon.com/dp/B094B5KZ91",
        "rating": "4.2",
        "totalReviews": "310",
        "subtitle": "Naturium",
        "isPrimeEligible": "1"
    },
    {
        "ASIN": "B09R9CSSLT",
        "title": "META FORET Black Lemon Cleansing Oil 200ml/6.76fl.oz Makeup & Sunscreen Remover, Face Cleanser, Sebum Control, Deep Cleansing",
        "price": "$14.90 ($2.19 / Fl Oz)",
        "listPrice": "",
        "imageUrl": "https://m.media-amazon.com/images/I/21bwmy3BS8L._SL160_.jpg",
        "detailPageURL": "https://www.amazon.com/dp/B09R9CSSLT",
        "rating": "4.1",
        "totalReviews": "55",
        "subtitle": "META FORET",
        "isPrimeEligible": "1"
    },
    {
        "ASIN": "B07NR78FVQ",
        "title": "Mad Hippie Cleansing Oil for Face - Deep Cleansing Facial Cleanser & Makeup Remover for Dry, Sensitive, Acne-Prone Skin with Vitamin C-Rich Rosehip Oil, 2 Fl Oz",
        "price": "$14.39 ($7.20 / Fl Oz)",
        "listPrice": "$17.99 ($9.00 / Fl Oz)",
        "imageUrl": "https://m.media-amazon.com/images/I/51LIsi+CLML._SL160_.jpg",
        "detailPageURL": "https://www.amazon.com/dp/B07NR78FVQ",
        "rating": "4.7",
        "totalReviews": "130",
        "subtitle": "Mad Hippie",
        "isPrimeEligible": "1"
    },
    {
        "ASIN": "B0BSTP6CRX",
        "title": "Japanese Makeup Mukaiami KOSE Softymo Speedy Cleansing Oil 200ml Refill Pack x 3 Packs Including Oil Blotting Papers",
        "price": "$31.00 ($4.40 / Fl Oz)",
        "listPrice": "",
        "imageUrl": "https://m.media-amazon.com/images/I/51Gv3u1b8LL._SL160_.jpg",
        "detailPageURL": "https://www.amazon.com/dp/B0BSTP6CRX",
        "rating": "4.9",
        "totalReviews": "14",
        "subtitle": "Japanese Makeup Mukaiami",
        "isPrimeEligible": "1"
    },
    {
        "ASIN": "B07B3299ZV",
        "title": "Tonymoly Wonder Apricot Deep Cleansing Oil, 7.9 oz",
        "price": "$16.50 ($2.09 / Ounce)",
        "listPrice": "$19.75 ($2.50 / Ounce)",
        "imageUrl": "https://m.media-amazon.com/images/I/21cLhNA5uuL._SL160_.jpg",
        "detailPageURL": "https://www.amazon.com/dp/B07B3299ZV",
        "rating": "4.6",
        "totalReviews": "423",
        "subtitle": "",
        "isPrimeEligible": "1"
    },
    {
        "ASIN": "B00PGOBWPW",
        "title": "DearKlairs] Gentle Black Deep Cleansing Oil, Makeup Cleansing Oil Cleanser, 150ml, 5.07oz, Daily Face Wash Remover, No Clogging Pores, Hydrating, K Beauty, All skin types",
        "price": "$19.00 ($3.75 / Fl Oz)",
        "listPrice": "$22.90 ($4.52 / Fl Oz)",
        "imageUrl": "https://m.media-amazon.com/images/I/31JHxzsICdS._SL160_.jpg",
        "detailPageURL": "https://www.amazon.com/dp/B00PGOBWPW",
        "rating": "4.4",
        "totalReviews": "2632",
        "subtitle": "DearKlairs",
        "isPrimeEligible": "1"
    },
    {
        "ASIN": "B0B58QXD1Z",
        "title": "POP MODERN.C Turmeric Vitamin C Clay Mask Deep Cleansing Face Mask Skin Care Improve Blackheads Acne Dark Spots and Even out skin tone Facial Mask Control Oil and Refining Pores",
        "price": "$9.99 ($2.36 / Ounce)",
        "listPrice": "",
        "imageUrl": "https://m.media-amazon.com/images/I/51KWzD3-yoL._SL160_.jpg",
        "detailPageURL": "https://www.amazon.com/dp/B0B58QXD1Z",
        "rating": "4.3",
        "totalReviews": "421",
        "subtitle": "POP MODERN.C",
        "isPrimeEligible": "1"
    },
    {
        "ASIN": "B003ODHO8Q",
        "title": "The Complete Master Cleanse: A Step-by-Step Guide to Maximizing the Benefits of The Lemonade Diet",
        "price": "$9.99",
        "listPrice": "",
        "imageUrl": "https://m.media-amazon.com/images/I/41wrccrF-kL._SL160_.jpg",
        "detailPageURL": "https://www.amazon.com/dp/B003ODHO8Q",
        "rating": "4.6",
        "totalReviews": "780",
        "subtitle": "",
        "isPrimeEligible": "0"
    },
    {
        "ASIN": "B082VM1T64",
        "title": "Natural Cleansing Oil And Makeup Remover by Vera Botanics. Only 4 Ingredients. Gentle Daily Oil Cleanser For A Deep Face Wash. Remove Any Makeup. For All Skin Types. Eliminate Clogged Pores Blackheads",
        "price": "$14.98 ($2.50 / Fl Oz)",
        "listPrice": "",
        "imageUrl": "https://m.media-amazon.com/images/I/31WkaEmP6wL._SL160_.jpg",
        "detailPageURL": "https://www.amazon.com/dp/B082VM1T64",
        "rating": "4.5",
        "totalReviews": "862",
        "subtitle": "Vera Botanics",
        "isPrimeEligible": "1"
    },
    {
        "ASIN": "B094B5KZ91",
        "title": "Naturium Camellia Creamy Cleansing Oil, Fermented Camellia Oil & Extract Plus Linoleic-Rich Oils, 3.5 oz",
        "price": "$19.99 ($5.71 / Ounce)",
        "listPrice": "",
        "imageUrl": "https://m.media-amazon.com/images/I/414ve1Rs9pS._SL160_.jpg",
        "detailPageURL": "https://www.amazon.com/dp/B094B5KZ91",
        "rating": "4.2",
        "totalReviews": "310",
        "subtitle": "Naturium",
        "isPrimeEligible": "1"
    },
    {
        "ASIN": "B09R9CSSLT",
        "title": "META FORET Black Lemon Cleansing Oil 200ml/6.76fl.oz Makeup & Sunscreen Remover, Face Cleanser, Sebum Control, Deep Cleansing",
        "price": "$14.90 ($2.19 / Fl Oz)",
        "listPrice": "",
        "imageUrl": "https://m.media-amazon.com/images/I/21bwmy3BS8L._SL160_.jpg",
        "detailPageURL": "https://www.amazon.com/dp/B09R9CSSLT",
        "rating": "4.1",
        "totalReviews": "55",
        "subtitle": "META FORET",
        "isPrimeEligible": "1"
    },
    {
        "ASIN": "B07NR78FVQ",
        "title": "Mad Hippie Cleansing Oil for Face - Deep Cleansing Facial Cleanser & Makeup Remover for Dry, Sensitive, Acne-Prone Skin with Vitamin C-Rich Rosehip Oil, 2 Fl Oz",
        "price": "$14.39 ($7.20 / Fl Oz)",
        "listPrice": "$17.99 ($9.00 / Fl Oz)",
        "imageUrl": "https://m.media-amazon.com/images/I/51LIsi+CLML._SL160_.jpg",
        "detailPageURL": "https://www.amazon.com/dp/B07NR78FVQ",
        "rating": "4.7",
        "totalReviews": "130",
        "subtitle": "Mad Hippie",
        "isPrimeEligible": "1"
    },
    {
        "ASIN": "B0BSTP6CRX",
        "title": "Japanese Makeup Mukaiami KOSE Softymo Speedy Cleansing Oil 200ml Refill Pack x 3 Packs Including Oil Blotting Papers",
        "price": "$31.00 ($4.40 / Fl Oz)",
        "listPrice": "",
        "imageUrl": "https://m.media-amazon.com/images/I/51Gv3u1b8LL._SL160_.jpg",
        "detailPageURL": "https://www.amazon.com/dp/B0BSTP6CRX",
        "rating": "4.9",
        "totalReviews": "14",
        "subtitle": "Japanese Makeup Mukaiami",
        "isPrimeEligible": "1"
    },
    {
        "ASIN": "B07B3299ZV",
        "title": "Tonymoly Wonder Apricot Deep Cleansing Oil, 7.9 oz",
        "price": "$16.50 ($2.09 / Ounce)",
        "listPrice": "$19.75 ($2.50 / Ounce)",
        "imageUrl": "https://m.media-amazon.com/images/I/21cLhNA5uuL._SL160_.jpg",
        "detailPageURL": "https://www.amazon.com/dp/B07B3299ZV",
        "rating": "4.6",
        "totalReviews": "423",
        "subtitle": "",
        "isPrimeEligible": "1"
    },
    {
        "ASIN": "B00PGOBWPW",
        "title": "DearKlairs] Gentle Black Deep Cleansing Oil, Makeup Cleansing Oil Cleanser, 150ml, 5.07oz, Daily Face Wash Remover, No Clogging Pores, Hydrating, K Beauty, All skin types",
        "price": "$19.00 ($3.75 / Fl Oz)",
        "listPrice": "$22.90 ($4.52 / Fl Oz)",
        "imageUrl": "https://m.media-amazon.com/images/I/31JHxzsICdS._SL160_.jpg",
        "detailPageURL": "https://www.amazon.com/dp/B00PGOBWPW",
        "rating": "4.4",
        "totalReviews": "2632",
        "subtitle": "DearKlairs",
        "isPrimeEligible": "1"
    },
    {
        "ASIN": "B0B58QXD1Z",
        "title": "POP MODERN.C Turmeric Vitamin C Clay Mask Deep Cleansing Face Mask Skin Care Improve Blackheads Acne Dark Spots and Even out skin tone Facial Mask Control Oil and Refining Pores",
        "price": "$9.99 ($2.36 / Ounce)",
        "listPrice": "",
        "imageUrl": "https://m.media-amazon.com/images/I/51KWzD3-yoL._SL160_.jpg",
        "detailPageURL": "https://www.amazon.com/dp/B0B58QXD1Z",
        "rating": "4.3",
        "totalReviews": "421",
        "subtitle": "POP MODERN.C",
        "isPrimeEligible": "1"
    },
    {
        "ASIN": "B003ODHO8Q",
        "title": "The Complete Master Cleanse: A Step-by-Step Guide to Maximizing the Benefits of The Lemonade Diet",
        "price": "$9.99",
        "listPrice": "",
        "imageUrl": "https://m.media-amazon.com/images/I/41wrccrF-kL._SL160_.jpg",
        "detailPageURL": "https://www.amazon.com/dp/B003ODHO8Q",
        "rating": "4.6",
        "totalReviews": "780",
        "subtitle": "",
        "isPrimeEligible": "0"
    },
    {
        "ASIN": "151074469X",
        "title": "Natural Skin Care at Home: How to Make Organic Moisturizers, Masks, Balms, Buffs, Scrubs, and Much More",
        "price": "$19.99",
        "listPrice": "",
        "imageUrl": "https://m.media-amazon.com/images/I/51b3q3XcwAL._SL160_.jpg",
        "detailPageURL": "https://www.amazon.com/dp/151074469X",
        "rating": "4.5",
        "totalReviews": "207",
        "subtitle": "McQuerry, Liz (Hardcover)",
        "isPrimeEligible": "1"
    },
    {
        "ASIN": "B094B5KZ91",
        "title": "Naturium Camellia Creamy Cleansing Oil, Fermented Camellia Oil & Extract Plus Linoleic-Rich Oils, 3.5 oz",
        "price": "$19.99 ($5.71 / Ounce)",
        "listPrice": "",
        "imageUrl": "https://m.media-amazon.com/images/I/414ve1Rs9pS._SL160_.jpg",
        "detailPageURL": "https://www.amazon.com/dp/B094B5KZ91",
        "rating": "4.2",
        "totalReviews": "310",
        "subtitle": "Naturium",
        "isPrimeEligible": "1"
    },
    {
        "ASIN": "B09R9CSSLT",
        "title": "META FORET Black Lemon Cleansing Oil 200ml/6.76fl.oz Makeup & Sunscreen Remover, Face Cleanser, Sebum Control, Deep Cleansing",
        "price": "$14.90 ($2.19 / Fl Oz)",
        "listPrice": "",
        "imageUrl": "https://m.media-amazon.com/images/I/21bwmy3BS8L._SL160_.jpg",
        "detailPageURL": "https://www.amazon.com/dp/B09R9CSSLT",
        "rating": "4.1",
        "totalReviews": "55",
        "subtitle": "META FORET",
        "isPrimeEligible": "1"
    },
    {
        "ASIN": "B07NR78FVQ",
        "title": "Mad Hippie Cleansing Oil for Face - Deep Cleansing Facial Cleanser & Makeup Remover for Dry, Sensitive, Acne-Prone Skin with Vitamin C-Rich Rosehip Oil, 2 Fl Oz",
        "price": "$14.39 ($7.20 / Fl Oz)",
        "listPrice": "$17.99 ($9.00 / Fl Oz)",
        "imageUrl": "https://m.media-amazon.com/images/I/51LIsi+CLML._SL160_.jpg",
        "detailPageURL": "https://www.amazon.com/dp/B07NR78FVQ",
        "rating": "4.7",
        "totalReviews": "130",
        "subtitle": "Mad Hippie",
        "isPrimeEligible": "1"
    },
    {
        "ASIN": "B0BSTP6CRX",
        "title": "Japanese Makeup Mukaiami KOSE Softymo Speedy Cleansing Oil 200ml Refill Pack x 3 Packs Including Oil Blotting Papers",
        "price": "$31.00 ($4.40 / Fl Oz)",
        "listPrice": "",
        "imageUrl": "https://m.media-amazon.com/images/I/51Gv3u1b8LL._SL160_.jpg",
        "detailPageURL": "https://www.amazon.com/dp/B0BSTP6CRX",
        "rating": "4.9",
        "totalReviews": "14",
        "subtitle": "Japanese Makeup Mukaiami",
        "isPrimeEligible": "1"
    },
    {
        "ASIN": "B07B3299ZV",
        "title": "Tonymoly Wonder Apricot Deep Cleansing Oil, 7.9 oz",
        "price": "$16.50 ($2.09 / Ounce)",
        "listPrice": "$19.75 ($2.50 / Ounce)",
        "imageUrl": "https://m.media-amazon.com/images/I/21cLhNA5uuL._SL160_.jpg",
        "detailPageURL": "https://www.amazon.com/dp/B07B3299ZV",
        "rating": "4.6",
        "totalReviews": "423",
        "subtitle": "",
        "isPrimeEligible": "1"
    },
    {
        "ASIN": "B00PGOBWPW",
        "title": "DearKlairs] Gentle Black Deep Cleansing Oil, Makeup Cleansing Oil Cleanser, 150ml, 5.07oz, Daily Face Wash Remover, No Clogging Pores, Hydrating, K Beauty, All skin types",
        "price": "$19.00 ($3.75 / Fl Oz)",
        "listPrice": "$22.90 ($4.52 / Fl Oz)",
        "imageUrl": "https://m.media-amazon.com/images/I/31JHxzsICdS._SL160_.jpg",
        "detailPageURL": "https://www.amazon.com/dp/B00PGOBWPW",
        "rating": "4.4",
        "totalReviews": "2632",
        "subtitle": "DearKlairs",
        "isPrimeEligible": "1"
    },
    {
        "ASIN": "B0B58QXD1Z",
        "title": "POP MODERN.C Turmeric Vitamin C Clay Mask Deep Cleansing Face Mask Skin Care Improve Blackheads Acne Dark Spots and Even out skin tone Facial Mask Control Oil and Refining Pores",
        "price": "$9.99 ($2.36 / Ounce)",
        "listPrice": "",
        "imageUrl": "https://m.media-amazon.com/images/I/51KWzD3-yoL._SL160_.jpg",
        "detailPageURL": "https://www.amazon.com/dp/B0B58QXD1Z",
        "rating": "4.3",
        "totalReviews": "421",
        "subtitle": "POP MODERN.C",
        "isPrimeEligible": "1"
    },
    {
        "ASIN": "B003ODHO8Q",
        "title": "The Complete Master Cleanse: A Step-by-Step Guide to Maximizing the Benefits of The Lemonade Diet",
        "price": "$9.99",
        "listPrice": "",
        "imageUrl": "https://m.media-amazon.com/images/I/41wrccrF-kL._SL160_.jpg",
        "detailPageURL": "https://www.amazon.com/dp/B003ODHO8Q",
        "rating": "4.6",
        "totalReviews": "780",
        "subtitle": "",
        "isPrimeEligible": "0"
    },
    {
        "ASIN": "151074469X",
        "title": "Natural Skin Care at Home: How to Make Organic Moisturizers, Masks, Balms, Buffs, Scrubs, and Much More",
        "price": "$19.99",
        "listPrice": "",
        "imageUrl": "https://m.media-amazon.com/images/I/51b3q3XcwAL._SL160_.jpg",
        "detailPageURL": "https://www.amazon.com/dp/151074469X",
        "rating": "4.5",
        "totalReviews": "207",
        "subtitle": "McQuerry, Liz (Hardcover)",
        "isPrimeEligible": "1"
    },
    {
        "ASIN": "B0CC5GH128",
        "title": "Oil Massage / Cleansing With Hand Sounds",
        "price": "$1.29",
        "listPrice": "",
        "imageUrl": "https://m.media-amazon.com/images/I/51RAKB39qmL._SL160_.jpg",
        "detailPageURL": "https://www.amazon.com/dp/B0CC5GH128",
        "rating": "",
        "totalReviews": "",
        "subtitle": "",
        "isPrimeEligible": "0"
    },
    {
        "ASIN": "B09R9CSSLT",
        "title": "META FORET Black Lemon Cleansing Oil 200ml/6.76fl.oz Makeup & Sunscreen Remover, Face Cleanser, Sebum Control, Deep Cleansing",
        "price": "$14.90 ($2.19 / Fl Oz)",
        "listPrice": "",
        "imageUrl": "https://m.media-amazon.com/images/I/21bwmy3BS8L._SL160_.jpg",
        "detailPageURL": "https://www.amazon.com/dp/B09R9CSSLT",
        "rating": "4.1",
        "totalReviews": "55",
        "subtitle": "META FORET",
        "isPrimeEligible": "1"
    },
    {
        "ASIN": "B07NR78FVQ",
        "title": "Mad Hippie Cleansing Oil for Face - Deep Cleansing Facial Cleanser & Makeup Remover for Dry, Sensitive, Acne-Prone Skin with Vitamin C-Rich Rosehip Oil, 2 Fl Oz",
        "price": "$14.39 ($7.20 / Fl Oz)",
        "listPrice": "$17.99 ($9.00 / Fl Oz)",
        "imageUrl": "https://m.media-amazon.com/images/I/51LIsi+CLML._SL160_.jpg",
        "detailPageURL": "https://www.amazon.com/dp/B07NR78FVQ",
        "rating": "4.7",
        "totalReviews": "130",
        "subtitle": "Mad Hippie",
        "isPrimeEligible": "1"
    },
    {
        "ASIN": "B0BSTP6CRX",
        "title": "Japanese Makeup Mukaiami KOSE Softymo Speedy Cleansing Oil 200ml Refill Pack x 3 Packs Including Oil Blotting Papers",
        "price": "$31.00 ($4.40 / Fl Oz)",
        "listPrice": "",
        "imageUrl": "https://m.media-amazon.com/images/I/51Gv3u1b8LL._SL160_.jpg",
        "detailPageURL": "https://www.amazon.com/dp/B0BSTP6CRX",
        "rating": "4.9",
        "totalReviews": "14",
        "subtitle": "Japanese Makeup Mukaiami",
        "isPrimeEligible": "1"
    },
    {
        "ASIN": "B07B3299ZV",
        "title": "Tonymoly Wonder Apricot Deep Cleansing Oil, 7.9 oz",
        "price": "$16.50 ($2.09 / Ounce)",
        "listPrice": "$19.75 ($2.50 / Ounce)",
        "imageUrl": "https://m.media-amazon.com/images/I/21cLhNA5uuL._SL160_.jpg",
        "detailPageURL": "https://www.amazon.com/dp/B07B3299ZV",
        "rating": "4.6",
        "totalReviews": "423",
        "subtitle": "",
        "isPrimeEligible": "1"
    },
    {
        "ASIN": "B00PGOBWPW",
        "title": "DearKlairs] Gentle Black Deep Cleansing Oil, Makeup Cleansing Oil Cleanser, 150ml, 5.07oz, Daily Face Wash Remover, No Clogging Pores, Hydrating, K Beauty, All skin types",
        "price": "$19.00 ($3.75 / Fl Oz)",
        "listPrice": "$22.90 ($4.52 / Fl Oz)",
        "imageUrl": "https://m.media-amazon.com/images/I/31JHxzsICdS._SL160_.jpg",
        "detailPageURL": "https://www.amazon.com/dp/B00PGOBWPW",
        "rating": "4.4",
        "totalReviews": "2632",
        "subtitle": "DearKlairs",
        "isPrimeEligible": "1"
    },
    {
        "ASIN": "B0B58QXD1Z",
        "title": "POP MODERN.C Turmeric Vitamin C Clay Mask Deep Cleansing Face Mask Skin Care Improve Blackheads Acne Dark Spots and Even out skin tone Facial Mask Control Oil and Refining Pores",
        "price": "$9.99 ($2.36 / Ounce)",
        "listPrice": "",
        "imageUrl": "https://m.media-amazon.com/images/I/51KWzD3-yoL._SL160_.jpg",
        "detailPageURL": "https://www.amazon.com/dp/B0B58QXD1Z",
        "rating": "4.3",
        "totalReviews": "421",
        "subtitle": "POP MODERN.C",
        "isPrimeEligible": "1"
    },
    {
        "ASIN": "B003ODHO8Q",
        "title": "The Complete Master Cleanse: A Step-by-Step Guide to Maximizing the Benefits of The Lemonade Diet",
        "price": "$9.99",
        "listPrice": "",
        "imageUrl": "https://m.media-amazon.com/images/I/41wrccrF-kL._SL160_.jpg",
        "detailPageURL": "https://www.amazon.com/dp/B003ODHO8Q",
        "rating": "4.6",
        "totalReviews": "780",
        "subtitle": "",
        "isPrimeEligible": "0"
    },
    {
        "ASIN": "151074469X",
        "title": "Natural Skin Care at Home: How to Make Organic Moisturizers, Masks, Balms, Buffs, Scrubs, and Much More",
        "price": "$19.99",
        "listPrice": "",
        "imageUrl": "https://m.media-amazon.com/images/I/51b3q3XcwAL._SL160_.jpg",
        "detailPageURL": "https://www.amazon.com/dp/151074469X",
        "rating": "4.5",
        "totalReviews": "207",
        "subtitle": "McQuerry, Liz (Hardcover)",
        "isPrimeEligible": "1"
    },
    {
        "ASIN": "B0CC5GH128",
        "title": "Oil Massage / Cleansing With Hand Sounds",
        "price": "$1.29",
        "listPrice": "",
        "imageUrl": "https://m.media-amazon.com/images/I/51RAKB39qmL._SL160_.jpg",
        "detailPageURL": "https://www.amazon.com/dp/B0CC5GH128",
        "rating": "",
        "totalReviews": "",
        "subtitle": "",
        "isPrimeEligible": "0"
    },
    {
        "ASIN": "B0B3R661JP",
        "title": "[Beauty of Joseon] Radiance Cleansing Balm (100ml, 3.38 fl.oz)",
        "price": "$17.10 ($5.06 / Ounce)",
        "listPrice": "$19.00 ($5.62 / Ounce)",
        "imageUrl": "https://m.media-amazon.com/images/I/21Pppxr2FgL._SL160_.jpg",
        "detailPageURL": "https://www.amazon.com/dp/B0B3R661JP",
        "rating": "4.6",
        "totalReviews": "302",
        "subtitle": "Beauty of Joseon",
        "isPrimeEligible": "1"
    },
    {
        "ASIN": "B07NR78FVQ",
        "title": "Mad Hippie Cleansing Oil for Face - Deep Cleansing Facial Cleanser & Makeup Remover for Dry, Sensitive, Acne-Prone Skin with Vitamin C-Rich Rosehip Oil, 2 Fl Oz",
        "price": "$14.39 ($7.20 / Fl Oz)",
        "listPrice": "$17.99 ($9.00 / Fl Oz)",
        "imageUrl": "https://m.media-amazon.com/images/I/51LIsi+CLML._SL160_.jpg",
        "detailPageURL": "https://www.amazon.com/dp/B07NR78FVQ",
        "rating": "4.7",
        "totalReviews": "130",
        "subtitle": "Mad Hippie",
        "isPrimeEligible": "1"
    },
    {
        "ASIN": "B0BSTP6CRX",
        "title": "Japanese Makeup Mukaiami KOSE Softymo Speedy Cleansing Oil 200ml Refill Pack x 3 Packs Including Oil Blotting Papers",
        "price": "$31.00 ($4.40 / Fl Oz)",
        "listPrice": "",
        "imageUrl": "https://m.media-amazon.com/images/I/51Gv3u1b8LL._SL160_.jpg",
        "detailPageURL": "https://www.amazon.com/dp/B0BSTP6CRX",
        "rating": "4.9",
        "totalReviews": "14",
        "subtitle": "Japanese Makeup Mukaiami",
        "isPrimeEligible": "1"
    },
    {
        "ASIN": "B07B3299ZV",
        "title": "Tonymoly Wonder Apricot Deep Cleansing Oil, 7.9 oz",
        "price": "$16.50 ($2.09 / Ounce)",
        "listPrice": "$19.75 ($2.50 / Ounce)",
        "imageUrl": "https://m.media-amazon.com/images/I/21cLhNA5uuL._SL160_.jpg",
        "detailPageURL": "https://www.amazon.com/dp/B07B3299ZV",
        "rating": "4.6",
        "totalReviews": "423",
        "subtitle": "",
        "isPrimeEligible": "1"
    },
    {
        "ASIN": "B00PGOBWPW",
        "title": "DearKlairs] Gentle Black Deep Cleansing Oil, Makeup Cleansing Oil Cleanser, 150ml, 5.07oz, Daily Face Wash Remover, No Clogging Pores, Hydrating, K Beauty, All skin types",
        "price": "$19.00 ($3.75 / Fl Oz)",
        "listPrice": "$22.90 ($4.52 / Fl Oz)",
        "imageUrl": "https://m.media-amazon.com/images/I/31JHxzsICdS._SL160_.jpg",
        "detailPageURL": "https://www.amazon.com/dp/B00PGOBWPW",
        "rating": "4.4",
        "totalReviews": "2632",
        "subtitle": "DearKlairs",
        "isPrimeEligible": "1"
    },
    {
        "ASIN": "B0B58QXD1Z",
        "title": "POP MODERN.C Turmeric Vitamin C Clay Mask Deep Cleansing Face Mask Skin Care Improve Blackheads Acne Dark Spots and Even out skin tone Facial Mask Control Oil and Refining Pores",
        "price": "$9.99 ($2.36 / Ounce)",
        "listPrice": "",
        "imageUrl": "https://m.media-amazon.com/images/I/51KWzD3-yoL._SL160_.jpg",
        "detailPageURL": "https://www.amazon.com/dp/B0B58QXD1Z",
        "rating": "4.3",
        "totalReviews": "421",
        "subtitle": "POP MODERN.C",
        "isPrimeEligible": "1"
    },
    {
        "ASIN": "B003ODHO8Q",
        "title": "The Complete Master Cleanse: A Step-by-Step Guide to Maximizing the Benefits of The Lemonade Diet",
        "price": "$9.99",
        "listPrice": "",
        "imageUrl": "https://m.media-amazon.com/images/I/41wrccrF-kL._SL160_.jpg",
        "detailPageURL": "https://www.amazon.com/dp/B003ODHO8Q",
        "rating": "4.6",
        "totalReviews": "780",
        "subtitle": "",
        "isPrimeEligible": "0"
    },
    {
        "ASIN": "151074469X",
        "title": "Natural Skin Care at Home: How to Make Organic Moisturizers, Masks, Balms, Buffs, Scrubs, and Much More",
        "price": "$19.99",
        "listPrice": "",
        "imageUrl": "https://m.media-amazon.com/images/I/51b3q3XcwAL._SL160_.jpg",
        "detailPageURL": "https://www.amazon.com/dp/151074469X",
        "rating": "4.5",
        "totalReviews": "207",
        "subtitle": "McQuerry, Liz (Hardcover)",
        "isPrimeEligible": "1"
    },
    {
        "ASIN": "B0CC5GH128",
        "title": "Oil Massage / Cleansing With Hand Sounds",
        "price": "$1.29",
        "listPrice": "",
        "imageUrl": "https://m.media-amazon.com/images/I/51RAKB39qmL._SL160_.jpg",
        "detailPageURL": "https://www.amazon.com/dp/B0CC5GH128",
        "rating": "",
        "totalReviews": "",
        "subtitle": "",
        "isPrimeEligible": "0"
    },
    {
        "ASIN": "B0B3R661JP",
        "title": "[Beauty of Joseon] Radiance Cleansing Balm (100ml, 3.38 fl.oz)",
        "price": "$17.10 ($5.06 / Ounce)",
        "listPrice": "$19.00 ($5.62 / Ounce)",
        "imageUrl": "https://m.media-amazon.com/images/I/21Pppxr2FgL._SL160_.jpg",
        "detailPageURL": "https://www.amazon.com/dp/B0B3R661JP",
        "rating": "4.6",
        "totalReviews": "302",
        "subtitle": "Beauty of Joseon",
        "isPrimeEligible": "1"
    },
    {
        "ASIN": "B08575CD9V",
        "title": "CELEFIT Double Effect Cleanser Oil to Foam Korean Cleansing Oil Makeup Remover Foaming Facial Cleanser | Makeup Remover Oil to Foam Cleanser Face Wash for Women & Men | Travel Size Face Wash (1.05oz)",
        "price": "$5.00 ($4.76 / Ounce)",
        "listPrice": "",
        "imageUrl": "https://m.media-amazon.com/images/I/41G1TU-njCL._SL160_.jpg",
        "detailPageURL": "https://www.amazon.com/dp/B08575CD9V",
        "rating": "4.7",
        "totalReviews": "536",
        "subtitle": "CL CELEFIT",
        "isPrimeEligible": "1"
    },
    {
        "ASIN": "B0BSTP6CRX",
        "title": "Japanese Makeup Mukaiami KOSE Softymo Speedy Cleansing Oil 200ml Refill Pack x 3 Packs Including Oil Blotting Papers",
        "price": "$31.00 ($4.40 / Fl Oz)",
        "listPrice": "",
        "imageUrl": "https://m.media-amazon.com/images/I/51Gv3u1b8LL._SL160_.jpg",
        "detailPageURL": "https://www.amazon.com/dp/B0BSTP6CRX",
        "rating": "4.9",
        "totalReviews": "14",
        "subtitle": "Japanese Makeup Mukaiami",
        "isPrimeEligible": "1"
    },
    {
        "ASIN": "B07B3299ZV",
        "title": "Tonymoly Wonder Apricot Deep Cleansing Oil, 7.9 oz",
        "price": "$16.50 ($2.09 / Ounce)",
        "listPrice": "$19.75 ($2.50 / Ounce)",
        "imageUrl": "https://m.media-amazon.com/images/I/21cLhNA5uuL._SL160_.jpg",
        "detailPageURL": "https://www.amazon.com/dp/B07B3299ZV",
        "rating": "4.6",
        "totalReviews": "423",
        "subtitle": "",
        "isPrimeEligible": "1"
    },
    {
        "ASIN": "B00PGOBWPW",
        "title": "DearKlairs] Gentle Black Deep Cleansing Oil, Makeup Cleansing Oil Cleanser, 150ml, 5.07oz, Daily Face Wash Remover, No Clogging Pores, Hydrating, K Beauty, All skin types",
        "price": "$19.00 ($3.75 / Fl Oz)",
        "listPrice": "$22.90 ($4.52 / Fl Oz)",
        "imageUrl": "https://m.media-amazon.com/images/I/31JHxzsICdS._SL160_.jpg",
        "detailPageURL": "https://www.amazon.com/dp/B00PGOBWPW",
        "rating": "4.4",
        "totalReviews": "2632",
        "subtitle": "DearKlairs",
        "isPrimeEligible": "1"
    },
    {
        "ASIN": "B0B58QXD1Z",
        "title": "POP MODERN.C Turmeric Vitamin C Clay Mask Deep Cleansing Face Mask Skin Care Improve Blackheads Acne Dark Spots and Even out skin tone Facial Mask Control Oil and Refining Pores",
        "price": "$9.99 ($2.36 / Ounce)",
        "listPrice": "",
        "imageUrl": "https://m.media-amazon.com/images/I/51KWzD3-yoL._SL160_.jpg",
        "detailPageURL": "https://www.amazon.com/dp/B0B58QXD1Z",
        "rating": "4.3",
        "totalReviews": "421",
        "subtitle": "POP MODERN.C",
        "isPrimeEligible": "1"
    },
    {
        "ASIN": "B003ODHO8Q",
        "title": "The Complete Master Cleanse: A Step-by-Step Guide to Maximizing the Benefits of The Lemonade Diet",
        "price": "$9.99",
        "listPrice": "",
        "imageUrl": "https://m.media-amazon.com/images/I/41wrccrF-kL._SL160_.jpg",
        "detailPageURL": "https://www.amazon.com/dp/B003ODHO8Q",
        "rating": "4.6",
        "totalReviews": "780",
        "subtitle": "",
        "isPrimeEligible": "0"
    },
    {
        "ASIN": "151074469X",
        "title": "Natural Skin Care at Home: How to Make Organic Moisturizers, Masks, Balms, Buffs, Scrubs, and Much More",
        "price": "$19.99",
        "listPrice": "",
        "imageUrl": "https://m.media-amazon.com/images/I/51b3q3XcwAL._SL160_.jpg",
        "detailPageURL": "https://www.amazon.com/dp/151074469X",
        "rating": "4.5",
        "totalReviews": "207",
        "subtitle": "McQuerry, Liz (Hardcover)",
        "isPrimeEligible": "1"
    },
    {
        "ASIN": "B0CC5GH128",
        "title": "Oil Massage / Cleansing With Hand Sounds",
        "price": "$1.29",
        "listPrice": "",
        "imageUrl": "https://m.media-amazon.com/images/I/51RAKB39qmL._SL160_.jpg",
        "detailPageURL": "https://www.amazon.com/dp/B0CC5GH128",
        "rating": "",
        "totalReviews": "",
        "subtitle": "",
        "isPrimeEligible": "0"
    },
    {
        "ASIN": "B0B3R661JP",
        "title": "[Beauty of Joseon] Radiance Cleansing Balm (100ml, 3.38 fl.oz)",
        "price": "$17.10 ($5.06 / Ounce)",
        "listPrice": "$19.00 ($5.62 / Ounce)",
        "imageUrl": "https://m.media-amazon.com/images/I/21Pppxr2FgL._SL160_.jpg",
        "detailPageURL": "https://www.amazon.com/dp/B0B3R661JP",
        "rating": "4.6",
        "totalReviews": "302",
        "subtitle": "Beauty of Joseon",
        "isPrimeEligible": "1"
    },
    {
        "ASIN": "B08575CD9V",
        "title": "CELEFIT Double Effect Cleanser Oil to Foam Korean Cleansing Oil Makeup Remover Foaming Facial Cleanser | Makeup Remover Oil to Foam Cleanser Face Wash for Women & Men | Travel Size Face Wash (1.05oz)",
        "price": "$5.00 ($4.76 / Ounce)",
        "listPrice": "",
        "imageUrl": "https://m.media-amazon.com/images/I/41G1TU-njCL._SL160_.jpg",
        "detailPageURL": "https://www.amazon.com/dp/B08575CD9V",
        "rating": "4.7",
        "totalReviews": "536",
        "subtitle": "CL CELEFIT",
        "isPrimeEligible": "1"
    },
    {
        "ASIN": "B0773Q4M66",
        "title": "FANCL [Parallel import] Mild Cleansing Oil 120ml",
        "price": "$17.49 ($4.32 / Fl Oz)",
        "listPrice": "$19.00 ($4.69 / Fl Oz)",
        "imageUrl": "https://m.media-amazon.com/images/I/21UC-0mw76L._SL160_.jpg",
        "detailPageURL": "https://www.amazon.com/dp/B0773Q4M66",
        "rating": "4.4",
        "totalReviews": "2546",
        "subtitle": "FANCL",
        "isPrimeEligible": "1"
    },
    {
        "ASIN": "B07B3299ZV",
        "title": "Tonymoly Wonder Apricot Deep Cleansing Oil, 7.9 oz",
        "price": "$16.50 ($2.09 / Ounce)",
        "listPrice": "$19.75 ($2.50 / Ounce)",
        "imageUrl": "https://m.media-amazon.com/images/I/21cLhNA5uuL._SL160_.jpg",
        "detailPageURL": "https://www.amazon.com/dp/B07B3299ZV",
        "rating": "4.6",
        "totalReviews": "423",
        "subtitle": "",
        "isPrimeEligible": "1"
    },
    {
        "ASIN": "B00PGOBWPW",
        "title": "DearKlairs] Gentle Black Deep Cleansing Oil, Makeup Cleansing Oil Cleanser, 150ml, 5.07oz, Daily Face Wash Remover, No Clogging Pores, Hydrating, K Beauty, All skin types",
        "price": "$19.00 ($3.75 / Fl Oz)",
        "listPrice": "$22.90 ($4.52 / Fl Oz)",
        "imageUrl": "https://m.media-amazon.com/images/I/31JHxzsICdS._SL160_.jpg",
        "detailPageURL": "https://www.amazon.com/dp/B00PGOBWPW",
        "rating": "4.4",
        "totalReviews": "2632",
        "subtitle": "DearKlairs",
        "isPrimeEligible": "1"
    },
    {
        "ASIN": "B0B58QXD1Z",
        "title": "POP MODERN.C Turmeric Vitamin C Clay Mask Deep Cleansing Face Mask Skin Care Improve Blackheads Acne Dark Spots and Even out skin tone Facial Mask Control Oil and Refining Pores",
        "price": "$9.99 ($2.36 / Ounce)",
        "listPrice": "",
        "imageUrl": "https://m.media-amazon.com/images/I/51KWzD3-yoL._SL160_.jpg",
        "detailPageURL": "https://www.amazon.com/dp/B0B58QXD1Z",
        "rating": "4.3",
        "totalReviews": "421",
        "subtitle": "POP MODERN.C",
        "isPrimeEligible": "1"
    },
    {
        "ASIN": "B003ODHO8Q",
        "title": "The Complete Master Cleanse: A Step-by-Step Guide to Maximizing the Benefits of The Lemonade Diet",
        "price": "$9.99",
        "listPrice": "",
        "imageUrl": "https://m.media-amazon.com/images/I/41wrccrF-kL._SL160_.jpg",
        "detailPageURL": "https://www.amazon.com/dp/B003ODHO8Q",
        "rating": "4.6",
        "totalReviews": "780",
        "subtitle": "",
        "isPrimeEligible": "0"
    },
    {
        "ASIN": "151074469X",
        "title": "Natural Skin Care at Home: How to Make Organic Moisturizers, Masks, Balms, Buffs, Scrubs, and Much More",
        "price": "$19.99",
        "listPrice": "",
        "imageUrl": "https://m.media-amazon.com/images/I/51b3q3XcwAL._SL160_.jpg",
        "detailPageURL": "https://www.amazon.com/dp/151074469X",
        "rating": "4.5",
        "totalReviews": "207",
        "subtitle": "McQuerry, Liz (Hardcover)",
        "isPrimeEligible": "1"
    },
    {
        "ASIN": "B0CC5GH128",
        "title": "Oil Massage / Cleansing With Hand Sounds",
        "price": "$1.29",
        "listPrice": "",
        "imageUrl": "https://m.media-amazon.com/images/I/51RAKB39qmL._SL160_.jpg",
        "detailPageURL": "https://www.amazon.com/dp/B0CC5GH128",
        "rating": "",
        "totalReviews": "",
        "subtitle": "",
        "isPrimeEligible": "0"
    },
    {
        "ASIN": "B0B3R661JP",
        "title": "[Beauty of Joseon] Radiance Cleansing Balm (100ml, 3.38 fl.oz)",
        "price": "$17.10 ($5.06 / Ounce)",
        "listPrice": "$19.00 ($5.62 / Ounce)",
        "imageUrl": "https://m.media-amazon.com/images/I/21Pppxr2FgL._SL160_.jpg",
        "detailPageURL": "https://www.amazon.com/dp/B0B3R661JP",
        "rating": "4.6",
        "totalReviews": "302",
        "subtitle": "Beauty of Joseon",
        "isPrimeEligible": "1"
    },
    {
        "ASIN": "B08575CD9V",
        "title": "CELEFIT Double Effect Cleanser Oil to Foam Korean Cleansing Oil Makeup Remover Foaming Facial Cleanser | Makeup Remover Oil to Foam Cleanser Face Wash for Women & Men | Travel Size Face Wash (1.05oz)",
        "price": "$5.00 ($4.76 / Ounce)",
        "listPrice": "",
        "imageUrl": "https://m.media-amazon.com/images/I/41G1TU-njCL._SL160_.jpg",
        "detailPageURL": "https://www.amazon.com/dp/B08575CD9V",
        "rating": "4.7",
        "totalReviews": "536",
        "subtitle": "CL CELEFIT",
        "isPrimeEligible": "1"
    },
    {
        "ASIN": "B0773Q4M66",
        "title": "FANCL [Parallel import] Mild Cleansing Oil 120ml",
        "price": "$17.49 ($4.32 / Fl Oz)",
        "listPrice": "$19.00 ($4.69 / Fl Oz)",
        "imageUrl": "https://m.media-amazon.com/images/I/21UC-0mw76L._SL160_.jpg",
        "detailPageURL": "https://www.amazon.com/dp/B0773Q4M66",
        "rating": "4.4",
        "totalReviews": "2546",
        "subtitle": "FANCL",
        "isPrimeEligible": "1"
    },
    {
        "ASIN": "B0BLCXVYZQ",
        "title": "innisfree Green Tea Hydrating Cleansing Oil: Antioxidant, Amino Acid Rich, Hydration, Non-Stripping",
        "price": "$24.00 ($4.73 / Fl Oz)",
        "listPrice": "",
        "imageUrl": "https://m.media-amazon.com/images/I/215ODnxF2gL._SL160_.jpg",
        "detailPageURL": "https://www.amazon.com/dp/B0BLCXVYZQ",
        "rating": "4.6",
        "totalReviews": "237",
        "subtitle": "",
        "isPrimeEligible": "1"
    },
    {
        "ASIN": "B00PGOBWPW",
        "title": "DearKlairs] Gentle Black Deep Cleansing Oil, Makeup Cleansing Oil Cleanser, 150ml, 5.07oz, Daily Face Wash Remover, No Clogging Pores, Hydrating, K Beauty, All skin types",
        "price": "$19.00 ($3.75 / Fl Oz)",
        "listPrice": "$22.90 ($4.52 / Fl Oz)",
        "imageUrl": "https://m.media-amazon.com/images/I/31JHxzsICdS._SL160_.jpg",
        "detailPageURL": "https://www.amazon.com/dp/B00PGOBWPW",
        "rating": "4.4",
        "totalReviews": "2632",
        "subtitle": "DearKlairs",
        "isPrimeEligible": "1"
    },
    {
        "ASIN": "B0B58QXD1Z",
        "title": "POP MODERN.C Turmeric Vitamin C Clay Mask Deep Cleansing Face Mask Skin Care Improve Blackheads Acne Dark Spots and Even out skin tone Facial Mask Control Oil and Refining Pores",
        "price": "$9.99 ($2.36 / Ounce)",
        "listPrice": "",
        "imageUrl": "https://m.media-amazon.com/images/I/51KWzD3-yoL._SL160_.jpg",
        "detailPageURL": "https://www.amazon.com/dp/B0B58QXD1Z",
        "rating": "4.3",
        "totalReviews": "421",
        "subtitle": "POP MODERN.C",
        "isPrimeEligible": "1"
    },
    {
        "ASIN": "B003ODHO8Q",
        "title": "The Complete Master Cleanse: A Step-by-Step Guide to Maximizing the Benefits of The Lemonade Diet",
        "price": "$9.99",
        "listPrice": "",
        "imageUrl": "https://m.media-amazon.com/images/I/41wrccrF-kL._SL160_.jpg",
        "detailPageURL": "https://www.amazon.com/dp/B003ODHO8Q",
        "rating": "4.6",
        "totalReviews": "780",
        "subtitle": "",
        "isPrimeEligible": "0"
    },
    {
        "ASIN": "151074469X",
        "title": "Natural Skin Care at Home: How to Make Organic Moisturizers, Masks, Balms, Buffs, Scrubs, and Much More",
        "price": "$19.99",
        "listPrice": "",
        "imageUrl": "https://m.media-amazon.com/images/I/51b3q3XcwAL._SL160_.jpg",
        "detailPageURL": "https://www.amazon.com/dp/151074469X",
        "rating": "4.5",
        "totalReviews": "207",
        "subtitle": "McQuerry, Liz (Hardcover)",
        "isPrimeEligible": "1"
    },
    {
        "ASIN": "B0CC5GH128",
        "title": "Oil Massage / Cleansing With Hand Sounds",
        "price": "$1.29",
        "listPrice": "",
        "imageUrl": "https://m.media-amazon.com/images/I/51RAKB39qmL._SL160_.jpg",
        "detailPageURL": "https://www.amazon.com/dp/B0CC5GH128",
        "rating": "",
        "totalReviews": "",
        "subtitle": "",
        "isPrimeEligible": "0"
    },
    {
        "ASIN": "B0B3R661JP",
        "title": "[Beauty of Joseon] Radiance Cleansing Balm (100ml, 3.38 fl.oz)",
        "price": "$17.10 ($5.06 / Ounce)",
        "listPrice": "$19.00 ($5.62 / Ounce)",
        "imageUrl": "https://m.media-amazon.com/images/I/21Pppxr2FgL._SL160_.jpg",
        "detailPageURL": "https://www.amazon.com/dp/B0B3R661JP",
        "rating": "4.6",
        "totalReviews": "302",
        "subtitle": "Beauty of Joseon",
        "isPrimeEligible": "1"
    },
    {
        "ASIN": "B08575CD9V",
        "title": "CELEFIT Double Effect Cleanser Oil to Foam Korean Cleansing Oil Makeup Remover Foaming Facial Cleanser | Makeup Remover Oil to Foam Cleanser Face Wash for Women & Men | Travel Size Face Wash (1.05oz)",
        "price": "$5.00 ($4.76 / Ounce)",
        "listPrice": "",
        "imageUrl": "https://m.media-amazon.com/images/I/41G1TU-njCL._SL160_.jpg",
        "detailPageURL": "https://www.amazon.com/dp/B08575CD9V",
        "rating": "4.7",
        "totalReviews": "536",
        "subtitle": "CL CELEFIT",
        "isPrimeEligible": "1"
    },
    {
        "ASIN": "B0773Q4M66",
        "title": "FANCL [Parallel import] Mild Cleansing Oil 120ml",
        "price": "$17.49 ($4.32 / Fl Oz)",
        "listPrice": "$19.00 ($4.69 / Fl Oz)",
        "imageUrl": "https://m.media-amazon.com/images/I/21UC-0mw76L._SL160_.jpg",
        "detailPageURL": "https://www.amazon.com/dp/B0773Q4M66",
        "rating": "4.4",
        "totalReviews": "2546",
        "subtitle": "FANCL",
        "isPrimeEligible": "1"
    },
    {
        "ASIN": "B0BLCXVYZQ",
        "title": "innisfree Green Tea Hydrating Cleansing Oil: Antioxidant, Amino Acid Rich, Hydration, Non-Stripping",
        "price": "$24.00 ($4.73 / Fl Oz)",
        "listPrice": "",
        "imageUrl": "https://m.media-amazon.com/images/I/215ODnxF2gL._SL160_.jpg",
        "detailPageURL": "https://www.amazon.com/dp/B0BLCXVYZQ",
        "rating": "4.6",
        "totalReviews": "237",
        "subtitle": "",
        "isPrimeEligible": "1"
    },
    {
        "ASIN": "B002IT6GWW",
        "title": "KOSE Softy Mo White Cleansing Oil Refill",
        "price": "$8.83 ($1.10 / Ounce)",
        "listPrice": "$11.99 ($1.50 / Ounce)",
        "imageUrl": "https://m.media-amazon.com/images/I/51tOOb9zo2L._SL160_.jpg",
        "detailPageURL": "https://www.amazon.com/dp/B002IT6GWW",
        "rating": "4.6",
        "totalReviews": "51",
        "subtitle": "KOSE",
        "isPrimeEligible": "1"
    },
    {
        "ASIN": "B0B58QXD1Z",
        "title": "POP MODERN.C Turmeric Vitamin C Clay Mask Deep Cleansing Face Mask Skin Care Improve Blackheads Acne Dark Spots and Even out skin tone Facial Mask Control Oil and Refining Pores",
        "price": "$9.99 ($2.36 / Ounce)",
        "listPrice": "",
        "imageUrl": "https://m.media-amazon.com/images/I/51KWzD3-yoL._SL160_.jpg",
        "detailPageURL": "https://www.amazon.com/dp/B0B58QXD1Z",
        "rating": "4.3",
        "totalReviews": "421",
        "subtitle": "POP MODERN.C",
        "isPrimeEligible": "1"
    },
    {
        "ASIN": "B003ODHO8Q",
        "title": "The Complete Master Cleanse: A Step-by-Step Guide to Maximizing the Benefits of The Lemonade Diet",
        "price": "$9.99",
        "listPrice": "",
        "imageUrl": "https://m.media-amazon.com/images/I/41wrccrF-kL._SL160_.jpg",
        "detailPageURL": "https://www.amazon.com/dp/B003ODHO8Q",
        "rating": "4.6",
        "totalReviews": "780",
        "subtitle": "",
        "isPrimeEligible": "0"
    },
    {
        "ASIN": "151074469X",
        "title": "Natural Skin Care at Home: How to Make Organic Moisturizers, Masks, Balms, Buffs, Scrubs, and Much More",
        "price": "$19.99",
        "listPrice": "",
        "imageUrl": "https://m.media-amazon.com/images/I/51b3q3XcwAL._SL160_.jpg",
        "detailPageURL": "https://www.amazon.com/dp/151074469X",
        "rating": "4.5",
        "totalReviews": "207",
        "subtitle": "McQuerry, Liz (Hardcover)",
        "isPrimeEligible": "1"
    },
    {
        "ASIN": "B0CC5GH128",
        "title": "Oil Massage / Cleansing With Hand Sounds",
        "price": "$1.29",
        "listPrice": "",
        "imageUrl": "https://m.media-amazon.com/images/I/51RAKB39qmL._SL160_.jpg",
        "detailPageURL": "https://www.amazon.com/dp/B0CC5GH128",
        "rating": "",
        "totalReviews": "",
        "subtitle": "",
        "isPrimeEligible": "0"
    },
    {
        "ASIN": "B0B3R661JP",
        "title": "[Beauty of Joseon] Radiance Cleansing Balm (100ml, 3.38 fl.oz)",
        "price": "$17.10 ($5.06 / Ounce)",
        "listPrice": "$19.00 ($5.62 / Ounce)",
        "imageUrl": "https://m.media-amazon.com/images/I/21Pppxr2FgL._SL160_.jpg",
        "detailPageURL": "https://www.amazon.com/dp/B0B3R661JP",
        "rating": "4.6",
        "totalReviews": "302",
        "subtitle": "Beauty of Joseon",
        "isPrimeEligible": "1"
    },
    {
        "ASIN": "B08575CD9V",
        "title": "CELEFIT Double Effect Cleanser Oil to Foam Korean Cleansing Oil Makeup Remover Foaming Facial Cleanser | Makeup Remover Oil to Foam Cleanser Face Wash for Women & Men | Travel Size Face Wash (1.05oz)",
        "price": "$5.00 ($4.76 / Ounce)",
        "listPrice": "",
        "imageUrl": "https://m.media-amazon.com/images/I/41G1TU-njCL._SL160_.jpg",
        "detailPageURL": "https://www.amazon.com/dp/B08575CD9V",
        "rating": "4.7",
        "totalReviews": "536",
        "subtitle": "CL CELEFIT",
        "isPrimeEligible": "1"
    },
    {
        "ASIN": "B0773Q4M66",
        "title": "FANCL [Parallel import] Mild Cleansing Oil 120ml",
        "price": "$17.49 ($4.32 / Fl Oz)",
        "listPrice": "$19.00 ($4.69 / Fl Oz)",
        "imageUrl": "https://m.media-amazon.com/images/I/21UC-0mw76L._SL160_.jpg",
        "detailPageURL": "https://www.amazon.com/dp/B0773Q4M66",
        "rating": "4.4",
        "totalReviews": "2546",
        "subtitle": "FANCL",
        "isPrimeEligible": "1"
    },
    {
        "ASIN": "B0BLCXVYZQ",
        "title": "innisfree Green Tea Hydrating Cleansing Oil: Antioxidant, Amino Acid Rich, Hydration, Non-Stripping",
        "price": "$24.00 ($4.73 / Fl Oz)",
        "listPrice": "",
        "imageUrl": "https://m.media-amazon.com/images/I/215ODnxF2gL._SL160_.jpg",
        "detailPageURL": "https://www.amazon.com/dp/B0BLCXVYZQ",
        "rating": "4.6",
        "totalReviews": "237",
        "subtitle": "",
        "isPrimeEligible": "1"
    },
    {
        "ASIN": "B002IT6GWW",
        "title": "KOSE Softy Mo White Cleansing Oil Refill",
        "price": "$8.83 ($1.10 / Ounce)",
        "listPrice": "$11.99 ($1.50 / Ounce)",
        "imageUrl": "https://m.media-amazon.com/images/I/51tOOb9zo2L._SL160_.jpg",
        "detailPageURL": "https://www.amazon.com/dp/B002IT6GWW",
        "rating": "4.6",
        "totalReviews": "51",
        "subtitle": "KOSE",
        "isPrimeEligible": "1"
    },
    {
        "ASIN": "B00O2BT8QU",
        "title": "Badger - Face Cleansing Oil, Damascus Rose, Certified Organic Face Oil Cleanser, Facial Cleanser Oil, Natural Facial Cleansing Oil, Natural Oil Cleanser for Face, Face Cleanser Oil, 2 oz",
        "price": "$19.99 ($10.00 / Fl Oz)",
        "listPrice": "",
        "imageUrl": "https://m.media-amazon.com/images/I/31LGXAIJDrL._SL160_.jpg",
        "detailPageURL": "https://www.amazon.com/dp/B00O2BT8QU",
        "rating": "4.5",
        "totalReviews": "575",
        "subtitle": "Badger",
        "isPrimeEligible": "1"
    },
    {
        "ASIN": "B003ODHO8Q",
        "title": "The Complete Master Cleanse: A Step-by-Step Guide to Maximizing the Benefits of The Lemonade Diet",
        "price": "$9.99",
        "listPrice": "",
        "imageUrl": "https://m.media-amazon.com/images/I/41wrccrF-kL._SL160_.jpg",
        "detailPageURL": "https://www.amazon.com/dp/B003ODHO8Q",
        "rating": "4.6",
        "totalReviews": "780",
        "subtitle": "",
        "isPrimeEligible": "0"
    },
    {
        "ASIN": "151074469X",
        "title": "Natural Skin Care at Home: How to Make Organic Moisturizers, Masks, Balms, Buffs, Scrubs, and Much More",
        "price": "$19.99",
        "listPrice": "",
        "imageUrl": "https://m.media-amazon.com/images/I/51b3q3XcwAL._SL160_.jpg",
        "detailPageURL": "https://www.amazon.com/dp/151074469X",
        "rating": "4.5",
        "totalReviews": "207",
        "subtitle": "McQuerry, Liz (Hardcover)",
        "isPrimeEligible": "1"
    },
    {
        "ASIN": "B0CC5GH128",
        "title": "Oil Massage / Cleansing With Hand Sounds",
        "price": "$1.29",
        "listPrice": "",
        "imageUrl": "https://m.media-amazon.com/images/I/51RAKB39qmL._SL160_.jpg",
        "detailPageURL": "https://www.amazon.com/dp/B0CC5GH128",
        "rating": "",
        "totalReviews": "",
        "subtitle": "",
        "isPrimeEligible": "0"
    },
    {
        "ASIN": "B0B3R661JP",
        "title": "[Beauty of Joseon] Radiance Cleansing Balm (100ml, 3.38 fl.oz)",
        "price": "$17.10 ($5.06 / Ounce)",
        "listPrice": "$19.00 ($5.62 / Ounce)",
        "imageUrl": "https://m.media-amazon.com/images/I/21Pppxr2FgL._SL160_.jpg",
        "detailPageURL": "https://www.amazon.com/dp/B0B3R661JP",
        "rating": "4.6",
        "totalReviews": "302",
        "subtitle": "Beauty of Joseon",
        "isPrimeEligible": "1"
    },
    {
        "ASIN": "B08575CD9V",
        "title": "CELEFIT Double Effect Cleanser Oil to Foam Korean Cleansing Oil Makeup Remover Foaming Facial Cleanser | Makeup Remover Oil to Foam Cleanser Face Wash for Women & Men | Travel Size Face Wash (1.05oz)",
        "price": "$5.00 ($4.76 / Ounce)",
        "listPrice": "",
        "imageUrl": "https://m.media-amazon.com/images/I/41G1TU-njCL._SL160_.jpg",
        "detailPageURL": "https://www.amazon.com/dp/B08575CD9V",
        "rating": "4.7",
        "totalReviews": "536",
        "subtitle": "CL CELEFIT",
        "isPrimeEligible": "1"
    },
    {
        "ASIN": "B0773Q4M66",
        "title": "FANCL [Parallel import] Mild Cleansing Oil 120ml",
        "price": "$17.49 ($4.32 / Fl Oz)",
        "listPrice": "$19.00 ($4.69 / Fl Oz)",
        "imageUrl": "https://m.media-amazon.com/images/I/21UC-0mw76L._SL160_.jpg",
        "detailPageURL": "https://www.amazon.com/dp/B0773Q4M66",
        "rating": "4.4",
        "totalReviews": "2546",
        "subtitle": "FANCL",
        "isPrimeEligible": "1"
    },
    {
        "ASIN": "B0BLCXVYZQ",
        "title": "innisfree Green Tea Hydrating Cleansing Oil: Antioxidant, Amino Acid Rich, Hydration, Non-Stripping",
        "price": "$24.00 ($4.73 / Fl Oz)",
        "listPrice": "",
        "imageUrl": "https://m.media-amazon.com/images/I/215ODnxF2gL._SL160_.jpg",
        "detailPageURL": "https://www.amazon.com/dp/B0BLCXVYZQ",
        "rating": "4.6",
        "totalReviews": "237",
        "subtitle": "",
        "isPrimeEligible": "1"
    },
    {
        "ASIN": "B002IT6GWW",
        "title": "KOSE Softy Mo White Cleansing Oil Refill",
        "price": "$8.83 ($1.10 / Ounce)",
        "listPrice": "$11.99 ($1.50 / Ounce)",
        "imageUrl": "https://m.media-amazon.com/images/I/51tOOb9zo2L._SL160_.jpg",
        "detailPageURL": "https://www.amazon.com/dp/B002IT6GWW",
        "rating": "4.6",
        "totalReviews": "51",
        "subtitle": "KOSE",
        "isPrimeEligible": "1"
    },
    {
        "ASIN": "B00O2BT8QU",
        "title": "Badger - Face Cleansing Oil, Damascus Rose, Certified Organic Face Oil Cleanser, Facial Cleanser Oil, Natural Facial Cleansing Oil, Natural Oil Cleanser for Face, Face Cleanser Oil, 2 oz",
        "price": "$19.99 ($10.00 / Fl Oz)",
        "listPrice": "",
        "imageUrl": "https://m.media-amazon.com/images/I/31LGXAIJDrL._SL160_.jpg",
        "detailPageURL": "https://www.amazon.com/dp/B00O2BT8QU",
        "rating": "4.5",
        "totalReviews": "575",
        "subtitle": "Badger",
        "isPrimeEligible": "1"
    },
    {
        "ASIN": "B01K8PEZMU",
        "title": "MAJESTIC PURE Himalayan Salt Body Scrub with Lychee Oil, Exfoliating Salt Scrub to Exfoliate & Moisturize Skin, Deep Cleansing - 10 oz",
        "price": "$14.95 ($1.50 / Fl Oz)",
        "listPrice": "$16.45 ($1.64 / Fl Oz)",
        "imageUrl": "https://m.media-amazon.com/images/I/51-1N5Bks9L._SL160_.jpg",
        "detailPageURL": "https://www.amazon.com/dp/B01K8PEZMU",
        "rating": "4.3",
        "totalReviews": "20559",
        "subtitle": "MAJESTIC PURE",
        "isPrimeEligible": "1"
    },
    {
        "ASIN": "151074469X",
        "title": "Natural Skin Care at Home: How to Make Organic Moisturizers, Masks, Balms, Buffs, Scrubs, and Much More",
        "price": "$19.99",
        "listPrice": "",
        "imageUrl": "https://m.media-amazon.com/images/I/51b3q3XcwAL._SL160_.jpg",
        "detailPageURL": "https://www.amazon.com/dp/151074469X",
        "rating": "4.5",
        "totalReviews": "207",
        "subtitle": "McQuerry, Liz (Hardcover)",
        "isPrimeEligible": "1"
    },
    {
        "ASIN": "B0CC5GH128",
        "title": "Oil Massage / Cleansing With Hand Sounds",
        "price": "$1.29",
        "listPrice": "",
        "imageUrl": "https://m.media-amazon.com/images/I/51RAKB39qmL._SL160_.jpg",
        "detailPageURL": "https://www.amazon.com/dp/B0CC5GH128",
        "rating": "",
        "totalReviews": "",
        "subtitle": "",
        "isPrimeEligible": "0"
    },
    {
        "ASIN": "B0B3R661JP",
        "title": "[Beauty of Joseon] Radiance Cleansing Balm (100ml, 3.38 fl.oz)",
        "price": "$17.10 ($5.06 / Ounce)",
        "listPrice": "$19.00 ($5.62 / Ounce)",
        "imageUrl": "https://m.media-amazon.com/images/I/21Pppxr2FgL._SL160_.jpg",
        "detailPageURL": "https://www.amazon.com/dp/B0B3R661JP",
        "rating": "4.6",
        "totalReviews": "302",
        "subtitle": "Beauty of Joseon",
        "isPrimeEligible": "1"
    },
    {
        "ASIN": "B08575CD9V",
        "title": "CELEFIT Double Effect Cleanser Oil to Foam Korean Cleansing Oil Makeup Remover Foaming Facial Cleanser | Makeup Remover Oil to Foam Cleanser Face Wash for Women & Men | Travel Size Face Wash (1.05oz)",
        "price": "$5.00 ($4.76 / Ounce)",
        "listPrice": "",
        "imageUrl": "https://m.media-amazon.com/images/I/41G1TU-njCL._SL160_.jpg",
        "detailPageURL": "https://www.amazon.com/dp/B08575CD9V",
        "rating": "4.7",
        "totalReviews": "536",
        "subtitle": "CL CELEFIT",
        "isPrimeEligible": "1"
    },
    {
        "ASIN": "B0773Q4M66",
        "title": "FANCL [Parallel import] Mild Cleansing Oil 120ml",
        "price": "$17.49 ($4.32 / Fl Oz)",
        "listPrice": "$19.00 ($4.69 / Fl Oz)",
        "imageUrl": "https://m.media-amazon.com/images/I/21UC-0mw76L._SL160_.jpg",
        "detailPageURL": "https://www.amazon.com/dp/B0773Q4M66",
        "rating": "4.4",
        "totalReviews": "2546",
        "subtitle": "FANCL",
        "isPrimeEligible": "1"
    },
    {
        "ASIN": "B0BLCXVYZQ",
        "title": "innisfree Green Tea Hydrating Cleansing Oil: Antioxidant, Amino Acid Rich, Hydration, Non-Stripping",
        "price": "$24.00 ($4.73 / Fl Oz)",
        "listPrice": "",
        "imageUrl": "https://m.media-amazon.com/images/I/215ODnxF2gL._SL160_.jpg",
        "detailPageURL": "https://www.amazon.com/dp/B0BLCXVYZQ",
        "rating": "4.6",
        "totalReviews": "237",
        "subtitle": "",
        "isPrimeEligible": "1"
    },
    {
        "ASIN": "B002IT6GWW",
        "title": "KOSE Softy Mo White Cleansing Oil Refill",
        "price": "$8.83 ($1.10 / Ounce)",
        "listPrice": "$11.99 ($1.50 / Ounce)",
        "imageUrl": "https://m.media-amazon.com/images/I/51tOOb9zo2L._SL160_.jpg",
        "detailPageURL": "https://www.amazon.com/dp/B002IT6GWW",
        "rating": "4.6",
        "totalReviews": "51",
        "subtitle": "KOSE",
        "isPrimeEligible": "1"
    },
    {
        "ASIN": "B00O2BT8QU",
        "title": "Badger - Face Cleansing Oil, Damascus Rose, Certified Organic Face Oil Cleanser, Facial Cleanser Oil, Natural Facial Cleansing Oil, Natural Oil Cleanser for Face, Face Cleanser Oil, 2 oz",
        "price": "$19.99 ($10.00 / Fl Oz)",
        "listPrice": "",
        "imageUrl": "https://m.media-amazon.com/images/I/31LGXAIJDrL._SL160_.jpg",
        "detailPageURL": "https://www.amazon.com/dp/B00O2BT8QU",
        "rating": "4.5",
        "totalReviews": "575",
        "subtitle": "Badger",
        "isPrimeEligible": "1"
    },
    {
        "ASIN": "B01K8PEZMU",
        "title": "MAJESTIC PURE Himalayan Salt Body Scrub with Lychee Oil, Exfoliating Salt Scrub to Exfoliate & Moisturize Skin, Deep Cleansing - 10 oz",
        "price": "$14.95 ($1.50 / Fl Oz)",
        "listPrice": "$16.45 ($1.64 / Fl Oz)",
        "imageUrl": "https://m.media-amazon.com/images/I/51-1N5Bks9L._SL160_.jpg",
        "detailPageURL": "https://www.amazon.com/dp/B01K8PEZMU",
        "rating": "4.3",
        "totalReviews": "20559",
        "subtitle": "MAJESTIC PURE",
        "isPrimeEligible": "1"
    },
    {
        "ASIN": "B08H9ZHZ6Q",
        "title": "Set of 2 Kose Softymo Speedy And Deep Cleansing Wash 230ml",
        "price": "$22.20 ($22.20 / Count)",
        "listPrice": "",
        "imageUrl": "https://m.media-amazon.com/images/I/41dQArur0rL._SL160_.jpg",
        "detailPageURL": "https://www.amazon.com/dp/B08H9ZHZ6Q",
        "rating": "4.7",
        "totalReviews": "225",
        "subtitle": "Kose Cosmeport",
        "isPrimeEligible": "1"
    },
    {
        "ASIN": "B0CC5GH128",
        "title": "Oil Massage / Cleansing With Hand Sounds",
        "price": "$1.29",
        "listPrice": "",
        "imageUrl": "https://m.media-amazon.com/images/I/51RAKB39qmL._SL160_.jpg",
        "detailPageURL": "https://www.amazon.com/dp/B0CC5GH128",
        "rating": "",
        "totalReviews": "",
        "subtitle": "",
        "isPrimeEligible": "0"
    },
    {
        "ASIN": "B0B3R661JP",
        "title": "[Beauty of Joseon] Radiance Cleansing Balm (100ml, 3.38 fl.oz)",
        "price": "$17.10 ($5.06 / Ounce)",
        "listPrice": "$19.00 ($5.62 / Ounce)",
        "imageUrl": "https://m.media-amazon.com/images/I/21Pppxr2FgL._SL160_.jpg",
        "detailPageURL": "https://www.amazon.com/dp/B0B3R661JP",
        "rating": "4.6",
        "totalReviews": "302",
        "subtitle": "Beauty of Joseon",
        "isPrimeEligible": "1"
    },
    {
        "ASIN": "B08575CD9V",
        "title": "CELEFIT Double Effect Cleanser Oil to Foam Korean Cleansing Oil Makeup Remover Foaming Facial Cleanser | Makeup Remover Oil to Foam Cleanser Face Wash for Women & Men | Travel Size Face Wash (1.05oz)",
        "price": "$5.00 ($4.76 / Ounce)",
        "listPrice": "",
        "imageUrl": "https://m.media-amazon.com/images/I/41G1TU-njCL._SL160_.jpg",
        "detailPageURL": "https://www.amazon.com/dp/B08575CD9V",
        "rating": "4.7",
        "totalReviews": "536",
        "subtitle": "CL CELEFIT",
        "isPrimeEligible": "1"
    },
    {
        "ASIN": "B0773Q4M66",
        "title": "FANCL [Parallel import] Mild Cleansing Oil 120ml",
        "price": "$17.49 ($4.32 / Fl Oz)",
        "listPrice": "$19.00 ($4.69 / Fl Oz)",
        "imageUrl": "https://m.media-amazon.com/images/I/21UC-0mw76L._SL160_.jpg",
        "detailPageURL": "https://www.amazon.com/dp/B0773Q4M66",
        "rating": "4.4",
        "totalReviews": "2546",
        "subtitle": "FANCL",
        "isPrimeEligible": "1"
    },
    {
        "ASIN": "B0BLCXVYZQ",
        "title": "innisfree Green Tea Hydrating Cleansing Oil: Antioxidant, Amino Acid Rich, Hydration, Non-Stripping",
        "price": "$24.00 ($4.73 / Fl Oz)",
        "listPrice": "",
        "imageUrl": "https://m.media-amazon.com/images/I/215ODnxF2gL._SL160_.jpg",
        "detailPageURL": "https://www.amazon.com/dp/B0BLCXVYZQ",
        "rating": "4.6",
        "totalReviews": "237",
        "subtitle": "",
        "isPrimeEligible": "1"
    },
    {
        "ASIN": "B002IT6GWW",
        "title": "KOSE Softy Mo White Cleansing Oil Refill",
        "price": "$8.83 ($1.10 / Ounce)",
        "listPrice": "$11.99 ($1.50 / Ounce)",
        "imageUrl": "https://m.media-amazon.com/images/I/51tOOb9zo2L._SL160_.jpg",
        "detailPageURL": "https://www.amazon.com/dp/B002IT6GWW",
        "rating": "4.6",
        "totalReviews": "51",
        "subtitle": "KOSE",
        "isPrimeEligible": "1"
    },
    {
        "ASIN": "B00O2BT8QU",
        "title": "Badger - Face Cleansing Oil, Damascus Rose, Certified Organic Face Oil Cleanser, Facial Cleanser Oil, Natural Facial Cleansing Oil, Natural Oil Cleanser for Face, Face Cleanser Oil, 2 oz",
        "price": "$19.99 ($10.00 / Fl Oz)",
        "listPrice": "",
        "imageUrl": "https://m.media-amazon.com/images/I/31LGXAIJDrL._SL160_.jpg",
        "detailPageURL": "https://www.amazon.com/dp/B00O2BT8QU",
        "rating": "4.5",
        "totalReviews": "575",
        "subtitle": "Badger",
        "isPrimeEligible": "1"
    },
    {
        "ASIN": "B01K8PEZMU",
        "title": "MAJESTIC PURE Himalayan Salt Body Scrub with Lychee Oil, Exfoliating Salt Scrub to Exfoliate & Moisturize Skin, Deep Cleansing - 10 oz",
        "price": "$14.95 ($1.50 / Fl Oz)",
        "listPrice": "$16.45 ($1.64 / Fl Oz)",
        "imageUrl": "https://m.media-amazon.com/images/I/51-1N5Bks9L._SL160_.jpg",
        "detailPageURL": "https://www.amazon.com/dp/B01K8PEZMU",
        "rating": "4.3",
        "totalReviews": "20559",
        "subtitle": "MAJESTIC PURE",
        "isPrimeEligible": "1"
    },
    {
        "ASIN": "B08H9ZHZ6Q",
        "title": "Set of 2 Kose Softymo Speedy And Deep Cleansing Wash 230ml",
        "price": "$22.20 ($22.20 / Count)",
        "listPrice": "",
        "imageUrl": "https://m.media-amazon.com/images/I/41dQArur0rL._SL160_.jpg",
        "detailPageURL": "https://www.amazon.com/dp/B08H9ZHZ6Q",
        "rating": "4.7",
        "totalReviews": "225",
        "subtitle": "Kose Cosmeport",
        "isPrimeEligible": "1"
    },
    {
        "ASIN": "B0BR3SSHKJ",
        "title": "B_LAB CICA Barrier 5.5 Cleansing Oil Balm 100ml",
        "price": "$9.99 ($9.99 / Fl Oz)",
        "listPrice": "",
        "imageUrl": "https://m.media-amazon.com/images/I/315ZclFSMCL._SL160_.jpg",
        "detailPageURL": "https://www.amazon.com/dp/B0BR3SSHKJ",
        "rating": "4.3",
        "totalReviews": "28",
        "subtitle": "B_LAB",
        "isPrimeEligible": "1"
    },
    {
        "ASIN": "B0B3R661JP",
        "title": "[Beauty of Joseon] Radiance Cleansing Balm (100ml, 3.38 fl.oz)",
        "price": "$17.10 ($5.06 / Ounce)",
        "listPrice": "$19.00 ($5.62 / Ounce)",
        "imageUrl": "https://m.media-amazon.com/images/I/21Pppxr2FgL._SL160_.jpg",
        "detailPageURL": "https://www.amazon.com/dp/B0B3R661JP",
        "rating": "4.6",
        "totalReviews": "302",
        "subtitle": "Beauty of Joseon",
        "isPrimeEligible": "1"
    },
    {
        "ASIN": "B08575CD9V",
        "title": "CELEFIT Double Effect Cleanser Oil to Foam Korean Cleansing Oil Makeup Remover Foaming Facial Cleanser | Makeup Remover Oil to Foam Cleanser Face Wash for Women & Men | Travel Size Face Wash (1.05oz)",
        "price": "$5.00 ($4.76 / Ounce)",
        "listPrice": "",
        "imageUrl": "https://m.media-amazon.com/images/I/41G1TU-njCL._SL160_.jpg",
        "detailPageURL": "https://www.amazon.com/dp/B08575CD9V",
        "rating": "4.7",
        "totalReviews": "536",
        "subtitle": "CL CELEFIT",
        "isPrimeEligible": "1"
    },
    {
        "ASIN": "B0773Q4M66",
        "title": "FANCL [Parallel import] Mild Cleansing Oil 120ml",
        "price": "$17.49 ($4.32 / Fl Oz)",
        "listPrice": "$19.00 ($4.69 / Fl Oz)",
        "imageUrl": "https://m.media-amazon.com/images/I/21UC-0mw76L._SL160_.jpg",
        "detailPageURL": "https://www.amazon.com/dp/B0773Q4M66",
        "rating": "4.4",
        "totalReviews": "2546",
        "subtitle": "FANCL",
        "isPrimeEligible": "1"
    },
    {
        "ASIN": "B0BLCXVYZQ",
        "title": "innisfree Green Tea Hydrating Cleansing Oil: Antioxidant, Amino Acid Rich, Hydration, Non-Stripping",
        "price": "$24.00 ($4.73 / Fl Oz)",
        "listPrice": "",
        "imageUrl": "https://m.media-amazon.com/images/I/215ODnxF2gL._SL160_.jpg",
        "detailPageURL": "https://www.amazon.com/dp/B0BLCXVYZQ",
        "rating": "4.6",
        "totalReviews": "237",
        "subtitle": "",
        "isPrimeEligible": "1"
    },
    {
        "ASIN": "B002IT6GWW",
        "title": "KOSE Softy Mo White Cleansing Oil Refill",
        "price": "$8.83 ($1.10 / Ounce)",
        "listPrice": "$11.99 ($1.50 / Ounce)",
        "imageUrl": "https://m.media-amazon.com/images/I/51tOOb9zo2L._SL160_.jpg",
        "detailPageURL": "https://www.amazon.com/dp/B002IT6GWW",
        "rating": "4.6",
        "totalReviews": "51",
        "subtitle": "KOSE",
        "isPrimeEligible": "1"
    },
    {
        "ASIN": "B00O2BT8QU",
        "title": "Badger - Face Cleansing Oil, Damascus Rose, Certified Organic Face Oil Cleanser, Facial Cleanser Oil, Natural Facial Cleansing Oil, Natural Oil Cleanser for Face, Face Cleanser Oil, 2 oz",
        "price": "$19.99 ($10.00 / Fl Oz)",
        "listPrice": "",
        "imageUrl": "https://m.media-amazon.com/images/I/31LGXAIJDrL._SL160_.jpg",
        "detailPageURL": "https://www.amazon.com/dp/B00O2BT8QU",
        "rating": "4.5",
        "totalReviews": "575",
        "subtitle": "Badger",
        "isPrimeEligible": "1"
    },
    {
        "ASIN": "B01K8PEZMU",
        "title": "MAJESTIC PURE Himalayan Salt Body Scrub with Lychee Oil, Exfoliating Salt Scrub to Exfoliate & Moisturize Skin, Deep Cleansing - 10 oz",
        "price": "$14.95 ($1.50 / Fl Oz)",
        "listPrice": "$16.45 ($1.64 / Fl Oz)",
        "imageUrl": "https://m.media-amazon.com/images/I/51-1N5Bks9L._SL160_.jpg",
        "detailPageURL": "https://www.amazon.com/dp/B01K8PEZMU",
        "rating": "4.3",
        "totalReviews": "20559",
        "subtitle": "MAJESTIC PURE",
        "isPrimeEligible": "1"
    },
    {
        "ASIN": "B08H9ZHZ6Q",
        "title": "Set of 2 Kose Softymo Speedy And Deep Cleansing Wash 230ml",
        "price": "$22.20 ($22.20 / Count)",
        "listPrice": "",
        "imageUrl": "https://m.media-amazon.com/images/I/41dQArur0rL._SL160_.jpg",
        "detailPageURL": "https://www.amazon.com/dp/B08H9ZHZ6Q",
        "rating": "4.7",
        "totalReviews": "225",
        "subtitle": "Kose Cosmeport",
        "isPrimeEligible": "1"
    },
    {
        "ASIN": "B0BR3SSHKJ",
        "title": "B_LAB CICA Barrier 5.5 Cleansing Oil Balm 100ml",
        "price": "$9.99 ($9.99 / Fl Oz)",
        "listPrice": "",
        "imageUrl": "https://m.media-amazon.com/images/I/315ZclFSMCL._SL160_.jpg",
        "detailPageURL": "https://www.amazon.com/dp/B0BR3SSHKJ",
        "rating": "4.3",
        "totalReviews": "28",
        "subtitle": "B_LAB",
        "isPrimeEligible": "1"
    },
    {
        "ASIN": "B07DCMK68J",
        "title": "Chinoshio Natural PORE Cleansing Oil (150ml 5.07oz) Natural Plant Extracts",
        "price": "$35.55 ($6.97 / Fl Oz)",
        "listPrice": "$37.36 ($7.33 / Fl Oz)",
        "imageUrl": "https://m.media-amazon.com/images/I/41vWDyDUdAL._SL160_.jpg",
        "detailPageURL": "https://www.amazon.com/dp/B07DCMK68J",
        "rating": "4.1",
        "totalReviews": "47",
        "subtitle": "",
        "isPrimeEligible": "1"
    },
    {
        "ASIN": "B08575CD9V",
        "title": "CELEFIT Double Effect Cleanser Oil to Foam Korean Cleansing Oil Makeup Remover Foaming Facial Cleanser | Makeup Remover Oil to Foam Cleanser Face Wash for Women & Men | Travel Size Face Wash (1.05oz)",
        "price": "$5.00 ($4.76 / Ounce)",
        "listPrice": "",
        "imageUrl": "https://m.media-amazon.com/images/I/41G1TU-njCL._SL160_.jpg",
        "detailPageURL": "https://www.amazon.com/dp/B08575CD9V",
        "rating": "4.7",
        "totalReviews": "536",
        "subtitle": "CL CELEFIT",
        "isPrimeEligible": "1"
    },
    {
        "ASIN": "B0773Q4M66",
        "title": "FANCL [Parallel import] Mild Cleansing Oil 120ml",
        "price": "$17.49 ($4.32 / Fl Oz)",
        "listPrice": "$19.00 ($4.69 / Fl Oz)",
        "imageUrl": "https://m.media-amazon.com/images/I/21UC-0mw76L._SL160_.jpg",
        "detailPageURL": "https://www.amazon.com/dp/B0773Q4M66",
        "rating": "4.4",
        "totalReviews": "2546",
        "subtitle": "FANCL",
        "isPrimeEligible": "1"
    },
    {
        "ASIN": "B0BLCXVYZQ",
        "title": "innisfree Green Tea Hydrating Cleansing Oil: Antioxidant, Amino Acid Rich, Hydration, Non-Stripping",
        "price": "$24.00 ($4.73 / Fl Oz)",
        "listPrice": "",
        "imageUrl": "https://m.media-amazon.com/images/I/215ODnxF2gL._SL160_.jpg",
        "detailPageURL": "https://www.amazon.com/dp/B0BLCXVYZQ",
        "rating": "4.6",
        "totalReviews": "237",
        "subtitle": "",
        "isPrimeEligible": "1"
    },
    {
        "ASIN": "B002IT6GWW",
        "title": "KOSE Softy Mo White Cleansing Oil Refill",
        "price": "$8.83 ($1.10 / Ounce)",
        "listPrice": "$11.99 ($1.50 / Ounce)",
        "imageUrl": "https://m.media-amazon.com/images/I/51tOOb9zo2L._SL160_.jpg",
        "detailPageURL": "https://www.amazon.com/dp/B002IT6GWW",
        "rating": "4.6",
        "totalReviews": "51",
        "subtitle": "KOSE",
        "isPrimeEligible": "1"
    },
    {
        "ASIN": "B00O2BT8QU",
        "title": "Badger - Face Cleansing Oil, Damascus Rose, Certified Organic Face Oil Cleanser, Facial Cleanser Oil, Natural Facial Cleansing Oil, Natural Oil Cleanser for Face, Face Cleanser Oil, 2 oz",
        "price": "$19.99 ($10.00 / Fl Oz)",
        "listPrice": "",
        "imageUrl": "https://m.media-amazon.com/images/I/31LGXAIJDrL._SL160_.jpg",
        "detailPageURL": "https://www.amazon.com/dp/B00O2BT8QU",
        "rating": "4.5",
        "totalReviews": "575",
        "subtitle": "Badger",
        "isPrimeEligible": "1"
    },
    {
        "ASIN": "B01K8PEZMU",
        "title": "MAJESTIC PURE Himalayan Salt Body Scrub with Lychee Oil, Exfoliating Salt Scrub to Exfoliate & Moisturize Skin, Deep Cleansing - 10 oz",
        "price": "$14.95 ($1.50 / Fl Oz)",
        "listPrice": "$16.45 ($1.64 / Fl Oz)",
        "imageUrl": "https://m.media-amazon.com/images/I/51-1N5Bks9L._SL160_.jpg",
        "detailPageURL": "https://www.amazon.com/dp/B01K8PEZMU",
        "rating": "4.3",
        "totalReviews": "20559",
        "subtitle": "MAJESTIC PURE",
        "isPrimeEligible": "1"
    },
    {
        "ASIN": "B08H9ZHZ6Q",
        "title": "Set of 2 Kose Softymo Speedy And Deep Cleansing Wash 230ml",
        "price": "$22.20 ($22.20 / Count)",
        "listPrice": "",
        "imageUrl": "https://m.media-amazon.com/images/I/41dQArur0rL._SL160_.jpg",
        "detailPageURL": "https://www.amazon.com/dp/B08H9ZHZ6Q",
        "rating": "4.7",
        "totalReviews": "225",
        "subtitle": "Kose Cosmeport",
        "isPrimeEligible": "1"
    },
    {
        "ASIN": "B0BR3SSHKJ",
        "title": "B_LAB CICA Barrier 5.5 Cleansing Oil Balm 100ml",
        "price": "$9.99 ($9.99 / Fl Oz)",
        "listPrice": "",
        "imageUrl": "https://m.media-amazon.com/images/I/315ZclFSMCL._SL160_.jpg",
        "detailPageURL": "https://www.amazon.com/dp/B0BR3SSHKJ",
        "rating": "4.3",
        "totalReviews": "28",
        "subtitle": "B_LAB",
        "isPrimeEligible": "1"
    },
    {
        "ASIN": "B07DCMK68J",
        "title": "Chinoshio Natural PORE Cleansing Oil (150ml 5.07oz) Natural Plant Extracts",
        "price": "$35.55 ($6.97 / Fl Oz)",
        "listPrice": "$37.36 ($7.33 / Fl Oz)",
        "imageUrl": "https://m.media-amazon.com/images/I/41vWDyDUdAL._SL160_.jpg",
        "detailPageURL": "https://www.amazon.com/dp/B07DCMK68J",
        "rating": "4.1",
        "totalReviews": "47",
        "subtitle": "",
        "isPrimeEligible": "1"
    },
    {
        "ASIN": "B017D5N9W0",
        "title": "L'Occitane Cleansing & Softening Almond Shower Oil, 16.9 Fl Oz: Oil-to-Milky Lather, Softer Skin, Smooth Skin, Cleanse Without Drying, With Almond Oil",
        "price": "$46.00 ($2.72 / Fl Oz)",
        "listPrice": "",
        "imageUrl": "https://m.media-amazon.com/images/I/31LHeloPLNL._SL160_.jpg",
        "detailPageURL": "https://www.amazon.com/dp/B017D5N9W0",
        "rating": "4.7",
        "totalReviews": "2455",
        "subtitle": "",
        "isPrimeEligible": "1"
    },
    {
        "ASIN": "B0773Q4M66",
        "title": "FANCL [Parallel import] Mild Cleansing Oil 120ml",
        "price": "$17.49 ($4.32 / Fl Oz)",
        "listPrice": "$19.00 ($4.69 / Fl Oz)",
        "imageUrl": "https://m.media-amazon.com/images/I/21UC-0mw76L._SL160_.jpg",
        "detailPageURL": "https://www.amazon.com/dp/B0773Q4M66",
        "rating": "4.4",
        "totalReviews": "2546",
        "subtitle": "FANCL",
        "isPrimeEligible": "1"
    },
    {
        "ASIN": "B0BLCXVYZQ",
        "title": "innisfree Green Tea Hydrating Cleansing Oil: Antioxidant, Amino Acid Rich, Hydration, Non-Stripping",
        "price": "$24.00 ($4.73 / Fl Oz)",
        "listPrice": "",
        "imageUrl": "https://m.media-amazon.com/images/I/215ODnxF2gL._SL160_.jpg",
        "detailPageURL": "https://www.amazon.com/dp/B0BLCXVYZQ",
        "rating": "4.6",
        "totalReviews": "237",
        "subtitle": "",
        "isPrimeEligible": "1"
    },
    {
        "ASIN": "B002IT6GWW",
        "title": "KOSE Softy Mo White Cleansing Oil Refill",
        "price": "$8.83 ($1.10 / Ounce)",
        "listPrice": "$11.99 ($1.50 / Ounce)",
        "imageUrl": "https://m.media-amazon.com/images/I/51tOOb9zo2L._SL160_.jpg",
        "detailPageURL": "https://www.amazon.com/dp/B002IT6GWW",
        "rating": "4.6",
        "totalReviews": "51",
        "subtitle": "KOSE",
        "isPrimeEligible": "1"
    },
    {
        "ASIN": "B00O2BT8QU",
        "title": "Badger - Face Cleansing Oil, Damascus Rose, Certified Organic Face Oil Cleanser, Facial Cleanser Oil, Natural Facial Cleansing Oil, Natural Oil Cleanser for Face, Face Cleanser Oil, 2 oz",
        "price": "$19.99 ($10.00 / Fl Oz)",
        "listPrice": "",
        "imageUrl": "https://m.media-amazon.com/images/I/31LGXAIJDrL._SL160_.jpg",
        "detailPageURL": "https://www.amazon.com/dp/B00O2BT8QU",
        "rating": "4.5",
        "totalReviews": "575",
        "subtitle": "Badger",
        "isPrimeEligible": "1"
    },
    {
        "ASIN": "B01K8PEZMU",
        "title": "MAJESTIC PURE Himalayan Salt Body Scrub with Lychee Oil, Exfoliating Salt Scrub to Exfoliate & Moisturize Skin, Deep Cleansing - 10 oz",
        "price": "$14.95 ($1.50 / Fl Oz)",
        "listPrice": "$16.45 ($1.64 / Fl Oz)",
        "imageUrl": "https://m.media-amazon.com/images/I/51-1N5Bks9L._SL160_.jpg",
        "detailPageURL": "https://www.amazon.com/dp/B01K8PEZMU",
        "rating": "4.3",
        "totalReviews": "20559",
        "subtitle": "MAJESTIC PURE",
        "isPrimeEligible": "1"
    },
    {
        "ASIN": "B08H9ZHZ6Q",
        "title": "Set of 2 Kose Softymo Speedy And Deep Cleansing Wash 230ml",
        "price": "$22.20 ($22.20 / Count)",
        "listPrice": "",
        "imageUrl": "https://m.media-amazon.com/images/I/41dQArur0rL._SL160_.jpg",
        "detailPageURL": "https://www.amazon.com/dp/B08H9ZHZ6Q",
        "rating": "4.7",
        "totalReviews": "225",
        "subtitle": "Kose Cosmeport",
        "isPrimeEligible": "1"
    },
    {
        "ASIN": "B0BR3SSHKJ",
        "title": "B_LAB CICA Barrier 5.5 Cleansing Oil Balm 100ml",
        "price": "$9.99 ($9.99 / Fl Oz)",
        "listPrice": "",
        "imageUrl": "https://m.media-amazon.com/images/I/315ZclFSMCL._SL160_.jpg",
        "detailPageURL": "https://www.amazon.com/dp/B0BR3SSHKJ",
        "rating": "4.3",
        "totalReviews": "28",
        "subtitle": "B_LAB",
        "isPrimeEligible": "1"
    },
    {
        "ASIN": "B07DCMK68J",
        "title": "Chinoshio Natural PORE Cleansing Oil (150ml 5.07oz) Natural Plant Extracts",
        "price": "$35.55 ($6.97 / Fl Oz)",
        "listPrice": "$37.36 ($7.33 / Fl Oz)",
        "imageUrl": "https://m.media-amazon.com/images/I/41vWDyDUdAL._SL160_.jpg",
        "detailPageURL": "https://www.amazon.com/dp/B07DCMK68J",
        "rating": "4.1",
        "totalReviews": "47",
        "subtitle": "",
        "isPrimeEligible": "1"
    },
    {
        "ASIN": "B017D5N9W0",
        "title": "L'Occitane Cleansing & Softening Almond Shower Oil, 16.9 Fl Oz: Oil-to-Milky Lather, Softer Skin, Smooth Skin, Cleanse Without Drying, With Almond Oil",
        "price": "$46.00 ($2.72 / Fl Oz)",
        "listPrice": "",
        "imageUrl": "https://m.media-amazon.com/images/I/31LHeloPLNL._SL160_.jpg",
        "detailPageURL": "https://www.amazon.com/dp/B017D5N9W0",
        "rating": "4.7",
        "totalReviews": "2455",
        "subtitle": "",
        "isPrimeEligible": "1"
    },
    {
        "ASIN": "B07ZJTM9SJ",
        "title": "TULA Skin Care #nomakeup Replenishing Cleansing Oil | Oil Cleanser and Makeup Remover, Gently Clean and Remove Stubborn Makeup and Residue | 4.7 oz.",
        "price": "$32.00 ($6.81 / Fl Oz)",
        "listPrice": "",
        "imageUrl": "https://m.media-amazon.com/images/I/21trrxFVk0L._SL160_.jpg",
        "detailPageURL": "https://www.amazon.com/dp/B07ZJTM9SJ",
        "rating": "4.4",
        "totalReviews": "232",
        "subtitle": "TULA",
        "isPrimeEligible": "1"
    },
    {
        "ASIN": "B0BLCXVYZQ",
        "title": "innisfree Green Tea Hydrating Cleansing Oil: Antioxidant, Amino Acid Rich, Hydration, Non-Stripping",
        "price": "$24.00 ($4.73 / Fl Oz)",
        "listPrice": "",
        "imageUrl": "https://m.media-amazon.com/images/I/215ODnxF2gL._SL160_.jpg",
        "detailPageURL": "https://www.amazon.com/dp/B0BLCXVYZQ",
        "rating": "4.6",
        "totalReviews": "237",
        "subtitle": "",
        "isPrimeEligible": "1"
    },
    {
        "ASIN": "B002IT6GWW",
        "title": "KOSE Softy Mo White Cleansing Oil Refill",
        "price": "$8.83 ($1.10 / Ounce)",
        "listPrice": "$11.99 ($1.50 / Ounce)",
        "imageUrl": "https://m.media-amazon.com/images/I/51tOOb9zo2L._SL160_.jpg",
        "detailPageURL": "https://www.amazon.com/dp/B002IT6GWW",
        "rating": "4.6",
        "totalReviews": "51",
        "subtitle": "KOSE",
        "isPrimeEligible": "1"
    },
    {
        "ASIN": "B00O2BT8QU",
        "title": "Badger - Face Cleansing Oil, Damascus Rose, Certified Organic Face Oil Cleanser, Facial Cleanser Oil, Natural Facial Cleansing Oil, Natural Oil Cleanser for Face, Face Cleanser Oil, 2 oz",
        "price": "$19.99 ($10.00 / Fl Oz)",
        "listPrice": "",
        "imageUrl": "https://m.media-amazon.com/images/I/31LGXAIJDrL._SL160_.jpg",
        "detailPageURL": "https://www.amazon.com/dp/B00O2BT8QU",
        "rating": "4.5",
        "totalReviews": "575",
        "subtitle": "Badger",
        "isPrimeEligible": "1"
    },
    {
        "ASIN": "B01K8PEZMU",
        "title": "MAJESTIC PURE Himalayan Salt Body Scrub with Lychee Oil, Exfoliating Salt Scrub to Exfoliate & Moisturize Skin, Deep Cleansing - 10 oz",
        "price": "$14.95 ($1.50 / Fl Oz)",
        "listPrice": "$16.45 ($1.64 / Fl Oz)",
        "imageUrl": "https://m.media-amazon.com/images/I/51-1N5Bks9L._SL160_.jpg",
        "detailPageURL": "https://www.amazon.com/dp/B01K8PEZMU",
        "rating": "4.3",
        "totalReviews": "20559",
        "subtitle": "MAJESTIC PURE",
        "isPrimeEligible": "1"
    },
    {
        "ASIN": "B08H9ZHZ6Q",
        "title": "Set of 2 Kose Softymo Speedy And Deep Cleansing Wash 230ml",
        "price": "$22.20 ($22.20 / Count)",
        "listPrice": "",
        "imageUrl": "https://m.media-amazon.com/images/I/41dQArur0rL._SL160_.jpg",
        "detailPageURL": "https://www.amazon.com/dp/B08H9ZHZ6Q",
        "rating": "4.7",
        "totalReviews": "225",
        "subtitle": "Kose Cosmeport",
        "isPrimeEligible": "1"
    },
    {
        "ASIN": "B0BR3SSHKJ",
        "title": "B_LAB CICA Barrier 5.5 Cleansing Oil Balm 100ml",
        "price": "$9.99 ($9.99 / Fl Oz)",
        "listPrice": "",
        "imageUrl": "https://m.media-amazon.com/images/I/315ZclFSMCL._SL160_.jpg",
        "detailPageURL": "https://www.amazon.com/dp/B0BR3SSHKJ",
        "rating": "4.3",
        "totalReviews": "28",
        "subtitle": "B_LAB",
        "isPrimeEligible": "1"
    },
    {
        "ASIN": "B07DCMK68J",
        "title": "Chinoshio Natural PORE Cleansing Oil (150ml 5.07oz) Natural Plant Extracts",
        "price": "$35.55 ($6.97 / Fl Oz)",
        "listPrice": "$37.36 ($7.33 / Fl Oz)",
        "imageUrl": "https://m.media-amazon.com/images/I/41vWDyDUdAL._SL160_.jpg",
        "detailPageURL": "https://www.amazon.com/dp/B07DCMK68J",
        "rating": "4.1",
        "totalReviews": "47",
        "subtitle": "",
        "isPrimeEligible": "1"
    },
    {
        "ASIN": "B017D5N9W0",
        "title": "L'Occitane Cleansing & Softening Almond Shower Oil, 16.9 Fl Oz: Oil-to-Milky Lather, Softer Skin, Smooth Skin, Cleanse Without Drying, With Almond Oil",
        "price": "$46.00 ($2.72 / Fl Oz)",
        "listPrice": "",
        "imageUrl": "https://m.media-amazon.com/images/I/31LHeloPLNL._SL160_.jpg",
        "detailPageURL": "https://www.amazon.com/dp/B017D5N9W0",
        "rating": "4.7",
        "totalReviews": "2455",
        "subtitle": "",
        "isPrimeEligible": "1"
    },
    {
        "ASIN": "B07ZJTM9SJ",
        "title": "TULA Skin Care #nomakeup Replenishing Cleansing Oil | Oil Cleanser and Makeup Remover, Gently Clean and Remove Stubborn Makeup and Residue | 4.7 oz.",
        "price": "$32.00 ($6.81 / Fl Oz)",
        "listPrice": "",
        "imageUrl": "https://m.media-amazon.com/images/I/21trrxFVk0L._SL160_.jpg",
        "detailPageURL": "https://www.amazon.com/dp/B07ZJTM9SJ",
        "rating": "4.4",
        "totalReviews": "232",
        "subtitle": "TULA",
        "isPrimeEligible": "1"
    },
    {
        "ASIN": "B08XW2X1NM",
        "title": "PURITO From Green Cleansing Oil 6.76 fl.oz / 200ml Gentle Facial Cleanser, Cruelty-free & Vegan, Nature-derived Oils (Renewed)",
        "price": "$18.80 ($2.78 / Fl Oz)",
        "listPrice": "",
        "imageUrl": "https://m.media-amazon.com/images/I/41zbLHlLLLL._SL160_.jpg",
        "detailPageURL": "https://www.amazon.com/dp/B08XW2X1NM",
        "rating": "4.5",
        "totalReviews": "715",
        "subtitle": "PURITO",
        "isPrimeEligible": "1"
    },
    {
        "ASIN": "B002IT6GWW",
        "title": "KOSE Softy Mo White Cleansing Oil Refill",
        "price": "$8.83 ($1.10 / Ounce)",
        "listPrice": "$11.99 ($1.50 / Ounce)",
        "imageUrl": "https://m.media-amazon.com/images/I/51tOOb9zo2L._SL160_.jpg",
        "detailPageURL": "https://www.amazon.com/dp/B002IT6GWW",
        "rating": "4.6",
        "totalReviews": "51",
        "subtitle": "KOSE",
        "isPrimeEligible": "1"
    },
    {
        "ASIN": "B00O2BT8QU",
        "title": "Badger - Face Cleansing Oil, Damascus Rose, Certified Organic Face Oil Cleanser, Facial Cleanser Oil, Natural Facial Cleansing Oil, Natural Oil Cleanser for Face, Face Cleanser Oil, 2 oz",
        "price": "$19.99 ($10.00 / Fl Oz)",
        "listPrice": "",
        "imageUrl": "https://m.media-amazon.com/images/I/31LGXAIJDrL._SL160_.jpg",
        "detailPageURL": "https://www.amazon.com/dp/B00O2BT8QU",
        "rating": "4.5",
        "totalReviews": "575",
        "subtitle": "Badger",
        "isPrimeEligible": "1"
    },
    {
        "ASIN": "B01K8PEZMU",
        "title": "MAJESTIC PURE Himalayan Salt Body Scrub with Lychee Oil, Exfoliating Salt Scrub to Exfoliate & Moisturize Skin, Deep Cleansing - 10 oz",
        "price": "$14.95 ($1.50 / Fl Oz)",
        "listPrice": "$16.45 ($1.64 / Fl Oz)",
        "imageUrl": "https://m.media-amazon.com/images/I/51-1N5Bks9L._SL160_.jpg",
        "detailPageURL": "https://www.amazon.com/dp/B01K8PEZMU",
        "rating": "4.3",
        "totalReviews": "20559",
        "subtitle": "MAJESTIC PURE",
        "isPrimeEligible": "1"
    },
    {
        "ASIN": "B08H9ZHZ6Q",
        "title": "Set of 2 Kose Softymo Speedy And Deep Cleansing Wash 230ml",
        "price": "$22.20 ($22.20 / Count)",
        "listPrice": "",
        "imageUrl": "https://m.media-amazon.com/images/I/41dQArur0rL._SL160_.jpg",
        "detailPageURL": "https://www.amazon.com/dp/B08H9ZHZ6Q",
        "rating": "4.7",
        "totalReviews": "225",
        "subtitle": "Kose Cosmeport",
        "isPrimeEligible": "1"
    },
    {
        "ASIN": "B0BR3SSHKJ",
        "title": "B_LAB CICA Barrier 5.5 Cleansing Oil Balm 100ml",
        "price": "$9.99 ($9.99 / Fl Oz)",
        "listPrice": "",
        "imageUrl": "https://m.media-amazon.com/images/I/315ZclFSMCL._SL160_.jpg",
        "detailPageURL": "https://www.amazon.com/dp/B0BR3SSHKJ",
        "rating": "4.3",
        "totalReviews": "28",
        "subtitle": "B_LAB",
        "isPrimeEligible": "1"
    },
    {
        "ASIN": "B07DCMK68J",
        "title": "Chinoshio Natural PORE Cleansing Oil (150ml 5.07oz) Natural Plant Extracts",
        "price": "$35.55 ($6.97 / Fl Oz)",
        "listPrice": "$37.36 ($7.33 / Fl Oz)",
        "imageUrl": "https://m.media-amazon.com/images/I/41vWDyDUdAL._SL160_.jpg",
        "detailPageURL": "https://www.amazon.com/dp/B07DCMK68J",
        "rating": "4.1",
        "totalReviews": "47",
        "subtitle": "",
        "isPrimeEligible": "1"
    },
    {
        "ASIN": "B017D5N9W0",
        "title": "L'Occitane Cleansing & Softening Almond Shower Oil, 16.9 Fl Oz: Oil-to-Milky Lather, Softer Skin, Smooth Skin, Cleanse Without Drying, With Almond Oil",
        "price": "$46.00 ($2.72 / Fl Oz)",
        "listPrice": "",
        "imageUrl": "https://m.media-amazon.com/images/I/31LHeloPLNL._SL160_.jpg",
        "detailPageURL": "https://www.amazon.com/dp/B017D5N9W0",
        "rating": "4.7",
        "totalReviews": "2455",
        "subtitle": "",
        "isPrimeEligible": "1"
    },
    {
        "ASIN": "B07ZJTM9SJ",
        "title": "TULA Skin Care #nomakeup Replenishing Cleansing Oil | Oil Cleanser and Makeup Remover, Gently Clean and Remove Stubborn Makeup and Residue | 4.7 oz.",
        "price": "$32.00 ($6.81 / Fl Oz)",
        "listPrice": "",
        "imageUrl": "https://m.media-amazon.com/images/I/21trrxFVk0L._SL160_.jpg",
        "detailPageURL": "https://www.amazon.com/dp/B07ZJTM9SJ",
        "rating": "4.4",
        "totalReviews": "232",
        "subtitle": "TULA",
        "isPrimeEligible": "1"
    },
    {
        "ASIN": "B08XW2X1NM",
        "title": "PURITO From Green Cleansing Oil 6.76 fl.oz / 200ml Gentle Facial Cleanser, Cruelty-free & Vegan, Nature-derived Oils (Renewed)",
        "price": "$18.80 ($2.78 / Fl Oz)",
        "listPrice": "",
        "imageUrl": "https://m.media-amazon.com/images/I/41zbLHlLLLL._SL160_.jpg",
        "detailPageURL": "https://www.amazon.com/dp/B08XW2X1NM",
        "rating": "4.5",
        "totalReviews": "715",
        "subtitle": "PURITO",
        "isPrimeEligible": "1"
    },
    {
        "ASIN": "B076JK83C9",
        "title": "Organys Cleansing Oil and Makeup Remover Face Wash",
        "price": "$21.00 ($2.62 / Fl Oz)",
        "listPrice": "",
        "imageUrl": "https://m.media-amazon.com/images/I/31GMYNa8gHL._SL160_.jpg",
        "detailPageURL": "https://www.amazon.com/dp/B076JK83C9",
        "rating": "4.5",
        "totalReviews": "1672",
        "subtitle": "Organys",
        "isPrimeEligible": "1"
    },
    {
        "ASIN": "B00O2BT8QU",
        "title": "Badger - Face Cleansing Oil, Damascus Rose, Certified Organic Face Oil Cleanser, Facial Cleanser Oil, Natural Facial Cleansing Oil, Natural Oil Cleanser for Face, Face Cleanser Oil, 2 oz",
        "price": "$19.99 ($10.00 / Fl Oz)",
        "listPrice": "",
        "imageUrl": "https://m.media-amazon.com/images/I/31LGXAIJDrL._SL160_.jpg",
        "detailPageURL": "https://www.amazon.com/dp/B00O2BT8QU",
        "rating": "4.5",
        "totalReviews": "575",
        "subtitle": "Badger",
        "isPrimeEligible": "1"
    },
    {
        "ASIN": "B01K8PEZMU",
        "title": "MAJESTIC PURE Himalayan Salt Body Scrub with Lychee Oil, Exfoliating Salt Scrub to Exfoliate & Moisturize Skin, Deep Cleansing - 10 oz",
        "price": "$14.95 ($1.50 / Fl Oz)",
        "listPrice": "$16.45 ($1.64 / Fl Oz)",
        "imageUrl": "https://m.media-amazon.com/images/I/51-1N5Bks9L._SL160_.jpg",
        "detailPageURL": "https://www.amazon.com/dp/B01K8PEZMU",
        "rating": "4.3",
        "totalReviews": "20559",
        "subtitle": "MAJESTIC PURE",
        "isPrimeEligible": "1"
    },
    {
        "ASIN": "B08H9ZHZ6Q",
        "title": "Set of 2 Kose Softymo Speedy And Deep Cleansing Wash 230ml",
        "price": "$22.20 ($22.20 / Count)",
        "listPrice": "",
        "imageUrl": "https://m.media-amazon.com/images/I/41dQArur0rL._SL160_.jpg",
        "detailPageURL": "https://www.amazon.com/dp/B08H9ZHZ6Q",
        "rating": "4.7",
        "totalReviews": "225",
        "subtitle": "Kose Cosmeport",
        "isPrimeEligible": "1"
    },
    {
        "ASIN": "B0BR3SSHKJ",
        "title": "B_LAB CICA Barrier 5.5 Cleansing Oil Balm 100ml",
        "price": "$9.99 ($9.99 / Fl Oz)",
        "listPrice": "",
        "imageUrl": "https://m.media-amazon.com/images/I/315ZclFSMCL._SL160_.jpg",
        "detailPageURL": "https://www.amazon.com/dp/B0BR3SSHKJ",
        "rating": "4.3",
        "totalReviews": "28",
        "subtitle": "B_LAB",
        "isPrimeEligible": "1"
    },
    {
        "ASIN": "B07DCMK68J",
        "title": "Chinoshio Natural PORE Cleansing Oil (150ml 5.07oz) Natural Plant Extracts",
        "price": "$35.55 ($6.97 / Fl Oz)",
        "listPrice": "$37.36 ($7.33 / Fl Oz)",
        "imageUrl": "https://m.media-amazon.com/images/I/41vWDyDUdAL._SL160_.jpg",
        "detailPageURL": "https://www.amazon.com/dp/B07DCMK68J",
        "rating": "4.1",
        "totalReviews": "47",
        "subtitle": "",
        "isPrimeEligible": "1"
    },
    {
        "ASIN": "B017D5N9W0",
        "title": "L'Occitane Cleansing & Softening Almond Shower Oil, 16.9 Fl Oz: Oil-to-Milky Lather, Softer Skin, Smooth Skin, Cleanse Without Drying, With Almond Oil",
        "price": "$46.00 ($2.72 / Fl Oz)",
        "listPrice": "",
        "imageUrl": "https://m.media-amazon.com/images/I/31LHeloPLNL._SL160_.jpg",
        "detailPageURL": "https://www.amazon.com/dp/B017D5N9W0",
        "rating": "4.7",
        "totalReviews": "2455",
        "subtitle": "",
        "isPrimeEligible": "1"
    },
    {
        "ASIN": "B07ZJTM9SJ",
        "title": "TULA Skin Care #nomakeup Replenishing Cleansing Oil | Oil Cleanser and Makeup Remover, Gently Clean and Remove Stubborn Makeup and Residue | 4.7 oz.",
        "price": "$32.00 ($6.81 / Fl Oz)",
        "listPrice": "",
        "imageUrl": "https://m.media-amazon.com/images/I/21trrxFVk0L._SL160_.jpg",
        "detailPageURL": "https://www.amazon.com/dp/B07ZJTM9SJ",
        "rating": "4.4",
        "totalReviews": "232",
        "subtitle": "TULA",
        "isPrimeEligible": "1"
    },
    {
        "ASIN": "B08XW2X1NM",
        "title": "PURITO From Green Cleansing Oil 6.76 fl.oz / 200ml Gentle Facial Cleanser, Cruelty-free & Vegan, Nature-derived Oils (Renewed)",
        "price": "$18.80 ($2.78 / Fl Oz)",
        "listPrice": "",
        "imageUrl": "https://m.media-amazon.com/images/I/41zbLHlLLLL._SL160_.jpg",
        "detailPageURL": "https://www.amazon.com/dp/B08XW2X1NM",
        "rating": "4.5",
        "totalReviews": "715",
        "subtitle": "PURITO",
        "isPrimeEligible": "1"
    },
    {
        "ASIN": "B076JK83C9",
        "title": "Organys Cleansing Oil and Makeup Remover Face Wash",
        "price": "$21.00 ($2.62 / Fl Oz)",
        "listPrice": "",
        "imageUrl": "https://m.media-amazon.com/images/I/31GMYNa8gHL._SL160_.jpg",
        "detailPageURL": "https://www.amazon.com/dp/B076JK83C9",
        "rating": "4.5",
        "totalReviews": "1672",
        "subtitle": "Organys",
        "isPrimeEligible": "1"
    },
    {
        "ASIN": "B01N34OR3T",
        "title": "Palmer's Cocoa Butter Formula Ultra Gentle Facial Cleansing Oil, 6.5 Ounces",
        "price": "$16.95 ($2.61 / Ounce)",
        "listPrice": "",
        "imageUrl": "https://m.media-amazon.com/images/I/410b-52WHoL._SL160_.jpg",
        "detailPageURL": "https://www.amazon.com/dp/B01N34OR3T",
        "rating": "4.3",
        "totalReviews": "2806",
        "subtitle": "Palmer's",
        "isPrimeEligible": "1"
    },
    {
        "ASIN": "B01K8PEZMU",
        "title": "MAJESTIC PURE Himalayan Salt Body Scrub with Lychee Oil, Exfoliating Salt Scrub to Exfoliate & Moisturize Skin, Deep Cleansing - 10 oz",
        "price": "$14.95 ($1.50 / Fl Oz)",
        "listPrice": "$16.45 ($1.64 / Fl Oz)",
        "imageUrl": "https://m.media-amazon.com/images/I/51-1N5Bks9L._SL160_.jpg",
        "detailPageURL": "https://www.amazon.com/dp/B01K8PEZMU",
        "rating": "4.3",
        "totalReviews": "20559",
        "subtitle": "MAJESTIC PURE",
        "isPrimeEligible": "1"
    },
    {
        "ASIN": "B08H9ZHZ6Q",
        "title": "Set of 2 Kose Softymo Speedy And Deep Cleansing Wash 230ml",
        "price": "$22.20 ($22.20 / Count)",
        "listPrice": "",
        "imageUrl": "https://m.media-amazon.com/images/I/41dQArur0rL._SL160_.jpg",
        "detailPageURL": "https://www.amazon.com/dp/B08H9ZHZ6Q",
        "rating": "4.7",
        "totalReviews": "225",
        "subtitle": "Kose Cosmeport",
        "isPrimeEligible": "1"
    },
    {
        "ASIN": "B0BR3SSHKJ",
        "title": "B_LAB CICA Barrier 5.5 Cleansing Oil Balm 100ml",
        "price": "$9.99 ($9.99 / Fl Oz)",
        "listPrice": "",
        "imageUrl": "https://m.media-amazon.com/images/I/315ZclFSMCL._SL160_.jpg",
        "detailPageURL": "https://www.amazon.com/dp/B0BR3SSHKJ",
        "rating": "4.3",
        "totalReviews": "28",
        "subtitle": "B_LAB",
        "isPrimeEligible": "1"
    },
    {
        "ASIN": "B07DCMK68J",
        "title": "Chinoshio Natural PORE Cleansing Oil (150ml 5.07oz) Natural Plant Extracts",
        "price": "$35.55 ($6.97 / Fl Oz)",
        "listPrice": "$37.36 ($7.33 / Fl Oz)",
        "imageUrl": "https://m.media-amazon.com/images/I/41vWDyDUdAL._SL160_.jpg",
        "detailPageURL": "https://www.amazon.com/dp/B07DCMK68J",
        "rating": "4.1",
        "totalReviews": "47",
        "subtitle": "",
        "isPrimeEligible": "1"
    },
    {
        "ASIN": "B017D5N9W0",
        "title": "L'Occitane Cleansing & Softening Almond Shower Oil, 16.9 Fl Oz: Oil-to-Milky Lather, Softer Skin, Smooth Skin, Cleanse Without Drying, With Almond Oil",
        "price": "$46.00 ($2.72 / Fl Oz)",
        "listPrice": "",
        "imageUrl": "https://m.media-amazon.com/images/I/31LHeloPLNL._SL160_.jpg",
        "detailPageURL": "https://www.amazon.com/dp/B017D5N9W0",
        "rating": "4.7",
        "totalReviews": "2455",
        "subtitle": "",
        "isPrimeEligible": "1"
    },
    {
        "ASIN": "B07ZJTM9SJ",
        "title": "TULA Skin Care #nomakeup Replenishing Cleansing Oil | Oil Cleanser and Makeup Remover, Gently Clean and Remove Stubborn Makeup and Residue | 4.7 oz.",
        "price": "$32.00 ($6.81 / Fl Oz)",
        "listPrice": "",
        "imageUrl": "https://m.media-amazon.com/images/I/21trrxFVk0L._SL160_.jpg",
        "detailPageURL": "https://www.amazon.com/dp/B07ZJTM9SJ",
        "rating": "4.4",
        "totalReviews": "232",
        "subtitle": "TULA",
        "isPrimeEligible": "1"
    },
    {
        "ASIN": "B08XW2X1NM",
        "title": "PURITO From Green Cleansing Oil 6.76 fl.oz / 200ml Gentle Facial Cleanser, Cruelty-free & Vegan, Nature-derived Oils (Renewed)",
        "price": "$18.80 ($2.78 / Fl Oz)",
        "listPrice": "",
        "imageUrl": "https://m.media-amazon.com/images/I/41zbLHlLLLL._SL160_.jpg",
        "detailPageURL": "https://www.amazon.com/dp/B08XW2X1NM",
        "rating": "4.5",
        "totalReviews": "715",
        "subtitle": "PURITO",
        "isPrimeEligible": "1"
    },
    {
        "ASIN": "B076JK83C9",
        "title": "Organys Cleansing Oil and Makeup Remover Face Wash",
        "price": "$21.00 ($2.62 / Fl Oz)",
        "listPrice": "",
        "imageUrl": "https://m.media-amazon.com/images/I/31GMYNa8gHL._SL160_.jpg",
        "detailPageURL": "https://www.amazon.com/dp/B076JK83C9",
        "rating": "4.5",
        "totalReviews": "1672",
        "subtitle": "Organys",
        "isPrimeEligible": "1"
    },
    {
        "ASIN": "B01N34OR3T",
        "title": "Palmer's Cocoa Butter Formula Ultra Gentle Facial Cleansing Oil, 6.5 Ounces",
        "price": "$16.95 ($2.61 / Ounce)",
        "listPrice": "",
        "imageUrl": "https://m.media-amazon.com/images/I/410b-52WHoL._SL160_.jpg",
        "detailPageURL": "https://www.amazon.com/dp/B01N34OR3T",
        "rating": "4.3",
        "totalReviews": "2806",
        "subtitle": "Palmer's",
        "isPrimeEligible": "1"
    },
    {
        "ASIN": "B09FYT6VR3",
        "title": "Curel Japanese Skin Care Facial Cleansing Oil for Face, Oil-Based Makeup Remover for Dry, Sensitive Skin, 5 Ounce, Fragrance Free",
        "price": "$14.50 ($2.90 / Fl Oz)",
        "listPrice": "",
        "imageUrl": "https://m.media-amazon.com/images/I/31loxHsutJL._SL160_.jpg",
        "detailPageURL": "https://www.amazon.com/dp/B09FYT6VR3",
        "rating": "4.4",
        "totalReviews": "450",
        "subtitle": "Curel",
        "isPrimeEligible": "1"
    },
    {
        "ASIN": "B08H9ZHZ6Q",
        "title": "Set of 2 Kose Softymo Speedy And Deep Cleansing Wash 230ml",
        "price": "$22.20 ($22.20 / Count)",
        "listPrice": "",
        "imageUrl": "https://m.media-amazon.com/images/I/41dQArur0rL._SL160_.jpg",
        "detailPageURL": "https://www.amazon.com/dp/B08H9ZHZ6Q",
        "rating": "4.7",
        "totalReviews": "225",
        "subtitle": "Kose Cosmeport",
        "isPrimeEligible": "1"
    },
    {
        "ASIN": "B0BR3SSHKJ",
        "title": "B_LAB CICA Barrier 5.5 Cleansing Oil Balm 100ml",
        "price": "$9.99 ($9.99 / Fl Oz)",
        "listPrice": "",
        "imageUrl": "https://m.media-amazon.com/images/I/315ZclFSMCL._SL160_.jpg",
        "detailPageURL": "https://www.amazon.com/dp/B0BR3SSHKJ",
        "rating": "4.3",
        "totalReviews": "28",
        "subtitle": "B_LAB",
        "isPrimeEligible": "1"
    },
    {
        "ASIN": "B07DCMK68J",
        "title": "Chinoshio Natural PORE Cleansing Oil (150ml 5.07oz) Natural Plant Extracts",
        "price": "$35.55 ($6.97 / Fl Oz)",
        "listPrice": "$37.36 ($7.33 / Fl Oz)",
        "imageUrl": "https://m.media-amazon.com/images/I/41vWDyDUdAL._SL160_.jpg",
        "detailPageURL": "https://www.amazon.com/dp/B07DCMK68J",
        "rating": "4.1",
        "totalReviews": "47",
        "subtitle": "",
        "isPrimeEligible": "1"
    },
    {
        "ASIN": "B017D5N9W0",
        "title": "L'Occitane Cleansing & Softening Almond Shower Oil, 16.9 Fl Oz: Oil-to-Milky Lather, Softer Skin, Smooth Skin, Cleanse Without Drying, With Almond Oil",
        "price": "$46.00 ($2.72 / Fl Oz)",
        "listPrice": "",
        "imageUrl": "https://m.media-amazon.com/images/I/31LHeloPLNL._SL160_.jpg",
        "detailPageURL": "https://www.amazon.com/dp/B017D5N9W0",
        "rating": "4.7",
        "totalReviews": "2455",
        "subtitle": "",
        "isPrimeEligible": "1"
    },
    {
        "ASIN": "B07ZJTM9SJ",
        "title": "TULA Skin Care #nomakeup Replenishing Cleansing Oil | Oil Cleanser and Makeup Remover, Gently Clean and Remove Stubborn Makeup and Residue | 4.7 oz.",
        "price": "$32.00 ($6.81 / Fl Oz)",
        "listPrice": "",
        "imageUrl": "https://m.media-amazon.com/images/I/21trrxFVk0L._SL160_.jpg",
        "detailPageURL": "https://www.amazon.com/dp/B07ZJTM9SJ",
        "rating": "4.4",
        "totalReviews": "232",
        "subtitle": "TULA",
        "isPrimeEligible": "1"
    },
    {
        "ASIN": "B08XW2X1NM",
        "title": "PURITO From Green Cleansing Oil 6.76 fl.oz / 200ml Gentle Facial Cleanser, Cruelty-free & Vegan, Nature-derived Oils (Renewed)",
        "price": "$18.80 ($2.78 / Fl Oz)",
        "listPrice": "",
        "imageUrl": "https://m.media-amazon.com/images/I/41zbLHlLLLL._SL160_.jpg",
        "detailPageURL": "https://www.amazon.com/dp/B08XW2X1NM",
        "rating": "4.5",
        "totalReviews": "715",
        "subtitle": "PURITO",
        "isPrimeEligible": "1"
    },
    {
        "ASIN": "B076JK83C9",
        "title": "Organys Cleansing Oil and Makeup Remover Face Wash",
        "price": "$21.00 ($2.62 / Fl Oz)",
        "listPrice": "",
        "imageUrl": "https://m.media-amazon.com/images/I/31GMYNa8gHL._SL160_.jpg",
        "detailPageURL": "https://www.amazon.com/dp/B076JK83C9",
        "rating": "4.5",
        "totalReviews": "1672",
        "subtitle": "Organys",
        "isPrimeEligible": "1"
    },
    {
        "ASIN": "B01N34OR3T",
        "title": "Palmer's Cocoa Butter Formula Ultra Gentle Facial Cleansing Oil, 6.5 Ounces",
        "price": "$16.95 ($2.61 / Ounce)",
        "listPrice": "",
        "imageUrl": "https://m.media-amazon.com/images/I/410b-52WHoL._SL160_.jpg",
        "detailPageURL": "https://www.amazon.com/dp/B01N34OR3T",
        "rating": "4.3",
        "totalReviews": "2806",
        "subtitle": "Palmer's",
        "isPrimeEligible": "1"
    },
    {
        "ASIN": "B09FYT6VR3",
        "title": "Curel Japanese Skin Care Facial Cleansing Oil for Face, Oil-Based Makeup Remover for Dry, Sensitive Skin, 5 Ounce, Fragrance Free",
        "price": "$14.50 ($2.90 / Fl Oz)",
        "listPrice": "",
        "imageUrl": "https://m.media-amazon.com/images/I/31loxHsutJL._SL160_.jpg",
        "detailPageURL": "https://www.amazon.com/dp/B09FYT6VR3",
        "rating": "4.4",
        "totalReviews": "450",
        "subtitle": "Curel",
        "isPrimeEligible": "1"
    },
    {
        "ASIN": "B0BZT7JVW4",
        "title": "Cleansing with Essential Oils",
        "price": "$0.99",
        "listPrice": "",
        "imageUrl": "https://m.media-amazon.com/images/I/41nWVUZnd6L._SL160_.jpg",
        "detailPageURL": "https://www.amazon.com/dp/B0BZT7JVW4",
        "rating": "",
        "totalReviews": "",
        "subtitle": "",
        "isPrimeEligible": "0"
    },
    {
        "ASIN": "B0BR3SSHKJ",
        "title": "B_LAB CICA Barrier 5.5 Cleansing Oil Balm 100ml",
        "price": "$9.99 ($9.99 / Fl Oz)",
        "listPrice": "",
        "imageUrl": "https://m.media-amazon.com/images/I/315ZclFSMCL._SL160_.jpg",
        "detailPageURL": "https://www.amazon.com/dp/B0BR3SSHKJ",
        "rating": "4.3",
        "totalReviews": "28",
        "subtitle": "B_LAB",
        "isPrimeEligible": "1"
    },
    {
        "ASIN": "B07DCMK68J",
        "title": "Chinoshio Natural PORE Cleansing Oil (150ml 5.07oz) Natural Plant Extracts",
        "price": "$35.55 ($6.97 / Fl Oz)",
        "listPrice": "$37.36 ($7.33 / Fl Oz)",
        "imageUrl": "https://m.media-amazon.com/images/I/41vWDyDUdAL._SL160_.jpg",
        "detailPageURL": "https://www.amazon.com/dp/B07DCMK68J",
        "rating": "4.1",
        "totalReviews": "47",
        "subtitle": "",
        "isPrimeEligible": "1"
    },
    {
        "ASIN": "B017D5N9W0",
        "title": "L'Occitane Cleansing & Softening Almond Shower Oil, 16.9 Fl Oz: Oil-to-Milky Lather, Softer Skin, Smooth Skin, Cleanse Without Drying, With Almond Oil",
        "price": "$46.00 ($2.72 / Fl Oz)",
        "listPrice": "",
        "imageUrl": "https://m.media-amazon.com/images/I/31LHeloPLNL._SL160_.jpg",
        "detailPageURL": "https://www.amazon.com/dp/B017D5N9W0",
        "rating": "4.7",
        "totalReviews": "2455",
        "subtitle": "",
        "isPrimeEligible": "1"
    },
    {
        "ASIN": "B07ZJTM9SJ",
        "title": "TULA Skin Care #nomakeup Replenishing Cleansing Oil | Oil Cleanser and Makeup Remover, Gently Clean and Remove Stubborn Makeup and Residue | 4.7 oz.",
        "price": "$32.00 ($6.81 / Fl Oz)",
        "listPrice": "",
        "imageUrl": "https://m.media-amazon.com/images/I/21trrxFVk0L._SL160_.jpg",
        "detailPageURL": "https://www.amazon.com/dp/B07ZJTM9SJ",
        "rating": "4.4",
        "totalReviews": "232",
        "subtitle": "TULA",
        "isPrimeEligible": "1"
    },
    {
        "ASIN": "B08XW2X1NM",
        "title": "PURITO From Green Cleansing Oil 6.76 fl.oz / 200ml Gentle Facial Cleanser, Cruelty-free & Vegan, Nature-derived Oils (Renewed)",
        "price": "$18.80 ($2.78 / Fl Oz)",
        "listPrice": "",
        "imageUrl": "https://m.media-amazon.com/images/I/41zbLHlLLLL._SL160_.jpg",
        "detailPageURL": "https://www.amazon.com/dp/B08XW2X1NM",
        "rating": "4.5",
        "totalReviews": "715",
        "subtitle": "PURITO",
        "isPrimeEligible": "1"
    },
    {
        "ASIN": "B076JK83C9",
        "title": "Organys Cleansing Oil and Makeup Remover Face Wash",
        "price": "$21.00 ($2.62 / Fl Oz)",
        "listPrice": "",
        "imageUrl": "https://m.media-amazon.com/images/I/31GMYNa8gHL._SL160_.jpg",
        "detailPageURL": "https://www.amazon.com/dp/B076JK83C9",
        "rating": "4.5",
        "totalReviews": "1672",
        "subtitle": "Organys",
        "isPrimeEligible": "1"
    },
    {
        "ASIN": "B01N34OR3T",
        "title": "Palmer's Cocoa Butter Formula Ultra Gentle Facial Cleansing Oil, 6.5 Ounces",
        "price": "$16.95 ($2.61 / Ounce)",
        "listPrice": "",
        "imageUrl": "https://m.media-amazon.com/images/I/410b-52WHoL._SL160_.jpg",
        "detailPageURL": "https://www.amazon.com/dp/B01N34OR3T",
        "rating": "4.3",
        "totalReviews": "2806",
        "subtitle": "Palmer's",
        "isPrimeEligible": "1"
    },
    {
        "ASIN": "B09FYT6VR3",
        "title": "Curel Japanese Skin Care Facial Cleansing Oil for Face, Oil-Based Makeup Remover for Dry, Sensitive Skin, 5 Ounce, Fragrance Free",
        "price": "$14.50 ($2.90 / Fl Oz)",
        "listPrice": "",
        "imageUrl": "https://m.media-amazon.com/images/I/31loxHsutJL._SL160_.jpg",
        "detailPageURL": "https://www.amazon.com/dp/B09FYT6VR3",
        "rating": "4.4",
        "totalReviews": "450",
        "subtitle": "Curel",
        "isPrimeEligible": "1"
    },
    {
        "ASIN": "B0BZT7JVW4",
        "title": "Cleansing with Essential Oils",
        "price": "$0.99",
        "listPrice": "",
        "imageUrl": "https://m.media-amazon.com/images/I/41nWVUZnd6L._SL160_.jpg",
        "detailPageURL": "https://www.amazon.com/dp/B0BZT7JVW4",
        "rating": "",
        "totalReviews": "",
        "subtitle": "",
        "isPrimeEligible": "0"
    },
    {
        "ASIN": "B01MXHNIA6",
        "title": "Burt's Bees Face Oil, Hydrating & Anti-Aging Facial Care, 0.05 fl oz Ounce (Packaging May Vary)",
        "price": "$19.99 ($39.20 / Fl Oz)",
        "listPrice": "",
        "imageUrl": "https://m.media-amazon.com/images/I/31wpRKMYngS._SL160_.jpg",
        "detailPageURL": "https://www.amazon.com/dp/B01MXHNIA6",
        "rating": "4.5",
        "totalReviews": "6135",
        "subtitle": "Burt's Bees",
        "isPrimeEligible": "1"
    },
    {
        "ASIN": "B07DCMK68J",
        "title": "Chinoshio Natural PORE Cleansing Oil (150ml 5.07oz) Natural Plant Extracts",
        "price": "$35.55 ($6.97 / Fl Oz)",
        "listPrice": "$37.36 ($7.33 / Fl Oz)",
        "imageUrl": "https://m.media-amazon.com/images/I/41vWDyDUdAL._SL160_.jpg",
        "detailPageURL": "https://www.amazon.com/dp/B07DCMK68J",
        "rating": "4.1",
        "totalReviews": "47",
        "subtitle": "",
        "isPrimeEligible": "1"
    },
    {
        "ASIN": "B017D5N9W0",
        "title": "L'Occitane Cleansing & Softening Almond Shower Oil, 16.9 Fl Oz: Oil-to-Milky Lather, Softer Skin, Smooth Skin, Cleanse Without Drying, With Almond Oil",
        "price": "$46.00 ($2.72 / Fl Oz)",
        "listPrice": "",
        "imageUrl": "https://m.media-amazon.com/images/I/31LHeloPLNL._SL160_.jpg",
        "detailPageURL": "https://www.amazon.com/dp/B017D5N9W0",
        "rating": "4.7",
        "totalReviews": "2455",
        "subtitle": "",
        "isPrimeEligible": "1"
    },
    {
        "ASIN": "B07ZJTM9SJ",
        "title": "TULA Skin Care #nomakeup Replenishing Cleansing Oil | Oil Cleanser and Makeup Remover, Gently Clean and Remove Stubborn Makeup and Residue | 4.7 oz.",
        "price": "$32.00 ($6.81 / Fl Oz)",
        "listPrice": "",
        "imageUrl": "https://m.media-amazon.com/images/I/21trrxFVk0L._SL160_.jpg",
        "detailPageURL": "https://www.amazon.com/dp/B07ZJTM9SJ",
        "rating": "4.4",
        "totalReviews": "232",
        "subtitle": "TULA",
        "isPrimeEligible": "1"
    },
    {
        "ASIN": "B08XW2X1NM",
        "title": "PURITO From Green Cleansing Oil 6.76 fl.oz / 200ml Gentle Facial Cleanser, Cruelty-free & Vegan, Nature-derived Oils (Renewed)",
        "price": "$18.80 ($2.78 / Fl Oz)",
        "listPrice": "",
        "imageUrl": "https://m.media-amazon.com/images/I/41zbLHlLLLL._SL160_.jpg",
        "detailPageURL": "https://www.amazon.com/dp/B08XW2X1NM",
        "rating": "4.5",
        "totalReviews": "715",
        "subtitle": "PURITO",
        "isPrimeEligible": "1"
    },
    {
        "ASIN": "B076JK83C9",
        "title": "Organys Cleansing Oil and Makeup Remover Face Wash",
        "price": "$21.00 ($2.62 / Fl Oz)",
        "listPrice": "",
        "imageUrl": "https://m.media-amazon.com/images/I/31GMYNa8gHL._SL160_.jpg",
        "detailPageURL": "https://www.amazon.com/dp/B076JK83C9",
        "rating": "4.5",
        "totalReviews": "1672",
        "subtitle": "Organys",
        "isPrimeEligible": "1"
    },
    {
        "ASIN": "B01N34OR3T",
        "title": "Palmer's Cocoa Butter Formula Ultra Gentle Facial Cleansing Oil, 6.5 Ounces",
        "price": "$16.95 ($2.61 / Ounce)",
        "listPrice": "",
        "imageUrl": "https://m.media-amazon.com/images/I/410b-52WHoL._SL160_.jpg",
        "detailPageURL": "https://www.amazon.com/dp/B01N34OR3T",
        "rating": "4.3",
        "totalReviews": "2806",
        "subtitle": "Palmer's",
        "isPrimeEligible": "1"
    },
    {
        "ASIN": "B09FYT6VR3",
        "title": "Curel Japanese Skin Care Facial Cleansing Oil for Face, Oil-Based Makeup Remover for Dry, Sensitive Skin, 5 Ounce, Fragrance Free",
        "price": "$14.50 ($2.90 / Fl Oz)",
        "listPrice": "",
        "imageUrl": "https://m.media-amazon.com/images/I/31loxHsutJL._SL160_.jpg",
        "detailPageURL": "https://www.amazon.com/dp/B09FYT6VR3",
        "rating": "4.4",
        "totalReviews": "450",
        "subtitle": "Curel",
        "isPrimeEligible": "1"
    },
    {
        "ASIN": "B0BZT7JVW4",
        "title": "Cleansing with Essential Oils",
        "price": "$0.99",
        "listPrice": "",
        "imageUrl": "https://m.media-amazon.com/images/I/41nWVUZnd6L._SL160_.jpg",
        "detailPageURL": "https://www.amazon.com/dp/B0BZT7JVW4",
        "rating": "",
        "totalReviews": "",
        "subtitle": "",
        "isPrimeEligible": "0"
    },
    {
        "ASIN": "B01MXHNIA6",
        "title": "Burt's Bees Face Oil, Hydrating & Anti-Aging Facial Care, 0.05 fl oz Ounce (Packaging May Vary)",
        "price": "$19.99 ($39.20 / Fl Oz)",
        "listPrice": "",
        "imageUrl": "https://m.media-amazon.com/images/I/31wpRKMYngS._SL160_.jpg",
        "detailPageURL": "https://www.amazon.com/dp/B01MXHNIA6",
        "rating": "4.5",
        "totalReviews": "6135",
        "subtitle": "Burt's Bees",
        "isPrimeEligible": "1"
    },
    {
        "ASIN": "B08L42WS69",
        "title": "Hoodoo For Beginners: Working Magic Spells in Rootwork and Conjure with Roots, Herbs, Candles, and Oils (Hoodoo for Life Book 1)",
        "price": "$4.99",
        "listPrice": "",
        "imageUrl": "https://m.media-amazon.com/images/I/418I7lrS-QL._SL160_.jpg",
        "detailPageURL": "https://www.amazon.com/dp/B08L42WS69",
        "rating": "4.7",
        "totalReviews": "2580",
        "subtitle": "",
        "isPrimeEligible": "0"
    },
    {
        "ASIN": "B017D5N9W0",
        "title": "L'Occitane Cleansing & Softening Almond Shower Oil, 16.9 Fl Oz: Oil-to-Milky Lather, Softer Skin, Smooth Skin, Cleanse Without Drying, With Almond Oil",
        "price": "$46.00 ($2.72 / Fl Oz)",
        "listPrice": "",
        "imageUrl": "https://m.media-amazon.com/images/I/31LHeloPLNL._SL160_.jpg",
        "detailPageURL": "https://www.amazon.com/dp/B017D5N9W0",
        "rating": "4.7",
        "totalReviews": "2455",
        "subtitle": "",
        "isPrimeEligible": "1"
    },
    {
        "ASIN": "B07ZJTM9SJ",
        "title": "TULA Skin Care #nomakeup Replenishing Cleansing Oil | Oil Cleanser and Makeup Remover, Gently Clean and Remove Stubborn Makeup and Residue | 4.7 oz.",
        "price": "$32.00 ($6.81 / Fl Oz)",
        "listPrice": "",
        "imageUrl": "https://m.media-amazon.com/images/I/21trrxFVk0L._SL160_.jpg",
        "detailPageURL": "https://www.amazon.com/dp/B07ZJTM9SJ",
        "rating": "4.4",
        "totalReviews": "232",
        "subtitle": "TULA",
        "isPrimeEligible": "1"
    },
    {
        "ASIN": "B08XW2X1NM",
        "title": "PURITO From Green Cleansing Oil 6.76 fl.oz / 200ml Gentle Facial Cleanser, Cruelty-free & Vegan, Nature-derived Oils (Renewed)",
        "price": "$18.80 ($2.78 / Fl Oz)",
        "listPrice": "",
        "imageUrl": "https://m.media-amazon.com/images/I/41zbLHlLLLL._SL160_.jpg",
        "detailPageURL": "https://www.amazon.com/dp/B08XW2X1NM",
        "rating": "4.5",
        "totalReviews": "715",
        "subtitle": "PURITO",
        "isPrimeEligible": "1"
    },
    {
        "ASIN": "B076JK83C9",
        "title": "Organys Cleansing Oil and Makeup Remover Face Wash",
        "price": "$21.00 ($2.62 / Fl Oz)",
        "listPrice": "",
        "imageUrl": "https://m.media-amazon.com/images/I/31GMYNa8gHL._SL160_.jpg",
        "detailPageURL": "https://www.amazon.com/dp/B076JK83C9",
        "rating": "4.5",
        "totalReviews": "1672",
        "subtitle": "Organys",
        "isPrimeEligible": "1"
    },
    {
        "ASIN": "B01N34OR3T",
        "title": "Palmer's Cocoa Butter Formula Ultra Gentle Facial Cleansing Oil, 6.5 Ounces",
        "price": "$16.95 ($2.61 / Ounce)",
        "listPrice": "",
        "imageUrl": "https://m.media-amazon.com/images/I/410b-52WHoL._SL160_.jpg",
        "detailPageURL": "https://www.amazon.com/dp/B01N34OR3T",
        "rating": "4.3",
        "totalReviews": "2806",
        "subtitle": "Palmer's",
        "isPrimeEligible": "1"
    },
    {
        "ASIN": "B09FYT6VR3",
        "title": "Curel Japanese Skin Care Facial Cleansing Oil for Face, Oil-Based Makeup Remover for Dry, Sensitive Skin, 5 Ounce, Fragrance Free",
        "price": "$14.50 ($2.90 / Fl Oz)",
        "listPrice": "",
        "imageUrl": "https://m.media-amazon.com/images/I/31loxHsutJL._SL160_.jpg",
        "detailPageURL": "https://www.amazon.com/dp/B09FYT6VR3",
        "rating": "4.4",
        "totalReviews": "450",
        "subtitle": "Curel",
        "isPrimeEligible": "1"
    },
    {
        "ASIN": "B0BZT7JVW4",
        "title": "Cleansing with Essential Oils",
        "price": "$0.99",
        "listPrice": "",
        "imageUrl": "https://m.media-amazon.com/images/I/41nWVUZnd6L._SL160_.jpg",
        "detailPageURL": "https://www.amazon.com/dp/B0BZT7JVW4",
        "rating": "",
        "totalReviews": "",
        "subtitle": "",
        "isPrimeEligible": "0"
    },
    {
        "ASIN": "B01MXHNIA6",
        "title": "Burt's Bees Face Oil, Hydrating & Anti-Aging Facial Care, 0.05 fl oz Ounce (Packaging May Vary)",
        "price": "$19.99 ($39.20 / Fl Oz)",
        "listPrice": "",
        "imageUrl": "https://m.media-amazon.com/images/I/31wpRKMYngS._SL160_.jpg",
        "detailPageURL": "https://www.amazon.com/dp/B01MXHNIA6",
        "rating": "4.5",
        "totalReviews": "6135",
        "subtitle": "Burt's Bees",
        "isPrimeEligible": "1"
    },
    {
        "ASIN": "B08L42WS69",
        "title": "Hoodoo For Beginners: Working Magic Spells in Rootwork and Conjure with Roots, Herbs, Candles, and Oils (Hoodoo for Life Book 1)",
        "price": "$4.99",
        "listPrice": "",
        "imageUrl": "https://m.media-amazon.com/images/I/418I7lrS-QL._SL160_.jpg",
        "detailPageURL": "https://www.amazon.com/dp/B08L42WS69",
        "rating": "4.7",
        "totalReviews": "2580",
        "subtitle": "",
        "isPrimeEligible": "0"
    },
    {
        "ASIN": "B09NXN33S8",
        "title": "FANCL [Official Product] Mild Cleansing Oil - 100% Preservative Free, Clean Skincare for Sensitive Skin [US Package]",
        "price": "$22.56 ($5.57 / Fl Oz)",
        "listPrice": "",
        "imageUrl": "https://m.media-amazon.com/images/I/21isdMVFNNL._SL160_.jpg",
        "detailPageURL": "https://www.amazon.com/dp/B09NXN33S8",
        "rating": "4.5",
        "totalReviews": "76",
        "subtitle": "FANCL",
        "isPrimeEligible": "1"
    },
    {
        "ASIN": "B07ZJTM9SJ",
        "title": "TULA Skin Care #nomakeup Replenishing Cleansing Oil | Oil Cleanser and Makeup Remover, Gently Clean and Remove Stubborn Makeup and Residue | 4.7 oz.",
        "price": "$32.00 ($6.81 / Fl Oz)",
        "listPrice": "",
        "imageUrl": "https://m.media-amazon.com/images/I/21trrxFVk0L._SL160_.jpg",
        "detailPageURL": "https://www.amazon.com/dp/B07ZJTM9SJ",
        "rating": "4.4",
        "totalReviews": "232",
        "subtitle": "TULA",
        "isPrimeEligible": "1"
    },
    {
        "ASIN": "B08XW2X1NM",
        "title": "PURITO From Green Cleansing Oil 6.76 fl.oz / 200ml Gentle Facial Cleanser, Cruelty-free & Vegan, Nature-derived Oils (Renewed)",
        "price": "$18.80 ($2.78 / Fl Oz)",
        "listPrice": "",
        "imageUrl": "https://m.media-amazon.com/images/I/41zbLHlLLLL._SL160_.jpg",
        "detailPageURL": "https://www.amazon.com/dp/B08XW2X1NM",
        "rating": "4.5",
        "totalReviews": "715",
        "subtitle": "PURITO",
        "isPrimeEligible": "1"
    },
    {
        "ASIN": "B076JK83C9",
        "title": "Organys Cleansing Oil and Makeup Remover Face Wash",
        "price": "$21.00 ($2.62 / Fl Oz)",
        "listPrice": "",
        "imageUrl": "https://m.media-amazon.com/images/I/31GMYNa8gHL._SL160_.jpg",
        "detailPageURL": "https://www.amazon.com/dp/B076JK83C9",
        "rating": "4.5",
        "totalReviews": "1672",
        "subtitle": "Organys",
        "isPrimeEligible": "1"
    },
    {
        "ASIN": "B01N34OR3T",
        "title": "Palmer's Cocoa Butter Formula Ultra Gentle Facial Cleansing Oil, 6.5 Ounces",
        "price": "$16.95 ($2.61 / Ounce)",
        "listPrice": "",
        "imageUrl": "https://m.media-amazon.com/images/I/410b-52WHoL._SL160_.jpg",
        "detailPageURL": "https://www.amazon.com/dp/B01N34OR3T",
        "rating": "4.3",
        "totalReviews": "2806",
        "subtitle": "Palmer's",
        "isPrimeEligible": "1"
    },
    {
        "ASIN": "B09FYT6VR3",
        "title": "Curel Japanese Skin Care Facial Cleansing Oil for Face, Oil-Based Makeup Remover for Dry, Sensitive Skin, 5 Ounce, Fragrance Free",
        "price": "$14.50 ($2.90 / Fl Oz)",
        "listPrice": "",
        "imageUrl": "https://m.media-amazon.com/images/I/31loxHsutJL._SL160_.jpg",
        "detailPageURL": "https://www.amazon.com/dp/B09FYT6VR3",
        "rating": "4.4",
        "totalReviews": "450",
        "subtitle": "Curel",
        "isPrimeEligible": "1"
    },
    {
        "ASIN": "B0BZT7JVW4",
        "title": "Cleansing with Essential Oils",
        "price": "$0.99",
        "listPrice": "",
        "imageUrl": "https://m.media-amazon.com/images/I/41nWVUZnd6L._SL160_.jpg",
        "detailPageURL": "https://www.amazon.com/dp/B0BZT7JVW4",
        "rating": "",
        "totalReviews": "",
        "subtitle": "",
        "isPrimeEligible": "0"
    },
    {
        "ASIN": "B01MXHNIA6",
        "title": "Burt's Bees Face Oil, Hydrating & Anti-Aging Facial Care, 0.05 fl oz Ounce (Packaging May Vary)",
        "price": "$19.99 ($39.20 / Fl Oz)",
        "listPrice": "",
        "imageUrl": "https://m.media-amazon.com/images/I/31wpRKMYngS._SL160_.jpg",
        "detailPageURL": "https://www.amazon.com/dp/B01MXHNIA6",
        "rating": "4.5",
        "totalReviews": "6135",
        "subtitle": "Burt's Bees",
        "isPrimeEligible": "1"
    },
    {
        "ASIN": "B08L42WS69",
        "title": "Hoodoo For Beginners: Working Magic Spells in Rootwork and Conjure with Roots, Herbs, Candles, and Oils (Hoodoo for Life Book 1)",
        "price": "$4.99",
        "listPrice": "",
        "imageUrl": "https://m.media-amazon.com/images/I/418I7lrS-QL._SL160_.jpg",
        "detailPageURL": "https://www.amazon.com/dp/B08L42WS69",
        "rating": "4.7",
        "totalReviews": "2580",
        "subtitle": "",
        "isPrimeEligible": "0"
    },
    {
        "ASIN": "B09NXN33S8",
        "title": "FANCL [Official Product] Mild Cleansing Oil - 100% Preservative Free, Clean Skincare for Sensitive Skin [US Package]",
        "price": "$22.56 ($5.57 / Fl Oz)",
        "listPrice": "",
        "imageUrl": "https://m.media-amazon.com/images/I/21isdMVFNNL._SL160_.jpg",
        "detailPageURL": "https://www.amazon.com/dp/B09NXN33S8",
        "rating": "4.5",
        "totalReviews": "76",
        "subtitle": "FANCL",
        "isPrimeEligible": "1"
    },
    {
        "ASIN": "B06XXWTV3H",
        "title": "URIAGE Xemose Cleansing Soothing Oil | Face & Body Daily Cleanser that Brings Instant & Long-Lasting Comfort to Very Dry Skin. With Glycerin & Ceramides | Soap-free, Fragrance-Free, 17 FlOz",
        "price": "$24.00 ($1.41 / Fl Oz)",
        "listPrice": "",
        "imageUrl": "https://m.media-amazon.com/images/I/410VdilvuiL._SL160_.jpg",
        "detailPageURL": "https://www.amazon.com/dp/B06XXWTV3H",
        "rating": "4.4",
        "totalReviews": "836",
        "subtitle": "",
        "isPrimeEligible": "1"
    }
]