[
    {
        "ASIN": "B0B1PP1XCM",
        "title": "CeraVe Cleansing Balm for Sensitive Skin | Hydrating Makeup Remover with Ceramides and Plant-based Jojoba Oil for Face | Non-Comedogenic Fragrance Free Non-Greasy |1.3 Ounces",
        "price": "$8.97 ($6.90 / Ounce)",
        "listPrice": "$10.99 ($8.45 / Ounce)",
        "imageUrl": "https://m.media-amazon.com/images/I/31kOCqV2+BL._SL160_.jpg",
        "detailPageURL": "https://www.amazon.com/dp/B0B1PP1XCM",
        "rating": "4.4",
        "totalReviews": "3761",
        "subtitle": "CeraVe",
        "isPrimeEligible": "1"
    },
    {
        "ASIN": "B08Q3CQM7X",
        "title": "JUNO & Co. Clean 10 Cleansing Balm 10 Ingredients Makeup Remover 85g / 3.0oz",
        "price": "$14.99 ($5.00 / Ounce)",
        "listPrice": "$19.99 ($6.66 / Ounce)",
        "imageUrl": "https://m.media-amazon.com/images/I/31edyzkByfL._SL160_.jpg",
        "detailPageURL": "https://www.amazon.com/dp/B08Q3CQM7X",
        "rating": "4.6",
        "totalReviews": "14885",
        "subtitle": "JUNO & Co.",
        "isPrimeEligible": "1"
    },
    {
        "ASIN": "B08TQTT8LK",
        "title": "e.l.f. Holy Hydration! Makeup Melting Cleansing Balm, Face Cleanser & Makeup Remover, Infused with Hyaluronic Acid to Hydrate Skin, 2 Oz",
        "price": "$10.82 ($5.41 / Ounce)",
        "listPrice": "",
        "imageUrl": "https://m.media-amazon.com/images/I/31R-Y-dhjEL._SL160_.jpg",
        "detailPageURL": "https://www.amazon.com/dp/B08TQTT8LK",
        "rating": "4.7",
        "totalReviews": "5043",
        "subtitle": "e.l.f.",
        "isPrimeEligible": "1"
    },
    {
        "ASIN": "B08GJ58Z6M",
        "title": "The INKEY List Oat Cleansing Balm, Rich Balm Removes Makeup and Impurities, Reduces Redness, 5.0 fl oz",
        "price": "$11.99 ($2.40 / Fl Oz)",
        "listPrice": "",
        "imageUrl": "https://m.media-amazon.com/images/I/31eK6NbBNFL._SL160_.jpg",
        "detailPageURL": "https://www.amazon.com/dp/B08GJ58Z6M",
        "rating": "4.3",
        "totalReviews": "2322",
        "subtitle": "The INKEY List",
        "isPrimeEligible": "1"
    },
    {
        "ASIN": "B01CJ639SM",
        "title": "HEIMISH All Clean Balm 4.0fl.oz/120ml - Multi-Purpose Cleansing Balm | Makeup Remover, Face Wash, Pore Care, Blackhead Care, Moisturizer | Natural Aroma Oil, Balm-to-Oil Formula | Korean Skincare",
        "price": "$11.99 ($2.96 / Ounce)",
        "listPrice": "$18.00 ($4.44 / Ounce)",
        "imageUrl": "https://m.media-amazon.com/images/I/31hpBwouz0L._SL160_.jpg",
        "detailPageURL": "https://www.amazon.com/dp/B01CJ639SM",
        "rating": "4.6",
        "totalReviews": "3920",
        "subtitle": "HEIMISH",
        "isPrimeEligible": "0"
    },
    {
        "ASIN": "B0B3R661JP",
        "title": "[Beauty of Joseon] Radiance Cleansing Balm (100ml, 3.38 fl.oz)",
        "price": "$17.10 ($5.06 / Ounce)",
        "listPrice": "$19.00 ($5.62 / Ounce)",
        "imageUrl": "https://m.media-amazon.com/images/I/21Pppxr2FgL._SL160_.jpg",
        "detailPageURL": "https://www.amazon.com/dp/B0B3R661JP",
        "rating": "4.6",
        "totalReviews": "302",
        "subtitle": "Beauty of Joseon",
        "isPrimeEligible": "1"
    },
    {
        "ASIN": "B015AMFK2K",
        "title": "Albolene Face Moisturizer and Makeup Remover, Facial Cleanser and Cleansing Balm, Fragrance Free Cream, 12 oz",
        "price": "$9.74 ($0.81 / Ounce)",
        "listPrice": "$12.69 ($1.06 / Ounce)",
        "imageUrl": "https://m.media-amazon.com/images/I/41GDa7zjX6L._SL160_.jpg",
        "detailPageURL": "https://www.amazon.com/dp/B015AMFK2K",
        "rating": "4.6",
        "totalReviews": "19824",
        "subtitle": "Albolene",
        "isPrimeEligible": "1"
    },
    {
        "ASIN": "B0B3KYTXNY",
        "title": "Neutrogena Makeup Melting Cleansing Balm, Face Cleansing Balm to Gently Melt Away Dirt, Oil, Makeup & Waterproof Mascara Leaving Skin Soft & Conditioned, Fragrance- & Paraben-Free, 2.6 oz",
        "price": "$9.94 ($3.82 / Ounce)",
        "listPrice": "$15.32 ($5.89 / Ounce)",
        "imageUrl": "https://m.media-amazon.com/images/I/31drPl-tnAL._SL160_.jpg",
        "detailPageURL": "https://www.amazon.com/dp/B0B3KYTXNY",
        "rating": "4.1",
        "totalReviews": "763",
        "subtitle": "Neutrogena",
        "isPrimeEligible": "1"
    },
    {
        "ASIN": "B07NFC77LL",
        "title": "Farmacy Natural Makeup Remover - Green Clean Makeup Meltaway Cleansing Balm Cosmetic - Travel Size 1.7 oz",
        "price": "$24.00 ($14.12 / Fl Oz)",
        "listPrice": "",
        "imageUrl": "https://m.media-amazon.com/images/I/41P4Y++82JL._SL160_.jpg",
        "detailPageURL": "https://www.amazon.com/dp/B07NFC77LL",
        "rating": "4.6",
        "totalReviews": "6570",
        "subtitle": "Farmacy",
        "isPrimeEligible": "1"
    },
    {
        "ASIN": "B08221J29Y",
        "title": "Neutrogena Makeup Remover Melting Balm to Oil with Vitamin E, Gentle and Nourishing Makeup Removing Balm for Eye, Lip, or Face Makeup, Travel-Friendly for On-the-Go, 2.0 ounces",
        "price": "$9.14 ($4.57 / Ounce)",
        "listPrice": "$14.49 ($7.24 / Ounce)",
        "imageUrl": "https://m.media-amazon.com/images/I/31DTKa7RI0L._SL160_.jpg",
        "detailPageURL": "https://www.amazon.com/dp/B08221J29Y",
        "rating": "4.5",
        "totalReviews": "5709",
        "subtitle": "Neutrogena",
        "isPrimeEligible": "1"
    },
    {
        "ASIN": "B08Q3CQM7X",
        "title": "JUNO & Co. Clean 10 Cleansing Balm 10 Ingredients Makeup Remover 85g / 3.0oz",
        "price": "$14.99 ($5.00 / Ounce)",
        "listPrice": "$19.99 ($6.66 / Ounce)",
        "imageUrl": "https://m.media-amazon.com/images/I/31edyzkByfL._SL160_.jpg",
        "detailPageURL": "https://www.amazon.com/dp/B08Q3CQM7X",
        "rating": "4.6",
        "totalReviews": "14885",
        "subtitle": "JUNO & Co.",
        "isPrimeEligible": "1"
    },
    {
        "ASIN": "B08TQTT8LK",
        "title": "e.l.f. Holy Hydration! Makeup Melting Cleansing Balm, Face Cleanser & Makeup Remover, Infused with Hyaluronic Acid to Hydrate Skin, 2 Oz",
        "price": "$10.82 ($5.41 / Ounce)",
        "listPrice": "",
        "imageUrl": "https://m.media-amazon.com/images/I/31R-Y-dhjEL._SL160_.jpg",
        "detailPageURL": "https://www.amazon.com/dp/B08TQTT8LK",
        "rating": "4.7",
        "totalReviews": "5043",
        "subtitle": "e.l.f.",
        "isPrimeEligible": "1"
    },
    {
        "ASIN": "B08GJ58Z6M",
        "title": "The INKEY List Oat Cleansing Balm, Rich Balm Removes Makeup and Impurities, Reduces Redness, 5.0 fl oz",
        "price": "$11.99 ($2.40 / Fl Oz)",
        "listPrice": "",
        "imageUrl": "https://m.media-amazon.com/images/I/31eK6NbBNFL._SL160_.jpg",
        "detailPageURL": "https://www.amazon.com/dp/B08GJ58Z6M",
        "rating": "4.3",
        "totalReviews": "2322",
        "subtitle": "The INKEY List",
        "isPrimeEligible": "1"
    },
    {
        "ASIN": "B01CJ639SM",
        "title": "HEIMISH All Clean Balm 4.0fl.oz/120ml - Multi-Purpose Cleansing Balm | Makeup Remover, Face Wash, Pore Care, Blackhead Care, Moisturizer | Natural Aroma Oil, Balm-to-Oil Formula | Korean Skincare",
        "price": "$11.99 ($2.96 / Ounce)",
        "listPrice": "$18.00 ($4.44 / Ounce)",
        "imageUrl": "https://m.media-amazon.com/images/I/31hpBwouz0L._SL160_.jpg",
        "detailPageURL": "https://www.amazon.com/dp/B01CJ639SM",
        "rating": "4.6",
        "totalReviews": "3920",
        "subtitle": "HEIMISH",
        "isPrimeEligible": "0"
    },
    {
        "ASIN": "B0B3R661JP",
        "title": "[Beauty of Joseon] Radiance Cleansing Balm (100ml, 3.38 fl.oz)",
        "price": "$17.10 ($5.06 / Ounce)",
        "listPrice": "$19.00 ($5.62 / Ounce)",
        "imageUrl": "https://m.media-amazon.com/images/I/21Pppxr2FgL._SL160_.jpg",
        "detailPageURL": "https://www.amazon.com/dp/B0B3R661JP",
        "rating": "4.6",
        "totalReviews": "302",
        "subtitle": "Beauty of Joseon",
        "isPrimeEligible": "1"
    },
    {
        "ASIN": "B015AMFK2K",
        "title": "Albolene Face Moisturizer and Makeup Remover, Facial Cleanser and Cleansing Balm, Fragrance Free Cream, 12 oz",
        "price": "$9.74 ($0.81 / Ounce)",
        "listPrice": "$12.69 ($1.06 / Ounce)",
        "imageUrl": "https://m.media-amazon.com/images/I/41GDa7zjX6L._SL160_.jpg",
        "detailPageURL": "https://www.amazon.com/dp/B015AMFK2K",
        "rating": "4.6",
        "totalReviews": "19824",
        "subtitle": "Albolene",
        "isPrimeEligible": "1"
    },
    {
        "ASIN": "B0B3KYTXNY",
        "title": "Neutrogena Makeup Melting Cleansing Balm, Face Cleansing Balm to Gently Melt Away Dirt, Oil, Makeup & Waterproof Mascara Leaving Skin Soft & Conditioned, Fragrance- & Paraben-Free, 2.6 oz",
        "price": "$9.94 ($3.82 / Ounce)",
        "listPrice": "$15.32 ($5.89 / Ounce)",
        "imageUrl": "https://m.media-amazon.com/images/I/31drPl-tnAL._SL160_.jpg",
        "detailPageURL": "https://www.amazon.com/dp/B0B3KYTXNY",
        "rating": "4.1",
        "totalReviews": "763",
        "subtitle": "Neutrogena",
        "isPrimeEligible": "1"
    },
    {
        "ASIN": "B07NFC77LL",
        "title": "Farmacy Natural Makeup Remover - Green Clean Makeup Meltaway Cleansing Balm Cosmetic - Travel Size 1.7 oz",
        "price": "$24.00 ($14.12 / Fl Oz)",
        "listPrice": "",
        "imageUrl": "https://m.media-amazon.com/images/I/41P4Y++82JL._SL160_.jpg",
        "detailPageURL": "https://www.amazon.com/dp/B07NFC77LL",
        "rating": "4.6",
        "totalReviews": "6570",
        "subtitle": "Farmacy",
        "isPrimeEligible": "1"
    },
    {
        "ASIN": "B08221J29Y",
        "title": "Neutrogena Makeup Remover Melting Balm to Oil with Vitamin E, Gentle and Nourishing Makeup Removing Balm for Eye, Lip, or Face Makeup, Travel-Friendly for On-the-Go, 2.0 ounces",
        "price": "$9.14 ($4.57 / Ounce)",
        "listPrice": "$14.49 ($7.24 / Ounce)",
        "imageUrl": "https://m.media-amazon.com/images/I/31DTKa7RI0L._SL160_.jpg",
        "detailPageURL": "https://www.amazon.com/dp/B08221J29Y",
        "rating": "4.5",
        "totalReviews": "5709",
        "subtitle": "Neutrogena",
        "isPrimeEligible": "1"
    },
    {
        "ASIN": "B08MJZYW8P",
        "title": "ELEMIS Pro-Collagen Cleansing , Ultra Nourishing Treatment Balm + Facial Mask Deeply Cleanses, Soothes, Calms & Removes Makeup and Impurities",
        "price": "$66.00 ($18.86 / Fl Oz)",
        "listPrice": "",
        "imageUrl": "https://m.media-amazon.com/images/I/41cjoerGscL._SL160_.jpg",
        "detailPageURL": "https://www.amazon.com/dp/B08MJZYW8P",
        "rating": "4.5",
        "totalReviews": "12878",
        "subtitle": "",
        "isPrimeEligible": "1"
    },
    {
        "ASIN": "B08TQTT8LK",
        "title": "e.l.f. Holy Hydration! Makeup Melting Cleansing Balm, Face Cleanser & Makeup Remover, Infused with Hyaluronic Acid to Hydrate Skin, 2 Oz",
        "price": "$10.82 ($5.41 / Ounce)",
        "listPrice": "",
        "imageUrl": "https://m.media-amazon.com/images/I/31R-Y-dhjEL._SL160_.jpg",
        "detailPageURL": "https://www.amazon.com/dp/B08TQTT8LK",
        "rating": "4.7",
        "totalReviews": "5043",
        "subtitle": "e.l.f.",
        "isPrimeEligible": "1"
    },
    {
        "ASIN": "B08GJ58Z6M",
        "title": "The INKEY List Oat Cleansing Balm, Rich Balm Removes Makeup and Impurities, Reduces Redness, 5.0 fl oz",
        "price": "$11.99 ($2.40 / Fl Oz)",
        "listPrice": "",
        "imageUrl": "https://m.media-amazon.com/images/I/31eK6NbBNFL._SL160_.jpg",
        "detailPageURL": "https://www.amazon.com/dp/B08GJ58Z6M",
        "rating": "4.3",
        "totalReviews": "2322",
        "subtitle": "The INKEY List",
        "isPrimeEligible": "1"
    },
    {
        "ASIN": "B01CJ639SM",
        "title": "HEIMISH All Clean Balm 4.0fl.oz/120ml - Multi-Purpose Cleansing Balm | Makeup Remover, Face Wash, Pore Care, Blackhead Care, Moisturizer | Natural Aroma Oil, Balm-to-Oil Formula | Korean Skincare",
        "price": "$11.99 ($2.96 / Ounce)",
        "listPrice": "$18.00 ($4.44 / Ounce)",
        "imageUrl": "https://m.media-amazon.com/images/I/31hpBwouz0L._SL160_.jpg",
        "detailPageURL": "https://www.amazon.com/dp/B01CJ639SM",
        "rating": "4.6",
        "totalReviews": "3920",
        "subtitle": "HEIMISH",
        "isPrimeEligible": "0"
    },
    {
        "ASIN": "B0B3R661JP",
        "title": "[Beauty of Joseon] Radiance Cleansing Balm (100ml, 3.38 fl.oz)",
        "price": "$17.10 ($5.06 / Ounce)",
        "listPrice": "$19.00 ($5.62 / Ounce)",
        "imageUrl": "https://m.media-amazon.com/images/I/21Pppxr2FgL._SL160_.jpg",
        "detailPageURL": "https://www.amazon.com/dp/B0B3R661JP",
        "rating": "4.6",
        "totalReviews": "302",
        "subtitle": "Beauty of Joseon",
        "isPrimeEligible": "1"
    },
    {
        "ASIN": "B015AMFK2K",
        "title": "Albolene Face Moisturizer and Makeup Remover, Facial Cleanser and Cleansing Balm, Fragrance Free Cream, 12 oz",
        "price": "$9.74 ($0.81 / Ounce)",
        "listPrice": "$12.69 ($1.06 / Ounce)",
        "imageUrl": "https://m.media-amazon.com/images/I/41GDa7zjX6L._SL160_.jpg",
        "detailPageURL": "https://www.amazon.com/dp/B015AMFK2K",
        "rating": "4.6",
        "totalReviews": "19824",
        "subtitle": "Albolene",
        "isPrimeEligible": "1"
    },
    {
        "ASIN": "B0B3KYTXNY",
        "title": "Neutrogena Makeup Melting Cleansing Balm, Face Cleansing Balm to Gently Melt Away Dirt, Oil, Makeup & Waterproof Mascara Leaving Skin Soft & Conditioned, Fragrance- & Paraben-Free, 2.6 oz",
        "price": "$9.94 ($3.82 / Ounce)",
        "listPrice": "$15.32 ($5.89 / Ounce)",
        "imageUrl": "https://m.media-amazon.com/images/I/31drPl-tnAL._SL160_.jpg",
        "detailPageURL": "https://www.amazon.com/dp/B0B3KYTXNY",
        "rating": "4.1",
        "totalReviews": "763",
        "subtitle": "Neutrogena",
        "isPrimeEligible": "1"
    },
    {
        "ASIN": "B07NFC77LL",
        "title": "Farmacy Natural Makeup Remover - Green Clean Makeup Meltaway Cleansing Balm Cosmetic - Travel Size 1.7 oz",
        "price": "$24.00 ($14.12 / Fl Oz)",
        "listPrice": "",
        "imageUrl": "https://m.media-amazon.com/images/I/41P4Y++82JL._SL160_.jpg",
        "detailPageURL": "https://www.amazon.com/dp/B07NFC77LL",
        "rating": "4.6",
        "totalReviews": "6570",
        "subtitle": "Farmacy",
        "isPrimeEligible": "1"
    },
    {
        "ASIN": "B08221J29Y",
        "title": "Neutrogena Makeup Remover Melting Balm to Oil with Vitamin E, Gentle and Nourishing Makeup Removing Balm for Eye, Lip, or Face Makeup, Travel-Friendly for On-the-Go, 2.0 ounces",
        "price": "$9.14 ($4.57 / Ounce)",
        "listPrice": "$14.49 ($7.24 / Ounce)",
        "imageUrl": "https://m.media-amazon.com/images/I/31DTKa7RI0L._SL160_.jpg",
        "detailPageURL": "https://www.amazon.com/dp/B08221J29Y",
        "rating": "4.5",
        "totalReviews": "5709",
        "subtitle": "Neutrogena",
        "isPrimeEligible": "1"
    },
    {
        "ASIN": "B08MJZYW8P",
        "title": "ELEMIS Pro-Collagen Cleansing , Ultra Nourishing Treatment Balm + Facial Mask Deeply Cleanses, Soothes, Calms & Removes Makeup and Impurities",
        "price": "$66.00 ($18.86 / Fl Oz)",
        "listPrice": "",
        "imageUrl": "https://m.media-amazon.com/images/I/41cjoerGscL._SL160_.jpg",
        "detailPageURL": "https://www.amazon.com/dp/B08MJZYW8P",
        "rating": "4.5",
        "totalReviews": "12878",
        "subtitle": "",
        "isPrimeEligible": "1"
    },
    {
        "ASIN": "B099RN4FCW",
        "title": "Pyunkang Yul Deep Clear Cleansing Balm Korean Makeup Remover All In One Face Wash, Removes Heavy Makeup Perfectly 100ml 3.38 Fl.oz.",
        "price": "$15.10",
        "listPrice": "$16.00",
        "imageUrl": "https://m.media-amazon.com/images/I/31a+82pBXpS._SL160_.jpg",
        "detailPageURL": "https://www.amazon.com/dp/B099RN4FCW",
        "rating": "4.7",
        "totalReviews": "650",
        "subtitle": "Pyunkang Yul",
        "isPrimeEligible": "1"
    },
    {
        "ASIN": "B08GJ58Z6M",
        "title": "The INKEY List Oat Cleansing Balm, Rich Balm Removes Makeup and Impurities, Reduces Redness, 5.0 fl oz",
        "price": "$11.99 ($2.40 / Fl Oz)",
        "listPrice": "",
        "imageUrl": "https://m.media-amazon.com/images/I/31eK6NbBNFL._SL160_.jpg",
        "detailPageURL": "https://www.amazon.com/dp/B08GJ58Z6M",
        "rating": "4.3",
        "totalReviews": "2322",
        "subtitle": "The INKEY List",
        "isPrimeEligible": "1"
    },
    {
        "ASIN": "B01CJ639SM",
        "title": "HEIMISH All Clean Balm 4.0fl.oz/120ml - Multi-Purpose Cleansing Balm | Makeup Remover, Face Wash, Pore Care, Blackhead Care, Moisturizer | Natural Aroma Oil, Balm-to-Oil Formula | Korean Skincare",
        "price": "$11.99 ($2.96 / Ounce)",
        "listPrice": "$18.00 ($4.44 / Ounce)",
        "imageUrl": "https://m.media-amazon.com/images/I/31hpBwouz0L._SL160_.jpg",
        "detailPageURL": "https://www.amazon.com/dp/B01CJ639SM",
        "rating": "4.6",
        "totalReviews": "3920",
        "subtitle": "HEIMISH",
        "isPrimeEligible": "0"
    },
    {
        "ASIN": "B0B3R661JP",
        "title": "[Beauty of Joseon] Radiance Cleansing Balm (100ml, 3.38 fl.oz)",
        "price": "$17.10 ($5.06 / Ounce)",
        "listPrice": "$19.00 ($5.62 / Ounce)",
        "imageUrl": "https://m.media-amazon.com/images/I/21Pppxr2FgL._SL160_.jpg",
        "detailPageURL": "https://www.amazon.com/dp/B0B3R661JP",
        "rating": "4.6",
        "totalReviews": "302",
        "subtitle": "Beauty of Joseon",
        "isPrimeEligible": "1"
    },
    {
        "ASIN": "B015AMFK2K",
        "title": "Albolene Face Moisturizer and Makeup Remover, Facial Cleanser and Cleansing Balm, Fragrance Free Cream, 12 oz",
        "price": "$9.74 ($0.81 / Ounce)",
        "listPrice": "$12.69 ($1.06 / Ounce)",
        "imageUrl": "https://m.media-amazon.com/images/I/41GDa7zjX6L._SL160_.jpg",
        "detailPageURL": "https://www.amazon.com/dp/B015AMFK2K",
        "rating": "4.6",
        "totalReviews": "19824",
        "subtitle": "Albolene",
        "isPrimeEligible": "1"
    },
    {
        "ASIN": "B0B3KYTXNY",
        "title": "Neutrogena Makeup Melting Cleansing Balm, Face Cleansing Balm to Gently Melt Away Dirt, Oil, Makeup & Waterproof Mascara Leaving Skin Soft & Conditioned, Fragrance- & Paraben-Free, 2.6 oz",
        "price": "$9.94 ($3.82 / Ounce)",
        "listPrice": "$15.32 ($5.89 / Ounce)",
        "imageUrl": "https://m.media-amazon.com/images/I/31drPl-tnAL._SL160_.jpg",
        "detailPageURL": "https://www.amazon.com/dp/B0B3KYTXNY",
        "rating": "4.1",
        "totalReviews": "763",
        "subtitle": "Neutrogena",
        "isPrimeEligible": "1"
    },
    {
        "ASIN": "B07NFC77LL",
        "title": "Farmacy Natural Makeup Remover - Green Clean Makeup Meltaway Cleansing Balm Cosmetic - Travel Size 1.7 oz",
        "price": "$24.00 ($14.12 / Fl Oz)",
        "listPrice": "",
        "imageUrl": "https://m.media-amazon.com/images/I/41P4Y++82JL._SL160_.jpg",
        "detailPageURL": "https://www.amazon.com/dp/B07NFC77LL",
        "rating": "4.6",
        "totalReviews": "6570",
        "subtitle": "Farmacy",
        "isPrimeEligible": "1"
    },
    {
        "ASIN": "B08221J29Y",
        "title": "Neutrogena Makeup Remover Melting Balm to Oil with Vitamin E, Gentle and Nourishing Makeup Removing Balm for Eye, Lip, or Face Makeup, Travel-Friendly for On-the-Go, 2.0 ounces",
        "price": "$9.14 ($4.57 / Ounce)",
        "listPrice": "$14.49 ($7.24 / Ounce)",
        "imageUrl": "https://m.media-amazon.com/images/I/31DTKa7RI0L._SL160_.jpg",
        "detailPageURL": "https://www.amazon.com/dp/B08221J29Y",
        "rating": "4.5",
        "totalReviews": "5709",
        "subtitle": "Neutrogena",
        "isPrimeEligible": "1"
    },
    {
        "ASIN": "B08MJZYW8P",
        "title": "ELEMIS Pro-Collagen Cleansing , Ultra Nourishing Treatment Balm + Facial Mask Deeply Cleanses, Soothes, Calms & Removes Makeup and Impurities",
        "price": "$66.00 ($18.86 / Fl Oz)",
        "listPrice": "",
        "imageUrl": "https://m.media-amazon.com/images/I/41cjoerGscL._SL160_.jpg",
        "detailPageURL": "https://www.amazon.com/dp/B08MJZYW8P",
        "rating": "4.5",
        "totalReviews": "12878",
        "subtitle": "",
        "isPrimeEligible": "1"
    },
    {
        "ASIN": "B099RN4FCW",
        "title": "Pyunkang Yul Deep Clear Cleansing Balm Korean Makeup Remover All In One Face Wash, Removes Heavy Makeup Perfectly 100ml 3.38 Fl.oz.",
        "price": "$15.10",
        "listPrice": "$16.00",
        "imageUrl": "https://m.media-amazon.com/images/I/31a+82pBXpS._SL160_.jpg",
        "detailPageURL": "https://www.amazon.com/dp/B099RN4FCW",
        "rating": "4.7",
        "totalReviews": "650",
        "subtitle": "Pyunkang Yul",
        "isPrimeEligible": "1"
    },
    {
        "ASIN": "B08KH86JX5",
        "title": "Glow Recipe Papaya Sorbet Enzyme Cleansing Balm - Facial Exfoliator + Smoothing Makeup Remover - Skin Resurfacing Face Cleanser with Papaya Seed Oil, Blueberry Extract & Apricot Kernel Oil (100ml)",
        "price": "$32.00 ($9.41 / Fl Oz)",
        "listPrice": "",
        "imageUrl": "https://m.media-amazon.com/images/I/41c4ubod2jL._SL160_.jpg",
        "detailPageURL": "https://www.amazon.com/dp/B08KH86JX5",
        "rating": "4.6",
        "totalReviews": "838",
        "subtitle": "Glow Recipe",
        "isPrimeEligible": "1"
    },
    {
        "ASIN": "B01CJ639SM",
        "title": "HEIMISH All Clean Balm 4.0fl.oz/120ml - Multi-Purpose Cleansing Balm | Makeup Remover, Face Wash, Pore Care, Blackhead Care, Moisturizer | Natural Aroma Oil, Balm-to-Oil Formula | Korean Skincare",
        "price": "$11.99 ($2.96 / Ounce)",
        "listPrice": "$18.00 ($4.44 / Ounce)",
        "imageUrl": "https://m.media-amazon.com/images/I/31hpBwouz0L._SL160_.jpg",
        "detailPageURL": "https://www.amazon.com/dp/B01CJ639SM",
        "rating": "4.6",
        "totalReviews": "3920",
        "subtitle": "HEIMISH",
        "isPrimeEligible": "0"
    },
    {
        "ASIN": "B0B3R661JP",
        "title": "[Beauty of Joseon] Radiance Cleansing Balm (100ml, 3.38 fl.oz)",
        "price": "$17.10 ($5.06 / Ounce)",
        "listPrice": "$19.00 ($5.62 / Ounce)",
        "imageUrl": "https://m.media-amazon.com/images/I/21Pppxr2FgL._SL160_.jpg",
        "detailPageURL": "https://www.amazon.com/dp/B0B3R661JP",
        "rating": "4.6",
        "totalReviews": "302",
        "subtitle": "Beauty of Joseon",
        "isPrimeEligible": "1"
    },
    {
        "ASIN": "B015AMFK2K",
        "title": "Albolene Face Moisturizer and Makeup Remover, Facial Cleanser and Cleansing Balm, Fragrance Free Cream, 12 oz",
        "price": "$9.74 ($0.81 / Ounce)",
        "listPrice": "$12.69 ($1.06 / Ounce)",
        "imageUrl": "https://m.media-amazon.com/images/I/41GDa7zjX6L._SL160_.jpg",
        "detailPageURL": "https://www.amazon.com/dp/B015AMFK2K",
        "rating": "4.6",
        "totalReviews": "19824",
        "subtitle": "Albolene",
        "isPrimeEligible": "1"
    },
    {
        "ASIN": "B0B3KYTXNY",
        "title": "Neutrogena Makeup Melting Cleansing Balm, Face Cleansing Balm to Gently Melt Away Dirt, Oil, Makeup & Waterproof Mascara Leaving Skin Soft & Conditioned, Fragrance- & Paraben-Free, 2.6 oz",
        "price": "$9.94 ($3.82 / Ounce)",
        "listPrice": "$15.32 ($5.89 / Ounce)",
        "imageUrl": "https://m.media-amazon.com/images/I/31drPl-tnAL._SL160_.jpg",
        "detailPageURL": "https://www.amazon.com/dp/B0B3KYTXNY",
        "rating": "4.1",
        "totalReviews": "763",
        "subtitle": "Neutrogena",
        "isPrimeEligible": "1"
    },
    {
        "ASIN": "B07NFC77LL",
        "title": "Farmacy Natural Makeup Remover - Green Clean Makeup Meltaway Cleansing Balm Cosmetic - Travel Size 1.7 oz",
        "price": "$24.00 ($14.12 / Fl Oz)",
        "listPrice": "",
        "imageUrl": "https://m.media-amazon.com/images/I/41P4Y++82JL._SL160_.jpg",
        "detailPageURL": "https://www.amazon.com/dp/B07NFC77LL",
        "rating": "4.6",
        "totalReviews": "6570",
        "subtitle": "Farmacy",
        "isPrimeEligible": "1"
    },
    {
        "ASIN": "B08221J29Y",
        "title": "Neutrogena Makeup Remover Melting Balm to Oil with Vitamin E, Gentle and Nourishing Makeup Removing Balm for Eye, Lip, or Face Makeup, Travel-Friendly for On-the-Go, 2.0 ounces",
        "price": "$9.14 ($4.57 / Ounce)",
        "listPrice": "$14.49 ($7.24 / Ounce)",
        "imageUrl": "https://m.media-amazon.com/images/I/31DTKa7RI0L._SL160_.jpg",
        "detailPageURL": "https://www.amazon.com/dp/B08221J29Y",
        "rating": "4.5",
        "totalReviews": "5709",
        "subtitle": "Neutrogena",
        "isPrimeEligible": "1"
    },
    {
        "ASIN": "B08MJZYW8P",
        "title": "ELEMIS Pro-Collagen Cleansing , Ultra Nourishing Treatment Balm + Facial Mask Deeply Cleanses, Soothes, Calms & Removes Makeup and Impurities",
        "price": "$66.00 ($18.86 / Fl Oz)",
        "listPrice": "",
        "imageUrl": "https://m.media-amazon.com/images/I/41cjoerGscL._SL160_.jpg",
        "detailPageURL": "https://www.amazon.com/dp/B08MJZYW8P",
        "rating": "4.5",
        "totalReviews": "12878",
        "subtitle": "",
        "isPrimeEligible": "1"
    },
    {
        "ASIN": "B099RN4FCW",
        "title": "Pyunkang Yul Deep Clear Cleansing Balm Korean Makeup Remover All In One Face Wash, Removes Heavy Makeup Perfectly 100ml 3.38 Fl.oz.",
        "price": "$15.10",
        "listPrice": "$16.00",
        "imageUrl": "https://m.media-amazon.com/images/I/31a+82pBXpS._SL160_.jpg",
        "detailPageURL": "https://www.amazon.com/dp/B099RN4FCW",
        "rating": "4.7",
        "totalReviews": "650",
        "subtitle": "Pyunkang Yul",
        "isPrimeEligible": "1"
    },
    {
        "ASIN": "B08KH86JX5",
        "title": "Glow Recipe Papaya Sorbet Enzyme Cleansing Balm - Facial Exfoliator + Smoothing Makeup Remover - Skin Resurfacing Face Cleanser with Papaya Seed Oil, Blueberry Extract & Apricot Kernel Oil (100ml)",
        "price": "$32.00 ($9.41 / Fl Oz)",
        "listPrice": "",
        "imageUrl": "https://m.media-amazon.com/images/I/41c4ubod2jL._SL160_.jpg",
        "detailPageURL": "https://www.amazon.com/dp/B08KH86JX5",
        "rating": "4.6",
        "totalReviews": "838",
        "subtitle": "Glow Recipe",
        "isPrimeEligible": "1"
    },
    {
        "ASIN": "B08BNFVPH9",
        "title": "[heimish] All Clean Balm 1.7 fl.oz/50ml | Natural Facial Cleansing Balm with Aroma Oils | Double Cleanse for Sensitive Skin, Travel Size",
        "price": "$11.00 ($3.18 / Ounce)",
        "listPrice": "",
        "imageUrl": "https://m.media-amazon.com/images/I/31hpBwouz0L._SL160_.jpg",
        "detailPageURL": "https://www.amazon.com/dp/B08BNFVPH9",
        "rating": "4.5",
        "totalReviews": "821",
        "subtitle": "HEIMISH",
        "isPrimeEligible": "1"
    },
    {
        "ASIN": "B0B3R661JP",
        "title": "[Beauty of Joseon] Radiance Cleansing Balm (100ml, 3.38 fl.oz)",
        "price": "$17.10 ($5.06 / Ounce)",
        "listPrice": "$19.00 ($5.62 / Ounce)",
        "imageUrl": "https://m.media-amazon.com/images/I/21Pppxr2FgL._SL160_.jpg",
        "detailPageURL": "https://www.amazon.com/dp/B0B3R661JP",
        "rating": "4.6",
        "totalReviews": "302",
        "subtitle": "Beauty of Joseon",
        "isPrimeEligible": "1"
    },
    {
        "ASIN": "B015AMFK2K",
        "title": "Albolene Face Moisturizer and Makeup Remover, Facial Cleanser and Cleansing Balm, Fragrance Free Cream, 12 oz",
        "price": "$9.74 ($0.81 / Ounce)",
        "listPrice": "$12.69 ($1.06 / Ounce)",
        "imageUrl": "https://m.media-amazon.com/images/I/41GDa7zjX6L._SL160_.jpg",
        "detailPageURL": "https://www.amazon.com/dp/B015AMFK2K",
        "rating": "4.6",
        "totalReviews": "19824",
        "subtitle": "Albolene",
        "isPrimeEligible": "1"
    },
    {
        "ASIN": "B0B3KYTXNY",
        "title": "Neutrogena Makeup Melting Cleansing Balm, Face Cleansing Balm to Gently Melt Away Dirt, Oil, Makeup & Waterproof Mascara Leaving Skin Soft & Conditioned, Fragrance- & Paraben-Free, 2.6 oz",
        "price": "$9.94 ($3.82 / Ounce)",
        "listPrice": "$15.32 ($5.89 / Ounce)",
        "imageUrl": "https://m.media-amazon.com/images/I/31drPl-tnAL._SL160_.jpg",
        "detailPageURL": "https://www.amazon.com/dp/B0B3KYTXNY",
        "rating": "4.1",
        "totalReviews": "763",
        "subtitle": "Neutrogena",
        "isPrimeEligible": "1"
    },
    {
        "ASIN": "B07NFC77LL",
        "title": "Farmacy Natural Makeup Remover - Green Clean Makeup Meltaway Cleansing Balm Cosmetic - Travel Size 1.7 oz",
        "price": "$24.00 ($14.12 / Fl Oz)",
        "listPrice": "",
        "imageUrl": "https://m.media-amazon.com/images/I/41P4Y++82JL._SL160_.jpg",
        "detailPageURL": "https://www.amazon.com/dp/B07NFC77LL",
        "rating": "4.6",
        "totalReviews": "6570",
        "subtitle": "Farmacy",
        "isPrimeEligible": "1"
    },
    {
        "ASIN": "B08221J29Y",
        "title": "Neutrogena Makeup Remover Melting Balm to Oil with Vitamin E, Gentle and Nourishing Makeup Removing Balm for Eye, Lip, or Face Makeup, Travel-Friendly for On-the-Go, 2.0 ounces",
        "price": "$9.14 ($4.57 / Ounce)",
        "listPrice": "$14.49 ($7.24 / Ounce)",
        "imageUrl": "https://m.media-amazon.com/images/I/31DTKa7RI0L._SL160_.jpg",
        "detailPageURL": "https://www.amazon.com/dp/B08221J29Y",
        "rating": "4.5",
        "totalReviews": "5709",
        "subtitle": "Neutrogena",
        "isPrimeEligible": "1"
    },
    {
        "ASIN": "B08MJZYW8P",
        "title": "ELEMIS Pro-Collagen Cleansing , Ultra Nourishing Treatment Balm + Facial Mask Deeply Cleanses, Soothes, Calms & Removes Makeup and Impurities",
        "price": "$66.00 ($18.86 / Fl Oz)",
        "listPrice": "",
        "imageUrl": "https://m.media-amazon.com/images/I/41cjoerGscL._SL160_.jpg",
        "detailPageURL": "https://www.amazon.com/dp/B08MJZYW8P",
        "rating": "4.5",
        "totalReviews": "12878",
        "subtitle": "",
        "isPrimeEligible": "1"
    },
    {
        "ASIN": "B099RN4FCW",
        "title": "Pyunkang Yul Deep Clear Cleansing Balm Korean Makeup Remover All In One Face Wash, Removes Heavy Makeup Perfectly 100ml 3.38 Fl.oz.",
        "price": "$15.10",
        "listPrice": "$16.00",
        "imageUrl": "https://m.media-amazon.com/images/I/31a+82pBXpS._SL160_.jpg",
        "detailPageURL": "https://www.amazon.com/dp/B099RN4FCW",
        "rating": "4.7",
        "totalReviews": "650",
        "subtitle": "Pyunkang Yul",
        "isPrimeEligible": "1"
    },
    {
        "ASIN": "B08KH86JX5",
        "title": "Glow Recipe Papaya Sorbet Enzyme Cleansing Balm - Facial Exfoliator + Smoothing Makeup Remover - Skin Resurfacing Face Cleanser with Papaya Seed Oil, Blueberry Extract & Apricot Kernel Oil (100ml)",
        "price": "$32.00 ($9.41 / Fl Oz)",
        "listPrice": "",
        "imageUrl": "https://m.media-amazon.com/images/I/41c4ubod2jL._SL160_.jpg",
        "detailPageURL": "https://www.amazon.com/dp/B08KH86JX5",
        "rating": "4.6",
        "totalReviews": "838",
        "subtitle": "Glow Recipe",
        "isPrimeEligible": "1"
    },
    {
        "ASIN": "B08BNFVPH9",
        "title": "[heimish] All Clean Balm 1.7 fl.oz/50ml | Natural Facial Cleansing Balm with Aroma Oils | Double Cleanse for Sensitive Skin, Travel Size",
        "price": "$11.00 ($3.18 / Ounce)",
        "listPrice": "",
        "imageUrl": "https://m.media-amazon.com/images/I/31hpBwouz0L._SL160_.jpg",
        "detailPageURL": "https://www.amazon.com/dp/B08BNFVPH9",
        "rating": "4.5",
        "totalReviews": "821",
        "subtitle": "HEIMISH",
        "isPrimeEligible": "1"
    },
    {
        "ASIN": "B0CC6ZNKF3",
        "title": "TATCHA The Indigo Cleansing Balm | Gentle Moistuirizing Cleanser, Fragrance-Free, Buttery-Soft Balm that Melts to Gently Cleanse & Remove Makeup | 1.9 oz",
        "price": "$38.00 ($20.00 / Ounce)",
        "listPrice": "",
        "imageUrl": "https://m.media-amazon.com/images/I/31x9aG7YpML._SL160_.jpg",
        "detailPageURL": "https://www.amazon.com/dp/B0CC6ZNKF3",
        "rating": "4.8",
        "totalReviews": "24",
        "subtitle": "",
        "isPrimeEligible": "1"
    },
    {
        "ASIN": "B015AMFK2K",
        "title": "Albolene Face Moisturizer and Makeup Remover, Facial Cleanser and Cleansing Balm, Fragrance Free Cream, 12 oz",
        "price": "$9.74 ($0.81 / Ounce)",
        "listPrice": "$12.69 ($1.06 / Ounce)",
        "imageUrl": "https://m.media-amazon.com/images/I/41GDa7zjX6L._SL160_.jpg",
        "detailPageURL": "https://www.amazon.com/dp/B015AMFK2K",
        "rating": "4.6",
        "totalReviews": "19824",
        "subtitle": "Albolene",
        "isPrimeEligible": "1"
    },
    {
        "ASIN": "B0B3KYTXNY",
        "title": "Neutrogena Makeup Melting Cleansing Balm, Face Cleansing Balm to Gently Melt Away Dirt, Oil, Makeup & Waterproof Mascara Leaving Skin Soft & Conditioned, Fragrance- & Paraben-Free, 2.6 oz",
        "price": "$9.94 ($3.82 / Ounce)",
        "listPrice": "$15.32 ($5.89 / Ounce)",
        "imageUrl": "https://m.media-amazon.com/images/I/31drPl-tnAL._SL160_.jpg",
        "detailPageURL": "https://www.amazon.com/dp/B0B3KYTXNY",
        "rating": "4.1",
        "totalReviews": "763",
        "subtitle": "Neutrogena",
        "isPrimeEligible": "1"
    },
    {
        "ASIN": "B07NFC77LL",
        "title": "Farmacy Natural Makeup Remover - Green Clean Makeup Meltaway Cleansing Balm Cosmetic - Travel Size 1.7 oz",
        "price": "$24.00 ($14.12 / Fl Oz)",
        "listPrice": "",
        "imageUrl": "https://m.media-amazon.com/images/I/41P4Y++82JL._SL160_.jpg",
        "detailPageURL": "https://www.amazon.com/dp/B07NFC77LL",
        "rating": "4.6",
        "totalReviews": "6570",
        "subtitle": "Farmacy",
        "isPrimeEligible": "1"
    },
    {
        "ASIN": "B08221J29Y",
        "title": "Neutrogena Makeup Remover Melting Balm to Oil with Vitamin E, Gentle and Nourishing Makeup Removing Balm for Eye, Lip, or Face Makeup, Travel-Friendly for On-the-Go, 2.0 ounces",
        "price": "$9.14 ($4.57 / Ounce)",
        "listPrice": "$14.49 ($7.24 / Ounce)",
        "imageUrl": "https://m.media-amazon.com/images/I/31DTKa7RI0L._SL160_.jpg",
        "detailPageURL": "https://www.amazon.com/dp/B08221J29Y",
        "rating": "4.5",
        "totalReviews": "5709",
        "subtitle": "Neutrogena",
        "isPrimeEligible": "1"
    },
    {
        "ASIN": "B08MJZYW8P",
        "title": "ELEMIS Pro-Collagen Cleansing , Ultra Nourishing Treatment Balm + Facial Mask Deeply Cleanses, Soothes, Calms & Removes Makeup and Impurities",
        "price": "$66.00 ($18.86 / Fl Oz)",
        "listPrice": "",
        "imageUrl": "https://m.media-amazon.com/images/I/41cjoerGscL._SL160_.jpg",
        "detailPageURL": "https://www.amazon.com/dp/B08MJZYW8P",
        "rating": "4.5",
        "totalReviews": "12878",
        "subtitle": "",
        "isPrimeEligible": "1"
    },
    {
        "ASIN": "B099RN4FCW",
        "title": "Pyunkang Yul Deep Clear Cleansing Balm Korean Makeup Remover All In One Face Wash, Removes Heavy Makeup Perfectly 100ml 3.38 Fl.oz.",
        "price": "$15.10",
        "listPrice": "$16.00",
        "imageUrl": "https://m.media-amazon.com/images/I/31a+82pBXpS._SL160_.jpg",
        "detailPageURL": "https://www.amazon.com/dp/B099RN4FCW",
        "rating": "4.7",
        "totalReviews": "650",
        "subtitle": "Pyunkang Yul",
        "isPrimeEligible": "1"
    },
    {
        "ASIN": "B08KH86JX5",
        "title": "Glow Recipe Papaya Sorbet Enzyme Cleansing Balm - Facial Exfoliator + Smoothing Makeup Remover - Skin Resurfacing Face Cleanser with Papaya Seed Oil, Blueberry Extract & Apricot Kernel Oil (100ml)",
        "price": "$32.00 ($9.41 / Fl Oz)",
        "listPrice": "",
        "imageUrl": "https://m.media-amazon.com/images/I/41c4ubod2jL._SL160_.jpg",
        "detailPageURL": "https://www.amazon.com/dp/B08KH86JX5",
        "rating": "4.6",
        "totalReviews": "838",
        "subtitle": "Glow Recipe",
        "isPrimeEligible": "1"
    },
    {
        "ASIN": "B08BNFVPH9",
        "title": "[heimish] All Clean Balm 1.7 fl.oz/50ml | Natural Facial Cleansing Balm with Aroma Oils | Double Cleanse for Sensitive Skin, Travel Size",
        "price": "$11.00 ($3.18 / Ounce)",
        "listPrice": "",
        "imageUrl": "https://m.media-amazon.com/images/I/31hpBwouz0L._SL160_.jpg",
        "detailPageURL": "https://www.amazon.com/dp/B08BNFVPH9",
        "rating": "4.5",
        "totalReviews": "821",
        "subtitle": "HEIMISH",
        "isPrimeEligible": "1"
    },
    {
        "ASIN": "B0CC6ZNKF3",
        "title": "TATCHA The Indigo Cleansing Balm | Gentle Moistuirizing Cleanser, Fragrance-Free, Buttery-Soft Balm that Melts to Gently Cleanse & Remove Makeup | 1.9 oz",
        "price": "$38.00 ($20.00 / Ounce)",
        "listPrice": "",
        "imageUrl": "https://m.media-amazon.com/images/I/31x9aG7YpML._SL160_.jpg",
        "detailPageURL": "https://www.amazon.com/dp/B0CC6ZNKF3",
        "rating": "4.8",
        "totalReviews": "24",
        "subtitle": "",
        "isPrimeEligible": "1"
    },
    {
        "ASIN": "B0711QZ9CJ",
        "title": "Cleansing Balm (125 ml) Makeup Cleansing Balm - Makeup Remover Balm for All Skin Types to Gently Meltaway Mascara, Eyeliner and Makeup - Fragrance Free, Vegan, F-balm by Grace and Stella",
        "price": "$16.99 ($3.95 / Fl Oz)",
        "listPrice": "$28.00 ($6.51 / Fl Oz)",
        "imageUrl": "https://m.media-amazon.com/images/I/31PfJqPUopL._SL160_.jpg",
        "detailPageURL": "https://www.amazon.com/dp/B0711QZ9CJ",
        "rating": "4.5",
        "totalReviews": "1975",
        "subtitle": "Grace & Stella",
        "isPrimeEligible": "1"
    },
    {
        "ASIN": "B0B3KYTXNY",
        "title": "Neutrogena Makeup Melting Cleansing Balm, Face Cleansing Balm to Gently Melt Away Dirt, Oil, Makeup & Waterproof Mascara Leaving Skin Soft & Conditioned, Fragrance- & Paraben-Free, 2.6 oz",
        "price": "$9.94 ($3.82 / Ounce)",
        "listPrice": "$15.32 ($5.89 / Ounce)",
        "imageUrl": "https://m.media-amazon.com/images/I/31drPl-tnAL._SL160_.jpg",
        "detailPageURL": "https://www.amazon.com/dp/B0B3KYTXNY",
        "rating": "4.1",
        "totalReviews": "763",
        "subtitle": "Neutrogena",
        "isPrimeEligible": "1"
    },
    {
        "ASIN": "B07NFC77LL",
        "title": "Farmacy Natural Makeup Remover - Green Clean Makeup Meltaway Cleansing Balm Cosmetic - Travel Size 1.7 oz",
        "price": "$24.00 ($14.12 / Fl Oz)",
        "listPrice": "",
        "imageUrl": "https://m.media-amazon.com/images/I/41P4Y++82JL._SL160_.jpg",
        "detailPageURL": "https://www.amazon.com/dp/B07NFC77LL",
        "rating": "4.6",
        "totalReviews": "6570",
        "subtitle": "Farmacy",
        "isPrimeEligible": "1"
    },
    {
        "ASIN": "B08221J29Y",
        "title": "Neutrogena Makeup Remover Melting Balm to Oil with Vitamin E, Gentle and Nourishing Makeup Removing Balm for Eye, Lip, or Face Makeup, Travel-Friendly for On-the-Go, 2.0 ounces",
        "price": "$9.14 ($4.57 / Ounce)",
        "listPrice": "$14.49 ($7.24 / Ounce)",
        "imageUrl": "https://m.media-amazon.com/images/I/31DTKa7RI0L._SL160_.jpg",
        "detailPageURL": "https://www.amazon.com/dp/B08221J29Y",
        "rating": "4.5",
        "totalReviews": "5709",
        "subtitle": "Neutrogena",
        "isPrimeEligible": "1"
    },
    {
        "ASIN": "B08MJZYW8P",
        "title": "ELEMIS Pro-Collagen Cleansing , Ultra Nourishing Treatment Balm + Facial Mask Deeply Cleanses, Soothes, Calms & Removes Makeup and Impurities",
        "price": "$66.00 ($18.86 / Fl Oz)",
        "listPrice": "",
        "imageUrl": "https://m.media-amazon.com/images/I/41cjoerGscL._SL160_.jpg",
        "detailPageURL": "https://www.amazon.com/dp/B08MJZYW8P",
        "rating": "4.5",
        "totalReviews": "12878",
        "subtitle": "",
        "isPrimeEligible": "1"
    },
    {
        "ASIN": "B099RN4FCW",
        "title": "Pyunkang Yul Deep Clear Cleansing Balm Korean Makeup Remover All In One Face Wash, Removes Heavy Makeup Perfectly 100ml 3.38 Fl.oz.",
        "price": "$15.10",
        "listPrice": "$16.00",
        "imageUrl": "https://m.media-amazon.com/images/I/31a+82pBXpS._SL160_.jpg",
        "detailPageURL": "https://www.amazon.com/dp/B099RN4FCW",
        "rating": "4.7",
        "totalReviews": "650",
        "subtitle": "Pyunkang Yul",
        "isPrimeEligible": "1"
    },
    {
        "ASIN": "B08KH86JX5",
        "title": "Glow Recipe Papaya Sorbet Enzyme Cleansing Balm - Facial Exfoliator + Smoothing Makeup Remover - Skin Resurfacing Face Cleanser with Papaya Seed Oil, Blueberry Extract & Apricot Kernel Oil (100ml)",
        "price": "$32.00 ($9.41 / Fl Oz)",
        "listPrice": "",
        "imageUrl": "https://m.media-amazon.com/images/I/41c4ubod2jL._SL160_.jpg",
        "detailPageURL": "https://www.amazon.com/dp/B08KH86JX5",
        "rating": "4.6",
        "totalReviews": "838",
        "subtitle": "Glow Recipe",
        "isPrimeEligible": "1"
    },
    {
        "ASIN": "B08BNFVPH9",
        "title": "[heimish] All Clean Balm 1.7 fl.oz/50ml | Natural Facial Cleansing Balm with Aroma Oils | Double Cleanse for Sensitive Skin, Travel Size",
        "price": "$11.00 ($3.18 / Ounce)",
        "listPrice": "",
        "imageUrl": "https://m.media-amazon.com/images/I/31hpBwouz0L._SL160_.jpg",
        "detailPageURL": "https://www.amazon.com/dp/B08BNFVPH9",
        "rating": "4.5",
        "totalReviews": "821",
        "subtitle": "HEIMISH",
        "isPrimeEligible": "1"
    },
    {
        "ASIN": "B0CC6ZNKF3",
        "title": "TATCHA The Indigo Cleansing Balm | Gentle Moistuirizing Cleanser, Fragrance-Free, Buttery-Soft Balm that Melts to Gently Cleanse & Remove Makeup | 1.9 oz",
        "price": "$38.00 ($20.00 / Ounce)",
        "listPrice": "",
        "imageUrl": "https://m.media-amazon.com/images/I/31x9aG7YpML._SL160_.jpg",
        "detailPageURL": "https://www.amazon.com/dp/B0CC6ZNKF3",
        "rating": "4.8",
        "totalReviews": "24",
        "subtitle": "",
        "isPrimeEligible": "1"
    },
    {
        "ASIN": "B0711QZ9CJ",
        "title": "Cleansing Balm (125 ml) Makeup Cleansing Balm - Makeup Remover Balm for All Skin Types to Gently Meltaway Mascara, Eyeliner and Makeup - Fragrance Free, Vegan, F-balm by Grace and Stella",
        "price": "$16.99 ($3.95 / Fl Oz)",
        "listPrice": "$28.00 ($6.51 / Fl Oz)",
        "imageUrl": "https://m.media-amazon.com/images/I/31PfJqPUopL._SL160_.jpg",
        "detailPageURL": "https://www.amazon.com/dp/B0711QZ9CJ",
        "rating": "4.5",
        "totalReviews": "1975",
        "subtitle": "Grace & Stella",
        "isPrimeEligible": "1"
    },
    {
        "ASIN": "B08ZC7JW3Z",
        "title": "Paula's Choice Omega Complex Cleansing Balm, Double Cleanse Face Wash & Daily Makeup Remover, Suitable for Dry & Sensitive Skin, Mineral Oil-Free, Paraben-Free & Fragrance-Free, 3.5 Fl Oz",
        "price": "$29.00 ($8.29 / Ounce)",
        "listPrice": "",
        "imageUrl": "https://m.media-amazon.com/images/I/315MAJuUn2L._SL160_.jpg",
        "detailPageURL": "https://www.amazon.com/dp/B08ZC7JW3Z",
        "rating": "4.6",
        "totalReviews": "470",
        "subtitle": "Paula's Choice",
        "isPrimeEligible": "1"
    },
    {
        "ASIN": "B07NFC77LL",
        "title": "Farmacy Natural Makeup Remover - Green Clean Makeup Meltaway Cleansing Balm Cosmetic - Travel Size 1.7 oz",
        "price": "$24.00 ($14.12 / Fl Oz)",
        "listPrice": "",
        "imageUrl": "https://m.media-amazon.com/images/I/41P4Y++82JL._SL160_.jpg",
        "detailPageURL": "https://www.amazon.com/dp/B07NFC77LL",
        "rating": "4.6",
        "totalReviews": "6570",
        "subtitle": "Farmacy",
        "isPrimeEligible": "1"
    },
    {
        "ASIN": "B08221J29Y",
        "title": "Neutrogena Makeup Remover Melting Balm to Oil with Vitamin E, Gentle and Nourishing Makeup Removing Balm for Eye, Lip, or Face Makeup, Travel-Friendly for On-the-Go, 2.0 ounces",
        "price": "$9.14 ($4.57 / Ounce)",
        "listPrice": "$14.49 ($7.24 / Ounce)",
        "imageUrl": "https://m.media-amazon.com/images/I/31DTKa7RI0L._SL160_.jpg",
        "detailPageURL": "https://www.amazon.com/dp/B08221J29Y",
        "rating": "4.5",
        "totalReviews": "5709",
        "subtitle": "Neutrogena",
        "isPrimeEligible": "1"
    },
    {
        "ASIN": "B08MJZYW8P",
        "title": "ELEMIS Pro-Collagen Cleansing , Ultra Nourishing Treatment Balm + Facial Mask Deeply Cleanses, Soothes, Calms & Removes Makeup and Impurities",
        "price": "$66.00 ($18.86 / Fl Oz)",
        "listPrice": "",
        "imageUrl": "https://m.media-amazon.com/images/I/41cjoerGscL._SL160_.jpg",
        "detailPageURL": "https://www.amazon.com/dp/B08MJZYW8P",
        "rating": "4.5",
        "totalReviews": "12878",
        "subtitle": "",
        "isPrimeEligible": "1"
    },
    {
        "ASIN": "B099RN4FCW",
        "title": "Pyunkang Yul Deep Clear Cleansing Balm Korean Makeup Remover All In One Face Wash, Removes Heavy Makeup Perfectly 100ml 3.38 Fl.oz.",
        "price": "$15.10",
        "listPrice": "$16.00",
        "imageUrl": "https://m.media-amazon.com/images/I/31a+82pBXpS._SL160_.jpg",
        "detailPageURL": "https://www.amazon.com/dp/B099RN4FCW",
        "rating": "4.7",
        "totalReviews": "650",
        "subtitle": "Pyunkang Yul",
        "isPrimeEligible": "1"
    },
    {
        "ASIN": "B08KH86JX5",
        "title": "Glow Recipe Papaya Sorbet Enzyme Cleansing Balm - Facial Exfoliator + Smoothing Makeup Remover - Skin Resurfacing Face Cleanser with Papaya Seed Oil, Blueberry Extract & Apricot Kernel Oil (100ml)",
        "price": "$32.00 ($9.41 / Fl Oz)",
        "listPrice": "",
        "imageUrl": "https://m.media-amazon.com/images/I/41c4ubod2jL._SL160_.jpg",
        "detailPageURL": "https://www.amazon.com/dp/B08KH86JX5",
        "rating": "4.6",
        "totalReviews": "838",
        "subtitle": "Glow Recipe",
        "isPrimeEligible": "1"
    },
    {
        "ASIN": "B08BNFVPH9",
        "title": "[heimish] All Clean Balm 1.7 fl.oz/50ml | Natural Facial Cleansing Balm with Aroma Oils | Double Cleanse for Sensitive Skin, Travel Size",
        "price": "$11.00 ($3.18 / Ounce)",
        "listPrice": "",
        "imageUrl": "https://m.media-amazon.com/images/I/31hpBwouz0L._SL160_.jpg",
        "detailPageURL": "https://www.amazon.com/dp/B08BNFVPH9",
        "rating": "4.5",
        "totalReviews": "821",
        "subtitle": "HEIMISH",
        "isPrimeEligible": "1"
    },
    {
        "ASIN": "B0CC6ZNKF3",
        "title": "TATCHA The Indigo Cleansing Balm | Gentle Moistuirizing Cleanser, Fragrance-Free, Buttery-Soft Balm that Melts to Gently Cleanse & Remove Makeup | 1.9 oz",
        "price": "$38.00 ($20.00 / Ounce)",
        "listPrice": "",
        "imageUrl": "https://m.media-amazon.com/images/I/31x9aG7YpML._SL160_.jpg",
        "detailPageURL": "https://www.amazon.com/dp/B0CC6ZNKF3",
        "rating": "4.8",
        "totalReviews": "24",
        "subtitle": "",
        "isPrimeEligible": "1"
    },
    {
        "ASIN": "B0711QZ9CJ",
        "title": "Cleansing Balm (125 ml) Makeup Cleansing Balm - Makeup Remover Balm for All Skin Types to Gently Meltaway Mascara, Eyeliner and Makeup - Fragrance Free, Vegan, F-balm by Grace and Stella",
        "price": "$16.99 ($3.95 / Fl Oz)",
        "listPrice": "$28.00 ($6.51 / Fl Oz)",
        "imageUrl": "https://m.media-amazon.com/images/I/31PfJqPUopL._SL160_.jpg",
        "detailPageURL": "https://www.amazon.com/dp/B0711QZ9CJ",
        "rating": "4.5",
        "totalReviews": "1975",
        "subtitle": "Grace & Stella",
        "isPrimeEligible": "1"
    },
    {
        "ASIN": "B08ZC7JW3Z",
        "title": "Paula's Choice Omega Complex Cleansing Balm, Double Cleanse Face Wash & Daily Makeup Remover, Suitable for Dry & Sensitive Skin, Mineral Oil-Free, Paraben-Free & Fragrance-Free, 3.5 Fl Oz",
        "price": "$29.00 ($8.29 / Ounce)",
        "listPrice": "",
        "imageUrl": "https://m.media-amazon.com/images/I/315MAJuUn2L._SL160_.jpg",
        "detailPageURL": "https://www.amazon.com/dp/B08ZC7JW3Z",
        "rating": "4.6",
        "totalReviews": "470",
        "subtitle": "Paula's Choice",
        "isPrimeEligible": "1"
    },
    {
        "ASIN": "B0C7SM1NBL",
        "title": "FREEMAN Restorative Makeup Remover + Cleansing Balm, Moisturizing & Conditioning, Coconut Oil & Vitamin E, Lightweight Formula Gently Removes Makeup & Cleanses Skin, 1.4 fl.oz./ 42 mL Jar",
        "price": "$7.18",
        "listPrice": "",
        "imageUrl": "https://m.media-amazon.com/images/I/51mqVsHKHSL._SL160_.jpg",
        "detailPageURL": "https://www.amazon.com/dp/B0C7SM1NBL",
        "rating": "4.5",
        "totalReviews": "23",
        "subtitle": "FREEMAN",
        "isPrimeEligible": "1"
    },
    {
        "ASIN": "B08221J29Y",
        "title": "Neutrogena Makeup Remover Melting Balm to Oil with Vitamin E, Gentle and Nourishing Makeup Removing Balm for Eye, Lip, or Face Makeup, Travel-Friendly for On-the-Go, 2.0 ounces",
        "price": "$9.14 ($4.57 / Ounce)",
        "listPrice": "$14.49 ($7.24 / Ounce)",
        "imageUrl": "https://m.media-amazon.com/images/I/31DTKa7RI0L._SL160_.jpg",
        "detailPageURL": "https://www.amazon.com/dp/B08221J29Y",
        "rating": "4.5",
        "totalReviews": "5709",
        "subtitle": "Neutrogena",
        "isPrimeEligible": "1"
    },
    {
        "ASIN": "B08MJZYW8P",
        "title": "ELEMIS Pro-Collagen Cleansing , Ultra Nourishing Treatment Balm + Facial Mask Deeply Cleanses, Soothes, Calms & Removes Makeup and Impurities",
        "price": "$66.00 ($18.86 / Fl Oz)",
        "listPrice": "",
        "imageUrl": "https://m.media-amazon.com/images/I/41cjoerGscL._SL160_.jpg",
        "detailPageURL": "https://www.amazon.com/dp/B08MJZYW8P",
        "rating": "4.5",
        "totalReviews": "12878",
        "subtitle": "",
        "isPrimeEligible": "1"
    },
    {
        "ASIN": "B099RN4FCW",
        "title": "Pyunkang Yul Deep Clear Cleansing Balm Korean Makeup Remover All In One Face Wash, Removes Heavy Makeup Perfectly 100ml 3.38 Fl.oz.",
        "price": "$15.10",
        "listPrice": "$16.00",
        "imageUrl": "https://m.media-amazon.com/images/I/31a+82pBXpS._SL160_.jpg",
        "detailPageURL": "https://www.amazon.com/dp/B099RN4FCW",
        "rating": "4.7",
        "totalReviews": "650",
        "subtitle": "Pyunkang Yul",
        "isPrimeEligible": "1"
    },
    {
        "ASIN": "B08KH86JX5",
        "title": "Glow Recipe Papaya Sorbet Enzyme Cleansing Balm - Facial Exfoliator + Smoothing Makeup Remover - Skin Resurfacing Face Cleanser with Papaya Seed Oil, Blueberry Extract & Apricot Kernel Oil (100ml)",
        "price": "$32.00 ($9.41 / Fl Oz)",
        "listPrice": "",
        "imageUrl": "https://m.media-amazon.com/images/I/41c4ubod2jL._SL160_.jpg",
        "detailPageURL": "https://www.amazon.com/dp/B08KH86JX5",
        "rating": "4.6",
        "totalReviews": "838",
        "subtitle": "Glow Recipe",
        "isPrimeEligible": "1"
    },
    {
        "ASIN": "B08BNFVPH9",
        "title": "[heimish] All Clean Balm 1.7 fl.oz/50ml | Natural Facial Cleansing Balm with Aroma Oils | Double Cleanse for Sensitive Skin, Travel Size",
        "price": "$11.00 ($3.18 / Ounce)",
        "listPrice": "",
        "imageUrl": "https://m.media-amazon.com/images/I/31hpBwouz0L._SL160_.jpg",
        "detailPageURL": "https://www.amazon.com/dp/B08BNFVPH9",
        "rating": "4.5",
        "totalReviews": "821",
        "subtitle": "HEIMISH",
        "isPrimeEligible": "1"
    },
    {
        "ASIN": "B0CC6ZNKF3",
        "title": "TATCHA The Indigo Cleansing Balm | Gentle Moistuirizing Cleanser, Fragrance-Free, Buttery-Soft Balm that Melts to Gently Cleanse & Remove Makeup | 1.9 oz",
        "price": "$38.00 ($20.00 / Ounce)",
        "listPrice": "",
        "imageUrl": "https://m.media-amazon.com/images/I/31x9aG7YpML._SL160_.jpg",
        "detailPageURL": "https://www.amazon.com/dp/B0CC6ZNKF3",
        "rating": "4.8",
        "totalReviews": "24",
        "subtitle": "",
        "isPrimeEligible": "1"
    },
    {
        "ASIN": "B0711QZ9CJ",
        "title": "Cleansing Balm (125 ml) Makeup Cleansing Balm - Makeup Remover Balm for All Skin Types to Gently Meltaway Mascara, Eyeliner and Makeup - Fragrance Free, Vegan, F-balm by Grace and Stella",
        "price": "$16.99 ($3.95 / Fl Oz)",
        "listPrice": "$28.00 ($6.51 / Fl Oz)",
        "imageUrl": "https://m.media-amazon.com/images/I/31PfJqPUopL._SL160_.jpg",
        "detailPageURL": "https://www.amazon.com/dp/B0711QZ9CJ",
        "rating": "4.5",
        "totalReviews": "1975",
        "subtitle": "Grace & Stella",
        "isPrimeEligible": "1"
    },
    {
        "ASIN": "B08ZC7JW3Z",
        "title": "Paula's Choice Omega Complex Cleansing Balm, Double Cleanse Face Wash & Daily Makeup Remover, Suitable for Dry & Sensitive Skin, Mineral Oil-Free, Paraben-Free & Fragrance-Free, 3.5 Fl Oz",
        "price": "$29.00 ($8.29 / Ounce)",
        "listPrice": "",
        "imageUrl": "https://m.media-amazon.com/images/I/315MAJuUn2L._SL160_.jpg",
        "detailPageURL": "https://www.amazon.com/dp/B08ZC7JW3Z",
        "rating": "4.6",
        "totalReviews": "470",
        "subtitle": "Paula's Choice",
        "isPrimeEligible": "1"
    },
    {
        "ASIN": "B0C7SM1NBL",
        "title": "FREEMAN Restorative Makeup Remover + Cleansing Balm, Moisturizing & Conditioning, Coconut Oil & Vitamin E, Lightweight Formula Gently Removes Makeup & Cleanses Skin, 1.4 fl.oz./ 42 mL Jar",
        "price": "$7.18",
        "listPrice": "",
        "imageUrl": "https://m.media-amazon.com/images/I/51mqVsHKHSL._SL160_.jpg",
        "detailPageURL": "https://www.amazon.com/dp/B0C7SM1NBL",
        "rating": "4.5",
        "totalReviews": "23",
        "subtitle": "FREEMAN",
        "isPrimeEligible": "1"
    },
    {
        "ASIN": "B0BG21WM6R",
        "title": "Aprilskin Carrotene IPMP\u2122 Hydromelt Cleansing Balm| Vegan, Cruelty-Free | Non-comedogenic, acne-friendly, moisturizing finish | 3.04 fl.oz. (Spatula included)",
        "price": "$32.00 ($10.53 / Fl Oz)",
        "listPrice": "",
        "imageUrl": "https://m.media-amazon.com/images/I/41zrzVRUV0L._SL160_.jpg",
        "detailPageURL": "https://www.amazon.com/dp/B0BG21WM6R",
        "rating": "4.2",
        "totalReviews": "93",
        "subtitle": "Aprilskin",
        "isPrimeEligible": "1"
    },
    {
        "ASIN": "B08MJZYW8P",
        "title": "ELEMIS Pro-Collagen Cleansing , Ultra Nourishing Treatment Balm + Facial Mask Deeply Cleanses, Soothes, Calms & Removes Makeup and Impurities",
        "price": "$66.00 ($18.86 / Fl Oz)",
        "listPrice": "",
        "imageUrl": "https://m.media-amazon.com/images/I/41cjoerGscL._SL160_.jpg",
        "detailPageURL": "https://www.amazon.com/dp/B08MJZYW8P",
        "rating": "4.5",
        "totalReviews": "12878",
        "subtitle": "",
        "isPrimeEligible": "1"
    },
    {
        "ASIN": "B099RN4FCW",
        "title": "Pyunkang Yul Deep Clear Cleansing Balm Korean Makeup Remover All In One Face Wash, Removes Heavy Makeup Perfectly 100ml 3.38 Fl.oz.",
        "price": "$15.10",
        "listPrice": "$16.00",
        "imageUrl": "https://m.media-amazon.com/images/I/31a+82pBXpS._SL160_.jpg",
        "detailPageURL": "https://www.amazon.com/dp/B099RN4FCW",
        "rating": "4.7",
        "totalReviews": "650",
        "subtitle": "Pyunkang Yul",
        "isPrimeEligible": "1"
    },
    {
        "ASIN": "B08KH86JX5",
        "title": "Glow Recipe Papaya Sorbet Enzyme Cleansing Balm - Facial Exfoliator + Smoothing Makeup Remover - Skin Resurfacing Face Cleanser with Papaya Seed Oil, Blueberry Extract & Apricot Kernel Oil (100ml)",
        "price": "$32.00 ($9.41 / Fl Oz)",
        "listPrice": "",
        "imageUrl": "https://m.media-amazon.com/images/I/41c4ubod2jL._SL160_.jpg",
        "detailPageURL": "https://www.amazon.com/dp/B08KH86JX5",
        "rating": "4.6",
        "totalReviews": "838",
        "subtitle": "Glow Recipe",
        "isPrimeEligible": "1"
    },
    {
        "ASIN": "B08BNFVPH9",
        "title": "[heimish] All Clean Balm 1.7 fl.oz/50ml | Natural Facial Cleansing Balm with Aroma Oils | Double Cleanse for Sensitive Skin, Travel Size",
        "price": "$11.00 ($3.18 / Ounce)",
        "listPrice": "",
        "imageUrl": "https://m.media-amazon.com/images/I/31hpBwouz0L._SL160_.jpg",
        "detailPageURL": "https://www.amazon.com/dp/B08BNFVPH9",
        "rating": "4.5",
        "totalReviews": "821",
        "subtitle": "HEIMISH",
        "isPrimeEligible": "1"
    },
    {
        "ASIN": "B0CC6ZNKF3",
        "title": "TATCHA The Indigo Cleansing Balm | Gentle Moistuirizing Cleanser, Fragrance-Free, Buttery-Soft Balm that Melts to Gently Cleanse & Remove Makeup | 1.9 oz",
        "price": "$38.00 ($20.00 / Ounce)",
        "listPrice": "",
        "imageUrl": "https://m.media-amazon.com/images/I/31x9aG7YpML._SL160_.jpg",
        "detailPageURL": "https://www.amazon.com/dp/B0CC6ZNKF3",
        "rating": "4.8",
        "totalReviews": "24",
        "subtitle": "",
        "isPrimeEligible": "1"
    },
    {
        "ASIN": "B0711QZ9CJ",
        "title": "Cleansing Balm (125 ml) Makeup Cleansing Balm - Makeup Remover Balm for All Skin Types to Gently Meltaway Mascara, Eyeliner and Makeup - Fragrance Free, Vegan, F-balm by Grace and Stella",
        "price": "$16.99 ($3.95 / Fl Oz)",
        "listPrice": "$28.00 ($6.51 / Fl Oz)",
        "imageUrl": "https://m.media-amazon.com/images/I/31PfJqPUopL._SL160_.jpg",
        "detailPageURL": "https://www.amazon.com/dp/B0711QZ9CJ",
        "rating": "4.5",
        "totalReviews": "1975",
        "subtitle": "Grace & Stella",
        "isPrimeEligible": "1"
    },
    {
        "ASIN": "B08ZC7JW3Z",
        "title": "Paula's Choice Omega Complex Cleansing Balm, Double Cleanse Face Wash & Daily Makeup Remover, Suitable for Dry & Sensitive Skin, Mineral Oil-Free, Paraben-Free & Fragrance-Free, 3.5 Fl Oz",
        "price": "$29.00 ($8.29 / Ounce)",
        "listPrice": "",
        "imageUrl": "https://m.media-amazon.com/images/I/315MAJuUn2L._SL160_.jpg",
        "detailPageURL": "https://www.amazon.com/dp/B08ZC7JW3Z",
        "rating": "4.6",
        "totalReviews": "470",
        "subtitle": "Paula's Choice",
        "isPrimeEligible": "1"
    },
    {
        "ASIN": "B0C7SM1NBL",
        "title": "FREEMAN Restorative Makeup Remover + Cleansing Balm, Moisturizing & Conditioning, Coconut Oil & Vitamin E, Lightweight Formula Gently Removes Makeup & Cleanses Skin, 1.4 fl.oz./ 42 mL Jar",
        "price": "$7.18",
        "listPrice": "",
        "imageUrl": "https://m.media-amazon.com/images/I/51mqVsHKHSL._SL160_.jpg",
        "detailPageURL": "https://www.amazon.com/dp/B0C7SM1NBL",
        "rating": "4.5",
        "totalReviews": "23",
        "subtitle": "FREEMAN",
        "isPrimeEligible": "1"
    },
    {
        "ASIN": "B0BG21WM6R",
        "title": "Aprilskin Carrotene IPMP\u2122 Hydromelt Cleansing Balm| Vegan, Cruelty-Free | Non-comedogenic, acne-friendly, moisturizing finish | 3.04 fl.oz. (Spatula included)",
        "price": "$32.00 ($10.53 / Fl Oz)",
        "listPrice": "",
        "imageUrl": "https://m.media-amazon.com/images/I/41zrzVRUV0L._SL160_.jpg",
        "detailPageURL": "https://www.amazon.com/dp/B0BG21WM6R",
        "rating": "4.2",
        "totalReviews": "93",
        "subtitle": "Aprilskin",
        "isPrimeEligible": "1"
    },
    {
        "ASIN": "B089QVNHKK",
        "title": "BANILA CO Clean It Zero Pore Clarifying Cleansing Balm: Makeup Remover, Balm to Oil, Double Cleanse, Acne Face Wash,100ml",
        "price": "$21.95 ($6.46 / Ounce)",
        "listPrice": "",
        "imageUrl": "https://m.media-amazon.com/images/I/31pNwvU+8iL._SL160_.jpg",
        "detailPageURL": "https://www.amazon.com/dp/B089QVNHKK",
        "rating": "4.4",
        "totalReviews": "442",
        "subtitle": "BANILA CO",
        "isPrimeEligible": "1"
    },
    {
        "ASIN": "B099RN4FCW",
        "title": "Pyunkang Yul Deep Clear Cleansing Balm Korean Makeup Remover All In One Face Wash, Removes Heavy Makeup Perfectly 100ml 3.38 Fl.oz.",
        "price": "$15.10",
        "listPrice": "$16.00",
        "imageUrl": "https://m.media-amazon.com/images/I/31a+82pBXpS._SL160_.jpg",
        "detailPageURL": "https://www.amazon.com/dp/B099RN4FCW",
        "rating": "4.7",
        "totalReviews": "650",
        "subtitle": "Pyunkang Yul",
        "isPrimeEligible": "1"
    },
    {
        "ASIN": "B08KH86JX5",
        "title": "Glow Recipe Papaya Sorbet Enzyme Cleansing Balm - Facial Exfoliator + Smoothing Makeup Remover - Skin Resurfacing Face Cleanser with Papaya Seed Oil, Blueberry Extract & Apricot Kernel Oil (100ml)",
        "price": "$32.00 ($9.41 / Fl Oz)",
        "listPrice": "",
        "imageUrl": "https://m.media-amazon.com/images/I/41c4ubod2jL._SL160_.jpg",
        "detailPageURL": "https://www.amazon.com/dp/B08KH86JX5",
        "rating": "4.6",
        "totalReviews": "838",
        "subtitle": "Glow Recipe",
        "isPrimeEligible": "1"
    },
    {
        "ASIN": "B08BNFVPH9",
        "title": "[heimish] All Clean Balm 1.7 fl.oz/50ml | Natural Facial Cleansing Balm with Aroma Oils | Double Cleanse for Sensitive Skin, Travel Size",
        "price": "$11.00 ($3.18 / Ounce)",
        "listPrice": "",
        "imageUrl": "https://m.media-amazon.com/images/I/31hpBwouz0L._SL160_.jpg",
        "detailPageURL": "https://www.amazon.com/dp/B08BNFVPH9",
        "rating": "4.5",
        "totalReviews": "821",
        "subtitle": "HEIMISH",
        "isPrimeEligible": "1"
    },
    {
        "ASIN": "B0CC6ZNKF3",
        "title": "TATCHA The Indigo Cleansing Balm | Gentle Moistuirizing Cleanser, Fragrance-Free, Buttery-Soft Balm that Melts to Gently Cleanse & Remove Makeup | 1.9 oz",
        "price": "$38.00 ($20.00 / Ounce)",
        "listPrice": "",
        "imageUrl": "https://m.media-amazon.com/images/I/31x9aG7YpML._SL160_.jpg",
        "detailPageURL": "https://www.amazon.com/dp/B0CC6ZNKF3",
        "rating": "4.8",
        "totalReviews": "24",
        "subtitle": "",
        "isPrimeEligible": "1"
    },
    {
        "ASIN": "B0711QZ9CJ",
        "title": "Cleansing Balm (125 ml) Makeup Cleansing Balm - Makeup Remover Balm for All Skin Types to Gently Meltaway Mascara, Eyeliner and Makeup - Fragrance Free, Vegan, F-balm by Grace and Stella",
        "price": "$16.99 ($3.95 / Fl Oz)",
        "listPrice": "$28.00 ($6.51 / Fl Oz)",
        "imageUrl": "https://m.media-amazon.com/images/I/31PfJqPUopL._SL160_.jpg",
        "detailPageURL": "https://www.amazon.com/dp/B0711QZ9CJ",
        "rating": "4.5",
        "totalReviews": "1975",
        "subtitle": "Grace & Stella",
        "isPrimeEligible": "1"
    },
    {
        "ASIN": "B08ZC7JW3Z",
        "title": "Paula's Choice Omega Complex Cleansing Balm, Double Cleanse Face Wash & Daily Makeup Remover, Suitable for Dry & Sensitive Skin, Mineral Oil-Free, Paraben-Free & Fragrance-Free, 3.5 Fl Oz",
        "price": "$29.00 ($8.29 / Ounce)",
        "listPrice": "",
        "imageUrl": "https://m.media-amazon.com/images/I/315MAJuUn2L._SL160_.jpg",
        "detailPageURL": "https://www.amazon.com/dp/B08ZC7JW3Z",
        "rating": "4.6",
        "totalReviews": "470",
        "subtitle": "Paula's Choice",
        "isPrimeEligible": "1"
    },
    {
        "ASIN": "B0C7SM1NBL",
        "title": "FREEMAN Restorative Makeup Remover + Cleansing Balm, Moisturizing & Conditioning, Coconut Oil & Vitamin E, Lightweight Formula Gently Removes Makeup & Cleanses Skin, 1.4 fl.oz./ 42 mL Jar",
        "price": "$7.18",
        "listPrice": "",
        "imageUrl": "https://m.media-amazon.com/images/I/51mqVsHKHSL._SL160_.jpg",
        "detailPageURL": "https://www.amazon.com/dp/B0C7SM1NBL",
        "rating": "4.5",
        "totalReviews": "23",
        "subtitle": "FREEMAN",
        "isPrimeEligible": "1"
    },
    {
        "ASIN": "B0BG21WM6R",
        "title": "Aprilskin Carrotene IPMP\u2122 Hydromelt Cleansing Balm| Vegan, Cruelty-Free | Non-comedogenic, acne-friendly, moisturizing finish | 3.04 fl.oz. (Spatula included)",
        "price": "$32.00 ($10.53 / Fl Oz)",
        "listPrice": "",
        "imageUrl": "https://m.media-amazon.com/images/I/41zrzVRUV0L._SL160_.jpg",
        "detailPageURL": "https://www.amazon.com/dp/B0BG21WM6R",
        "rating": "4.2",
        "totalReviews": "93",
        "subtitle": "Aprilskin",
        "isPrimeEligible": "1"
    },
    {
        "ASIN": "B089QVNHKK",
        "title": "BANILA CO Clean It Zero Pore Clarifying Cleansing Balm: Makeup Remover, Balm to Oil, Double Cleanse, Acne Face Wash,100ml",
        "price": "$21.95 ($6.46 / Ounce)",
        "listPrice": "",
        "imageUrl": "https://m.media-amazon.com/images/I/31pNwvU+8iL._SL160_.jpg",
        "detailPageURL": "https://www.amazon.com/dp/B089QVNHKK",
        "rating": "4.4",
        "totalReviews": "442",
        "subtitle": "BANILA CO",
        "isPrimeEligible": "1"
    },
    {
        "ASIN": "B07BSS9PKB",
        "title": "BANILA CO Clean It Zero Revitalizing Cleansing Balm Makeup Remover & Face Cleanser, Double Cleanse, Balm To Oil, Face Wash,Dull Skin, 100ml",
        "price": "$21.95 ($6.46 / Fl Oz)",
        "listPrice": "$24.00 ($7.06 / Fl Oz)",
        "imageUrl": "https://m.media-amazon.com/images/I/41K5diYBTzL._SL160_.jpg",
        "detailPageURL": "https://www.amazon.com/dp/B07BSS9PKB",
        "rating": "4.7",
        "totalReviews": "1313",
        "subtitle": "BANILA CO",
        "isPrimeEligible": "1"
    },
    {
        "ASIN": "B08KH86JX5",
        "title": "Glow Recipe Papaya Sorbet Enzyme Cleansing Balm - Facial Exfoliator + Smoothing Makeup Remover - Skin Resurfacing Face Cleanser with Papaya Seed Oil, Blueberry Extract & Apricot Kernel Oil (100ml)",
        "price": "$32.00 ($9.41 / Fl Oz)",
        "listPrice": "",
        "imageUrl": "https://m.media-amazon.com/images/I/41c4ubod2jL._SL160_.jpg",
        "detailPageURL": "https://www.amazon.com/dp/B08KH86JX5",
        "rating": "4.6",
        "totalReviews": "838",
        "subtitle": "Glow Recipe",
        "isPrimeEligible": "1"
    },
    {
        "ASIN": "B08BNFVPH9",
        "title": "[heimish] All Clean Balm 1.7 fl.oz/50ml | Natural Facial Cleansing Balm with Aroma Oils | Double Cleanse for Sensitive Skin, Travel Size",
        "price": "$11.00 ($3.18 / Ounce)",
        "listPrice": "",
        "imageUrl": "https://m.media-amazon.com/images/I/31hpBwouz0L._SL160_.jpg",
        "detailPageURL": "https://www.amazon.com/dp/B08BNFVPH9",
        "rating": "4.5",
        "totalReviews": "821",
        "subtitle": "HEIMISH",
        "isPrimeEligible": "1"
    },
    {
        "ASIN": "B0CC6ZNKF3",
        "title": "TATCHA The Indigo Cleansing Balm | Gentle Moistuirizing Cleanser, Fragrance-Free, Buttery-Soft Balm that Melts to Gently Cleanse & Remove Makeup | 1.9 oz",
        "price": "$38.00 ($20.00 / Ounce)",
        "listPrice": "",
        "imageUrl": "https://m.media-amazon.com/images/I/31x9aG7YpML._SL160_.jpg",
        "detailPageURL": "https://www.amazon.com/dp/B0CC6ZNKF3",
        "rating": "4.8",
        "totalReviews": "24",
        "subtitle": "",
        "isPrimeEligible": "1"
    },
    {
        "ASIN": "B0711QZ9CJ",
        "title": "Cleansing Balm (125 ml) Makeup Cleansing Balm - Makeup Remover Balm for All Skin Types to Gently Meltaway Mascara, Eyeliner and Makeup - Fragrance Free, Vegan, F-balm by Grace and Stella",
        "price": "$16.99 ($3.95 / Fl Oz)",
        "listPrice": "$28.00 ($6.51 / Fl Oz)",
        "imageUrl": "https://m.media-amazon.com/images/I/31PfJqPUopL._SL160_.jpg",
        "detailPageURL": "https://www.amazon.com/dp/B0711QZ9CJ",
        "rating": "4.5",
        "totalReviews": "1975",
        "subtitle": "Grace & Stella",
        "isPrimeEligible": "1"
    },
    {
        "ASIN": "B08ZC7JW3Z",
        "title": "Paula's Choice Omega Complex Cleansing Balm, Double Cleanse Face Wash & Daily Makeup Remover, Suitable for Dry & Sensitive Skin, Mineral Oil-Free, Paraben-Free & Fragrance-Free, 3.5 Fl Oz",
        "price": "$29.00 ($8.29 / Ounce)",
        "listPrice": "",
        "imageUrl": "https://m.media-amazon.com/images/I/315MAJuUn2L._SL160_.jpg",
        "detailPageURL": "https://www.amazon.com/dp/B08ZC7JW3Z",
        "rating": "4.6",
        "totalReviews": "470",
        "subtitle": "Paula's Choice",
        "isPrimeEligible": "1"
    },
    {
        "ASIN": "B0C7SM1NBL",
        "title": "FREEMAN Restorative Makeup Remover + Cleansing Balm, Moisturizing & Conditioning, Coconut Oil & Vitamin E, Lightweight Formula Gently Removes Makeup & Cleanses Skin, 1.4 fl.oz./ 42 mL Jar",
        "price": "$7.18",
        "listPrice": "",
        "imageUrl": "https://m.media-amazon.com/images/I/51mqVsHKHSL._SL160_.jpg",
        "detailPageURL": "https://www.amazon.com/dp/B0C7SM1NBL",
        "rating": "4.5",
        "totalReviews": "23",
        "subtitle": "FREEMAN",
        "isPrimeEligible": "1"
    },
    {
        "ASIN": "B0BG21WM6R",
        "title": "Aprilskin Carrotene IPMP\u2122 Hydromelt Cleansing Balm| Vegan, Cruelty-Free | Non-comedogenic, acne-friendly, moisturizing finish | 3.04 fl.oz. (Spatula included)",
        "price": "$32.00 ($10.53 / Fl Oz)",
        "listPrice": "",
        "imageUrl": "https://m.media-amazon.com/images/I/41zrzVRUV0L._SL160_.jpg",
        "detailPageURL": "https://www.amazon.com/dp/B0BG21WM6R",
        "rating": "4.2",
        "totalReviews": "93",
        "subtitle": "Aprilskin",
        "isPrimeEligible": "1"
    },
    {
        "ASIN": "B089QVNHKK",
        "title": "BANILA CO Clean It Zero Pore Clarifying Cleansing Balm: Makeup Remover, Balm to Oil, Double Cleanse, Acne Face Wash,100ml",
        "price": "$21.95 ($6.46 / Ounce)",
        "listPrice": "",
        "imageUrl": "https://m.media-amazon.com/images/I/31pNwvU+8iL._SL160_.jpg",
        "detailPageURL": "https://www.amazon.com/dp/B089QVNHKK",
        "rating": "4.4",
        "totalReviews": "442",
        "subtitle": "BANILA CO",
        "isPrimeEligible": "1"
    },
    {
        "ASIN": "B07BSS9PKB",
        "title": "BANILA CO Clean It Zero Revitalizing Cleansing Balm Makeup Remover & Face Cleanser, Double Cleanse, Balm To Oil, Face Wash,Dull Skin, 100ml",
        "price": "$21.95 ($6.46 / Fl Oz)",
        "listPrice": "$24.00 ($7.06 / Fl Oz)",
        "imageUrl": "https://m.media-amazon.com/images/I/41K5diYBTzL._SL160_.jpg",
        "detailPageURL": "https://www.amazon.com/dp/B07BSS9PKB",
        "rating": "4.7",
        "totalReviews": "1313",
        "subtitle": "BANILA CO",
        "isPrimeEligible": "1"
    },
    {
        "ASIN": "B07953SZND",
        "title": "Palmer's Coconut Oil Formula, Coconut Monoi Facial Cleansing Balm and Makeup Remover, 2.25 Ounces",
        "price": "$8.99 ($4.00 / Ounce)",
        "listPrice": "",
        "imageUrl": "https://m.media-amazon.com/images/I/512v+zIWK9L._SL160_.jpg",
        "detailPageURL": "https://www.amazon.com/dp/B07953SZND",
        "rating": "4.5",
        "totalReviews": "964",
        "subtitle": "Palmer's",
        "isPrimeEligible": "1"
    },
    {
        "ASIN": "B08BNFVPH9",
        "title": "[heimish] All Clean Balm 1.7 fl.oz/50ml | Natural Facial Cleansing Balm with Aroma Oils | Double Cleanse for Sensitive Skin, Travel Size",
        "price": "$11.00 ($3.18 / Ounce)",
        "listPrice": "",
        "imageUrl": "https://m.media-amazon.com/images/I/31hpBwouz0L._SL160_.jpg",
        "detailPageURL": "https://www.amazon.com/dp/B08BNFVPH9",
        "rating": "4.5",
        "totalReviews": "821",
        "subtitle": "HEIMISH",
        "isPrimeEligible": "1"
    },
    {
        "ASIN": "B0CC6ZNKF3",
        "title": "TATCHA The Indigo Cleansing Balm | Gentle Moistuirizing Cleanser, Fragrance-Free, Buttery-Soft Balm that Melts to Gently Cleanse & Remove Makeup | 1.9 oz",
        "price": "$38.00 ($20.00 / Ounce)",
        "listPrice": "",
        "imageUrl": "https://m.media-amazon.com/images/I/31x9aG7YpML._SL160_.jpg",
        "detailPageURL": "https://www.amazon.com/dp/B0CC6ZNKF3",
        "rating": "4.8",
        "totalReviews": "24",
        "subtitle": "",
        "isPrimeEligible": "1"
    },
    {
        "ASIN": "B0711QZ9CJ",
        "title": "Cleansing Balm (125 ml) Makeup Cleansing Balm - Makeup Remover Balm for All Skin Types to Gently Meltaway Mascara, Eyeliner and Makeup - Fragrance Free, Vegan, F-balm by Grace and Stella",
        "price": "$16.99 ($3.95 / Fl Oz)",
        "listPrice": "$28.00 ($6.51 / Fl Oz)",
        "imageUrl": "https://m.media-amazon.com/images/I/31PfJqPUopL._SL160_.jpg",
        "detailPageURL": "https://www.amazon.com/dp/B0711QZ9CJ",
        "rating": "4.5",
        "totalReviews": "1975",
        "subtitle": "Grace & Stella",
        "isPrimeEligible": "1"
    },
    {
        "ASIN": "B08ZC7JW3Z",
        "title": "Paula's Choice Omega Complex Cleansing Balm, Double Cleanse Face Wash & Daily Makeup Remover, Suitable for Dry & Sensitive Skin, Mineral Oil-Free, Paraben-Free & Fragrance-Free, 3.5 Fl Oz",
        "price": "$29.00 ($8.29 / Ounce)",
        "listPrice": "",
        "imageUrl": "https://m.media-amazon.com/images/I/315MAJuUn2L._SL160_.jpg",
        "detailPageURL": "https://www.amazon.com/dp/B08ZC7JW3Z",
        "rating": "4.6",
        "totalReviews": "470",
        "subtitle": "Paula's Choice",
        "isPrimeEligible": "1"
    },
    {
        "ASIN": "B0C7SM1NBL",
        "title": "FREEMAN Restorative Makeup Remover + Cleansing Balm, Moisturizing & Conditioning, Coconut Oil & Vitamin E, Lightweight Formula Gently Removes Makeup & Cleanses Skin, 1.4 fl.oz./ 42 mL Jar",
        "price": "$7.18",
        "listPrice": "",
        "imageUrl": "https://m.media-amazon.com/images/I/51mqVsHKHSL._SL160_.jpg",
        "detailPageURL": "https://www.amazon.com/dp/B0C7SM1NBL",
        "rating": "4.5",
        "totalReviews": "23",
        "subtitle": "FREEMAN",
        "isPrimeEligible": "1"
    },
    {
        "ASIN": "B0BG21WM6R",
        "title": "Aprilskin Carrotene IPMP\u2122 Hydromelt Cleansing Balm| Vegan, Cruelty-Free | Non-comedogenic, acne-friendly, moisturizing finish | 3.04 fl.oz. (Spatula included)",
        "price": "$32.00 ($10.53 / Fl Oz)",
        "listPrice": "",
        "imageUrl": "https://m.media-amazon.com/images/I/41zrzVRUV0L._SL160_.jpg",
        "detailPageURL": "https://www.amazon.com/dp/B0BG21WM6R",
        "rating": "4.2",
        "totalReviews": "93",
        "subtitle": "Aprilskin",
        "isPrimeEligible": "1"
    },
    {
        "ASIN": "B089QVNHKK",
        "title": "BANILA CO Clean It Zero Pore Clarifying Cleansing Balm: Makeup Remover, Balm to Oil, Double Cleanse, Acne Face Wash,100ml",
        "price": "$21.95 ($6.46 / Ounce)",
        "listPrice": "",
        "imageUrl": "https://m.media-amazon.com/images/I/31pNwvU+8iL._SL160_.jpg",
        "detailPageURL": "https://www.amazon.com/dp/B089QVNHKK",
        "rating": "4.4",
        "totalReviews": "442",
        "subtitle": "BANILA CO",
        "isPrimeEligible": "1"
    },
    {
        "ASIN": "B07BSS9PKB",
        "title": "BANILA CO Clean It Zero Revitalizing Cleansing Balm Makeup Remover & Face Cleanser, Double Cleanse, Balm To Oil, Face Wash,Dull Skin, 100ml",
        "price": "$21.95 ($6.46 / Fl Oz)",
        "listPrice": "$24.00 ($7.06 / Fl Oz)",
        "imageUrl": "https://m.media-amazon.com/images/I/41K5diYBTzL._SL160_.jpg",
        "detailPageURL": "https://www.amazon.com/dp/B07BSS9PKB",
        "rating": "4.7",
        "totalReviews": "1313",
        "subtitle": "BANILA CO",
        "isPrimeEligible": "1"
    },
    {
        "ASIN": "B07953SZND",
        "title": "Palmer's Coconut Oil Formula, Coconut Monoi Facial Cleansing Balm and Makeup Remover, 2.25 Ounces",
        "price": "$8.99 ($4.00 / Ounce)",
        "listPrice": "",
        "imageUrl": "https://m.media-amazon.com/images/I/512v+zIWK9L._SL160_.jpg",
        "detailPageURL": "https://www.amazon.com/dp/B07953SZND",
        "rating": "4.5",
        "totalReviews": "964",
        "subtitle": "Palmer's",
        "isPrimeEligible": "1"
    },
    {
        "ASIN": "B09K1LRLRH",
        "title": "Farmacy Makeup Remover Cleansing Balm - Clearly Clean Fragrance-Free Makeup Melting Balm - Great Balm Cleanser for Sensitive Skin (3.4 Fl Oz)",
        "price": "$36.00 ($10.59 / Ounce)",
        "listPrice": "",
        "imageUrl": "https://m.media-amazon.com/images/I/41l7T2o4TkL._SL160_.jpg",
        "detailPageURL": "https://www.amazon.com/dp/B09K1LRLRH",
        "rating": "4.7",
        "totalReviews": "701",
        "subtitle": "Farmacy",
        "isPrimeEligible": "1"
    },
    {
        "ASIN": "B0CC6ZNKF3",
        "title": "TATCHA The Indigo Cleansing Balm | Gentle Moistuirizing Cleanser, Fragrance-Free, Buttery-Soft Balm that Melts to Gently Cleanse & Remove Makeup | 1.9 oz",
        "price": "$38.00 ($20.00 / Ounce)",
        "listPrice": "",
        "imageUrl": "https://m.media-amazon.com/images/I/31x9aG7YpML._SL160_.jpg",
        "detailPageURL": "https://www.amazon.com/dp/B0CC6ZNKF3",
        "rating": "4.8",
        "totalReviews": "24",
        "subtitle": "",
        "isPrimeEligible": "1"
    },
    {
        "ASIN": "B0711QZ9CJ",
        "title": "Cleansing Balm (125 ml) Makeup Cleansing Balm - Makeup Remover Balm for All Skin Types to Gently Meltaway Mascara, Eyeliner and Makeup - Fragrance Free, Vegan, F-balm by Grace and Stella",
        "price": "$16.99 ($3.95 / Fl Oz)",
        "listPrice": "$28.00 ($6.51 / Fl Oz)",
        "imageUrl": "https://m.media-amazon.com/images/I/31PfJqPUopL._SL160_.jpg",
        "detailPageURL": "https://www.amazon.com/dp/B0711QZ9CJ",
        "rating": "4.5",
        "totalReviews": "1975",
        "subtitle": "Grace & Stella",
        "isPrimeEligible": "1"
    },
    {
        "ASIN": "B08ZC7JW3Z",
        "title": "Paula's Choice Omega Complex Cleansing Balm, Double Cleanse Face Wash & Daily Makeup Remover, Suitable for Dry & Sensitive Skin, Mineral Oil-Free, Paraben-Free & Fragrance-Free, 3.5 Fl Oz",
        "price": "$29.00 ($8.29 / Ounce)",
        "listPrice": "",
        "imageUrl": "https://m.media-amazon.com/images/I/315MAJuUn2L._SL160_.jpg",
        "detailPageURL": "https://www.amazon.com/dp/B08ZC7JW3Z",
        "rating": "4.6",
        "totalReviews": "470",
        "subtitle": "Paula's Choice",
        "isPrimeEligible": "1"
    },
    {
        "ASIN": "B0C7SM1NBL",
        "title": "FREEMAN Restorative Makeup Remover + Cleansing Balm, Moisturizing & Conditioning, Coconut Oil & Vitamin E, Lightweight Formula Gently Removes Makeup & Cleanses Skin, 1.4 fl.oz./ 42 mL Jar",
        "price": "$7.18",
        "listPrice": "",
        "imageUrl": "https://m.media-amazon.com/images/I/51mqVsHKHSL._SL160_.jpg",
        "detailPageURL": "https://www.amazon.com/dp/B0C7SM1NBL",
        "rating": "4.5",
        "totalReviews": "23",
        "subtitle": "FREEMAN",
        "isPrimeEligible": "1"
    },
    {
        "ASIN": "B0BG21WM6R",
        "title": "Aprilskin Carrotene IPMP\u2122 Hydromelt Cleansing Balm| Vegan, Cruelty-Free | Non-comedogenic, acne-friendly, moisturizing finish | 3.04 fl.oz. (Spatula included)",
        "price": "$32.00 ($10.53 / Fl Oz)",
        "listPrice": "",
        "imageUrl": "https://m.media-amazon.com/images/I/41zrzVRUV0L._SL160_.jpg",
        "detailPageURL": "https://www.amazon.com/dp/B0BG21WM6R",
        "rating": "4.2",
        "totalReviews": "93",
        "subtitle": "Aprilskin",
        "isPrimeEligible": "1"
    },
    {
        "ASIN": "B089QVNHKK",
        "title": "BANILA CO Clean It Zero Pore Clarifying Cleansing Balm: Makeup Remover, Balm to Oil, Double Cleanse, Acne Face Wash,100ml",
        "price": "$21.95 ($6.46 / Ounce)",
        "listPrice": "",
        "imageUrl": "https://m.media-amazon.com/images/I/31pNwvU+8iL._SL160_.jpg",
        "detailPageURL": "https://www.amazon.com/dp/B089QVNHKK",
        "rating": "4.4",
        "totalReviews": "442",
        "subtitle": "BANILA CO",
        "isPrimeEligible": "1"
    },
    {
        "ASIN": "B07BSS9PKB",
        "title": "BANILA CO Clean It Zero Revitalizing Cleansing Balm Makeup Remover & Face Cleanser, Double Cleanse, Balm To Oil, Face Wash,Dull Skin, 100ml",
        "price": "$21.95 ($6.46 / Fl Oz)",
        "listPrice": "$24.00 ($7.06 / Fl Oz)",
        "imageUrl": "https://m.media-amazon.com/images/I/41K5diYBTzL._SL160_.jpg",
        "detailPageURL": "https://www.amazon.com/dp/B07BSS9PKB",
        "rating": "4.7",
        "totalReviews": "1313",
        "subtitle": "BANILA CO",
        "isPrimeEligible": "1"
    },
    {
        "ASIN": "B07953SZND",
        "title": "Palmer's Coconut Oil Formula, Coconut Monoi Facial Cleansing Balm and Makeup Remover, 2.25 Ounces",
        "price": "$8.99 ($4.00 / Ounce)",
        "listPrice": "",
        "imageUrl": "https://m.media-amazon.com/images/I/512v+zIWK9L._SL160_.jpg",
        "detailPageURL": "https://www.amazon.com/dp/B07953SZND",
        "rating": "4.5",
        "totalReviews": "964",
        "subtitle": "Palmer's",
        "isPrimeEligible": "1"
    },
    {
        "ASIN": "B09K1LRLRH",
        "title": "Farmacy Makeup Remover Cleansing Balm - Clearly Clean Fragrance-Free Makeup Melting Balm - Great Balm Cleanser for Sensitive Skin (3.4 Fl Oz)",
        "price": "$36.00 ($10.59 / Ounce)",
        "listPrice": "",
        "imageUrl": "https://m.media-amazon.com/images/I/41l7T2o4TkL._SL160_.jpg",
        "detailPageURL": "https://www.amazon.com/dp/B09K1LRLRH",
        "rating": "4.7",
        "totalReviews": "701",
        "subtitle": "Farmacy",
        "isPrimeEligible": "1"
    },
    {
        "ASIN": "B07PVDJWWC",
        "title": "Hanskin BHA Pore Cleansing Balm, Gentle Blackhead Cleanser and Makeup Remover for Combination and Oily Skin [BHA/2.82 oz]",
        "price": "$22.00 ($7.80 / Ounce)",
        "listPrice": "",
        "imageUrl": "https://m.media-amazon.com/images/I/41gFPeE+3eL._SL160_.jpg",
        "detailPageURL": "https://www.amazon.com/dp/B07PVDJWWC",
        "rating": "4.6",
        "totalReviews": "210",
        "subtitle": "Hanskin",
        "isPrimeEligible": "1"
    },
    {
        "ASIN": "B0711QZ9CJ",
        "title": "Cleansing Balm (125 ml) Makeup Cleansing Balm - Makeup Remover Balm for All Skin Types to Gently Meltaway Mascara, Eyeliner and Makeup - Fragrance Free, Vegan, F-balm by Grace and Stella",
        "price": "$16.99 ($3.95 / Fl Oz)",
        "listPrice": "$28.00 ($6.51 / Fl Oz)",
        "imageUrl": "https://m.media-amazon.com/images/I/31PfJqPUopL._SL160_.jpg",
        "detailPageURL": "https://www.amazon.com/dp/B0711QZ9CJ",
        "rating": "4.5",
        "totalReviews": "1975",
        "subtitle": "Grace & Stella",
        "isPrimeEligible": "1"
    },
    {
        "ASIN": "B08ZC7JW3Z",
        "title": "Paula's Choice Omega Complex Cleansing Balm, Double Cleanse Face Wash & Daily Makeup Remover, Suitable for Dry & Sensitive Skin, Mineral Oil-Free, Paraben-Free & Fragrance-Free, 3.5 Fl Oz",
        "price": "$29.00 ($8.29 / Ounce)",
        "listPrice": "",
        "imageUrl": "https://m.media-amazon.com/images/I/315MAJuUn2L._SL160_.jpg",
        "detailPageURL": "https://www.amazon.com/dp/B08ZC7JW3Z",
        "rating": "4.6",
        "totalReviews": "470",
        "subtitle": "Paula's Choice",
        "isPrimeEligible": "1"
    },
    {
        "ASIN": "B0C7SM1NBL",
        "title": "FREEMAN Restorative Makeup Remover + Cleansing Balm, Moisturizing & Conditioning, Coconut Oil & Vitamin E, Lightweight Formula Gently Removes Makeup & Cleanses Skin, 1.4 fl.oz./ 42 mL Jar",
        "price": "$7.18",
        "listPrice": "",
        "imageUrl": "https://m.media-amazon.com/images/I/51mqVsHKHSL._SL160_.jpg",
        "detailPageURL": "https://www.amazon.com/dp/B0C7SM1NBL",
        "rating": "4.5",
        "totalReviews": "23",
        "subtitle": "FREEMAN",
        "isPrimeEligible": "1"
    },
    {
        "ASIN": "B0BG21WM6R",
        "title": "Aprilskin Carrotene IPMP\u2122 Hydromelt Cleansing Balm| Vegan, Cruelty-Free | Non-comedogenic, acne-friendly, moisturizing finish | 3.04 fl.oz. (Spatula included)",
        "price": "$32.00 ($10.53 / Fl Oz)",
        "listPrice": "",
        "imageUrl": "https://m.media-amazon.com/images/I/41zrzVRUV0L._SL160_.jpg",
        "detailPageURL": "https://www.amazon.com/dp/B0BG21WM6R",
        "rating": "4.2",
        "totalReviews": "93",
        "subtitle": "Aprilskin",
        "isPrimeEligible": "1"
    },
    {
        "ASIN": "B089QVNHKK",
        "title": "BANILA CO Clean It Zero Pore Clarifying Cleansing Balm: Makeup Remover, Balm to Oil, Double Cleanse, Acne Face Wash,100ml",
        "price": "$21.95 ($6.46 / Ounce)",
        "listPrice": "",
        "imageUrl": "https://m.media-amazon.com/images/I/31pNwvU+8iL._SL160_.jpg",
        "detailPageURL": "https://www.amazon.com/dp/B089QVNHKK",
        "rating": "4.4",
        "totalReviews": "442",
        "subtitle": "BANILA CO",
        "isPrimeEligible": "1"
    },
    {
        "ASIN": "B07BSS9PKB",
        "title": "BANILA CO Clean It Zero Revitalizing Cleansing Balm Makeup Remover & Face Cleanser, Double Cleanse, Balm To Oil, Face Wash,Dull Skin, 100ml",
        "price": "$21.95 ($6.46 / Fl Oz)",
        "listPrice": "$24.00 ($7.06 / Fl Oz)",
        "imageUrl": "https://m.media-amazon.com/images/I/41K5diYBTzL._SL160_.jpg",
        "detailPageURL": "https://www.amazon.com/dp/B07BSS9PKB",
        "rating": "4.7",
        "totalReviews": "1313",
        "subtitle": "BANILA CO",
        "isPrimeEligible": "1"
    },
    {
        "ASIN": "B07953SZND",
        "title": "Palmer's Coconut Oil Formula, Coconut Monoi Facial Cleansing Balm and Makeup Remover, 2.25 Ounces",
        "price": "$8.99 ($4.00 / Ounce)",
        "listPrice": "",
        "imageUrl": "https://m.media-amazon.com/images/I/512v+zIWK9L._SL160_.jpg",
        "detailPageURL": "https://www.amazon.com/dp/B07953SZND",
        "rating": "4.5",
        "totalReviews": "964",
        "subtitle": "Palmer's",
        "isPrimeEligible": "1"
    },
    {
        "ASIN": "B09K1LRLRH",
        "title": "Farmacy Makeup Remover Cleansing Balm - Clearly Clean Fragrance-Free Makeup Melting Balm - Great Balm Cleanser for Sensitive Skin (3.4 Fl Oz)",
        "price": "$36.00 ($10.59 / Ounce)",
        "listPrice": "",
        "imageUrl": "https://m.media-amazon.com/images/I/41l7T2o4TkL._SL160_.jpg",
        "detailPageURL": "https://www.amazon.com/dp/B09K1LRLRH",
        "rating": "4.7",
        "totalReviews": "701",
        "subtitle": "Farmacy",
        "isPrimeEligible": "1"
    },
    {
        "ASIN": "B07PVDJWWC",
        "title": "Hanskin BHA Pore Cleansing Balm, Gentle Blackhead Cleanser and Makeup Remover for Combination and Oily Skin [BHA/2.82 oz]",
        "price": "$22.00 ($7.80 / Ounce)",
        "listPrice": "",
        "imageUrl": "https://m.media-amazon.com/images/I/41gFPeE+3eL._SL160_.jpg",
        "detailPageURL": "https://www.amazon.com/dp/B07PVDJWWC",
        "rating": "4.6",
        "totalReviews": "210",
        "subtitle": "Hanskin",
        "isPrimeEligible": "1"
    },
    {
        "ASIN": "B0B77QD7SN",
        "title": "DEEP HYDRATION Nourishing Cleansing Balm",
        "price": "$10.29 ($3.43 / Ounce)",
        "listPrice": "$15.99 ($5.33 / Ounce)",
        "imageUrl": "https://m.media-amazon.com/images/I/41zHvcg5qoL._SL160_.jpg",
        "detailPageURL": "https://www.amazon.com/dp/B0B77QD7SN",
        "rating": "4.2",
        "totalReviews": "233",
        "subtitle": "Andalou Naturals",
        "isPrimeEligible": "1"
    },
    {
        "ASIN": "B08ZC7JW3Z",
        "title": "Paula's Choice Omega Complex Cleansing Balm, Double Cleanse Face Wash & Daily Makeup Remover, Suitable for Dry & Sensitive Skin, Mineral Oil-Free, Paraben-Free & Fragrance-Free, 3.5 Fl Oz",
        "price": "$29.00 ($8.29 / Ounce)",
        "listPrice": "",
        "imageUrl": "https://m.media-amazon.com/images/I/315MAJuUn2L._SL160_.jpg",
        "detailPageURL": "https://www.amazon.com/dp/B08ZC7JW3Z",
        "rating": "4.6",
        "totalReviews": "470",
        "subtitle": "Paula's Choice",
        "isPrimeEligible": "1"
    },
    {
        "ASIN": "B0C7SM1NBL",
        "title": "FREEMAN Restorative Makeup Remover + Cleansing Balm, Moisturizing & Conditioning, Coconut Oil & Vitamin E, Lightweight Formula Gently Removes Makeup & Cleanses Skin, 1.4 fl.oz./ 42 mL Jar",
        "price": "$7.18",
        "listPrice": "",
        "imageUrl": "https://m.media-amazon.com/images/I/51mqVsHKHSL._SL160_.jpg",
        "detailPageURL": "https://www.amazon.com/dp/B0C7SM1NBL",
        "rating": "4.5",
        "totalReviews": "23",
        "subtitle": "FREEMAN",
        "isPrimeEligible": "1"
    },
    {
        "ASIN": "B0BG21WM6R",
        "title": "Aprilskin Carrotene IPMP\u2122 Hydromelt Cleansing Balm| Vegan, Cruelty-Free | Non-comedogenic, acne-friendly, moisturizing finish | 3.04 fl.oz. (Spatula included)",
        "price": "$32.00 ($10.53 / Fl Oz)",
        "listPrice": "",
        "imageUrl": "https://m.media-amazon.com/images/I/41zrzVRUV0L._SL160_.jpg",
        "detailPageURL": "https://www.amazon.com/dp/B0BG21WM6R",
        "rating": "4.2",
        "totalReviews": "93",
        "subtitle": "Aprilskin",
        "isPrimeEligible": "1"
    },
    {
        "ASIN": "B089QVNHKK",
        "title": "BANILA CO Clean It Zero Pore Clarifying Cleansing Balm: Makeup Remover, Balm to Oil, Double Cleanse, Acne Face Wash,100ml",
        "price": "$21.95 ($6.46 / Ounce)",
        "listPrice": "",
        "imageUrl": "https://m.media-amazon.com/images/I/31pNwvU+8iL._SL160_.jpg",
        "detailPageURL": "https://www.amazon.com/dp/B089QVNHKK",
        "rating": "4.4",
        "totalReviews": "442",
        "subtitle": "BANILA CO",
        "isPrimeEligible": "1"
    },
    {
        "ASIN": "B07BSS9PKB",
        "title": "BANILA CO Clean It Zero Revitalizing Cleansing Balm Makeup Remover & Face Cleanser, Double Cleanse, Balm To Oil, Face Wash,Dull Skin, 100ml",
        "price": "$21.95 ($6.46 / Fl Oz)",
        "listPrice": "$24.00 ($7.06 / Fl Oz)",
        "imageUrl": "https://m.media-amazon.com/images/I/41K5diYBTzL._SL160_.jpg",
        "detailPageURL": "https://www.amazon.com/dp/B07BSS9PKB",
        "rating": "4.7",
        "totalReviews": "1313",
        "subtitle": "BANILA CO",
        "isPrimeEligible": "1"
    },
    {
        "ASIN": "B07953SZND",
        "title": "Palmer's Coconut Oil Formula, Coconut Monoi Facial Cleansing Balm and Makeup Remover, 2.25 Ounces",
        "price": "$8.99 ($4.00 / Ounce)",
        "listPrice": "",
        "imageUrl": "https://m.media-amazon.com/images/I/512v+zIWK9L._SL160_.jpg",
        "detailPageURL": "https://www.amazon.com/dp/B07953SZND",
        "rating": "4.5",
        "totalReviews": "964",
        "subtitle": "Palmer's",
        "isPrimeEligible": "1"
    },
    {
        "ASIN": "B09K1LRLRH",
        "title": "Farmacy Makeup Remover Cleansing Balm - Clearly Clean Fragrance-Free Makeup Melting Balm - Great Balm Cleanser for Sensitive Skin (3.4 Fl Oz)",
        "price": "$36.00 ($10.59 / Ounce)",
        "listPrice": "",
        "imageUrl": "https://m.media-amazon.com/images/I/41l7T2o4TkL._SL160_.jpg",
        "detailPageURL": "https://www.amazon.com/dp/B09K1LRLRH",
        "rating": "4.7",
        "totalReviews": "701",
        "subtitle": "Farmacy",
        "isPrimeEligible": "1"
    },
    {
        "ASIN": "B07PVDJWWC",
        "title": "Hanskin BHA Pore Cleansing Balm, Gentle Blackhead Cleanser and Makeup Remover for Combination and Oily Skin [BHA/2.82 oz]",
        "price": "$22.00 ($7.80 / Ounce)",
        "listPrice": "",
        "imageUrl": "https://m.media-amazon.com/images/I/41gFPeE+3eL._SL160_.jpg",
        "detailPageURL": "https://www.amazon.com/dp/B07PVDJWWC",
        "rating": "4.6",
        "totalReviews": "210",
        "subtitle": "Hanskin",
        "isPrimeEligible": "1"
    },
    {
        "ASIN": "B0B77QD7SN",
        "title": "DEEP HYDRATION Nourishing Cleansing Balm",
        "price": "$10.29 ($3.43 / Ounce)",
        "listPrice": "$15.99 ($5.33 / Ounce)",
        "imageUrl": "https://m.media-amazon.com/images/I/41zHvcg5qoL._SL160_.jpg",
        "detailPageURL": "https://www.amazon.com/dp/B0B77QD7SN",
        "rating": "4.2",
        "totalReviews": "233",
        "subtitle": "Andalou Naturals",
        "isPrimeEligible": "1"
    },
    {
        "ASIN": "B09CTBGZ55",
        "title": "ROKKISS One-Step Cleansing Balm (5.1fl oz) - pH-Balanced Gentle Daily Facial Cleansing and Makeup Remover. Shea Butter, Grapefruit/Peach Extracts.",
        "price": "$15.99 ($3.15 / Ounce)",
        "listPrice": "$16.99 ($3.35 / Ounce)",
        "imageUrl": "https://m.media-amazon.com/images/I/41tuzLCCHcL._SL160_.jpg",
        "detailPageURL": "https://www.amazon.com/dp/B09CTBGZ55",
        "rating": "4.5",
        "totalReviews": "592",
        "subtitle": "ROKKISS",
        "isPrimeEligible": "1"
    },
    {
        "ASIN": "B0C7SM1NBL",
        "title": "FREEMAN Restorative Makeup Remover + Cleansing Balm, Moisturizing & Conditioning, Coconut Oil & Vitamin E, Lightweight Formula Gently Removes Makeup & Cleanses Skin, 1.4 fl.oz./ 42 mL Jar",
        "price": "$7.18",
        "listPrice": "",
        "imageUrl": "https://m.media-amazon.com/images/I/51mqVsHKHSL._SL160_.jpg",
        "detailPageURL": "https://www.amazon.com/dp/B0C7SM1NBL",
        "rating": "4.5",
        "totalReviews": "23",
        "subtitle": "FREEMAN",
        "isPrimeEligible": "1"
    },
    {
        "ASIN": "B0BG21WM6R",
        "title": "Aprilskin Carrotene IPMP\u2122 Hydromelt Cleansing Balm| Vegan, Cruelty-Free | Non-comedogenic, acne-friendly, moisturizing finish | 3.04 fl.oz. (Spatula included)",
        "price": "$32.00 ($10.53 / Fl Oz)",
        "listPrice": "",
        "imageUrl": "https://m.media-amazon.com/images/I/41zrzVRUV0L._SL160_.jpg",
        "detailPageURL": "https://www.amazon.com/dp/B0BG21WM6R",
        "rating": "4.2",
        "totalReviews": "93",
        "subtitle": "Aprilskin",
        "isPrimeEligible": "1"
    },
    {
        "ASIN": "B089QVNHKK",
        "title": "BANILA CO Clean It Zero Pore Clarifying Cleansing Balm: Makeup Remover, Balm to Oil, Double Cleanse, Acne Face Wash,100ml",
        "price": "$21.95 ($6.46 / Ounce)",
        "listPrice": "",
        "imageUrl": "https://m.media-amazon.com/images/I/31pNwvU+8iL._SL160_.jpg",
        "detailPageURL": "https://www.amazon.com/dp/B089QVNHKK",
        "rating": "4.4",
        "totalReviews": "442",
        "subtitle": "BANILA CO",
        "isPrimeEligible": "1"
    },
    {
        "ASIN": "B07BSS9PKB",
        "title": "BANILA CO Clean It Zero Revitalizing Cleansing Balm Makeup Remover & Face Cleanser, Double Cleanse, Balm To Oil, Face Wash,Dull Skin, 100ml",
        "price": "$21.95 ($6.46 / Fl Oz)",
        "listPrice": "$24.00 ($7.06 / Fl Oz)",
        "imageUrl": "https://m.media-amazon.com/images/I/41K5diYBTzL._SL160_.jpg",
        "detailPageURL": "https://www.amazon.com/dp/B07BSS9PKB",
        "rating": "4.7",
        "totalReviews": "1313",
        "subtitle": "BANILA CO",
        "isPrimeEligible": "1"
    },
    {
        "ASIN": "B07953SZND",
        "title": "Palmer's Coconut Oil Formula, Coconut Monoi Facial Cleansing Balm and Makeup Remover, 2.25 Ounces",
        "price": "$8.99 ($4.00 / Ounce)",
        "listPrice": "",
        "imageUrl": "https://m.media-amazon.com/images/I/512v+zIWK9L._SL160_.jpg",
        "detailPageURL": "https://www.amazon.com/dp/B07953SZND",
        "rating": "4.5",
        "totalReviews": "964",
        "subtitle": "Palmer's",
        "isPrimeEligible": "1"
    },
    {
        "ASIN": "B09K1LRLRH",
        "title": "Farmacy Makeup Remover Cleansing Balm - Clearly Clean Fragrance-Free Makeup Melting Balm - Great Balm Cleanser for Sensitive Skin (3.4 Fl Oz)",
        "price": "$36.00 ($10.59 / Ounce)",
        "listPrice": "",
        "imageUrl": "https://m.media-amazon.com/images/I/41l7T2o4TkL._SL160_.jpg",
        "detailPageURL": "https://www.amazon.com/dp/B09K1LRLRH",
        "rating": "4.7",
        "totalReviews": "701",
        "subtitle": "Farmacy",
        "isPrimeEligible": "1"
    },
    {
        "ASIN": "B07PVDJWWC",
        "title": "Hanskin BHA Pore Cleansing Balm, Gentle Blackhead Cleanser and Makeup Remover for Combination and Oily Skin [BHA/2.82 oz]",
        "price": "$22.00 ($7.80 / Ounce)",
        "listPrice": "",
        "imageUrl": "https://m.media-amazon.com/images/I/41gFPeE+3eL._SL160_.jpg",
        "detailPageURL": "https://www.amazon.com/dp/B07PVDJWWC",
        "rating": "4.6",
        "totalReviews": "210",
        "subtitle": "Hanskin",
        "isPrimeEligible": "1"
    },
    {
        "ASIN": "B0B77QD7SN",
        "title": "DEEP HYDRATION Nourishing Cleansing Balm",
        "price": "$10.29 ($3.43 / Ounce)",
        "listPrice": "$15.99 ($5.33 / Ounce)",
        "imageUrl": "https://m.media-amazon.com/images/I/41zHvcg5qoL._SL160_.jpg",
        "detailPageURL": "https://www.amazon.com/dp/B0B77QD7SN",
        "rating": "4.2",
        "totalReviews": "233",
        "subtitle": "Andalou Naturals",
        "isPrimeEligible": "1"
    },
    {
        "ASIN": "B09CTBGZ55",
        "title": "ROKKISS One-Step Cleansing Balm (5.1fl oz) - pH-Balanced Gentle Daily Facial Cleansing and Makeup Remover. Shea Butter, Grapefruit/Peach Extracts.",
        "price": "$15.99 ($3.15 / Ounce)",
        "listPrice": "$16.99 ($3.35 / Ounce)",
        "imageUrl": "https://m.media-amazon.com/images/I/41tuzLCCHcL._SL160_.jpg",
        "detailPageURL": "https://www.amazon.com/dp/B09CTBGZ55",
        "rating": "4.5",
        "totalReviews": "592",
        "subtitle": "ROKKISS",
        "isPrimeEligible": "1"
    },
    {
        "ASIN": "B0CB88MHM3",
        "title": "UCANBE Cleansing Balm Makeup Remover, Natural Gentle, Deep Cleaning, Makeup Cleansing Balm for Waterproof Eye Face Lip Makeup, 3.17oz, Made for All Skin Types",
        "price": "$13.99 ($4.41 / Fl Oz)",
        "listPrice": "$14.99 ($4.73 / Fl Oz)",
        "imageUrl": "https://m.media-amazon.com/images/I/31YdToDGHWL._SL160_.jpg",
        "detailPageURL": "https://www.amazon.com/dp/B0CB88MHM3",
        "rating": "4.5",
        "totalReviews": "24",
        "subtitle": "UCANBE",
        "isPrimeEligible": "1"
    },
    {
        "ASIN": "B0BG21WM6R",
        "title": "Aprilskin Carrotene IPMP\u2122 Hydromelt Cleansing Balm| Vegan, Cruelty-Free | Non-comedogenic, acne-friendly, moisturizing finish | 3.04 fl.oz. (Spatula included)",
        "price": "$32.00 ($10.53 / Fl Oz)",
        "listPrice": "",
        "imageUrl": "https://m.media-amazon.com/images/I/41zrzVRUV0L._SL160_.jpg",
        "detailPageURL": "https://www.amazon.com/dp/B0BG21WM6R",
        "rating": "4.2",
        "totalReviews": "93",
        "subtitle": "Aprilskin",
        "isPrimeEligible": "1"
    },
    {
        "ASIN": "B089QVNHKK",
        "title": "BANILA CO Clean It Zero Pore Clarifying Cleansing Balm: Makeup Remover, Balm to Oil, Double Cleanse, Acne Face Wash,100ml",
        "price": "$21.95 ($6.46 / Ounce)",
        "listPrice": "",
        "imageUrl": "https://m.media-amazon.com/images/I/31pNwvU+8iL._SL160_.jpg",
        "detailPageURL": "https://www.amazon.com/dp/B089QVNHKK",
        "rating": "4.4",
        "totalReviews": "442",
        "subtitle": "BANILA CO",
        "isPrimeEligible": "1"
    },
    {
        "ASIN": "B07BSS9PKB",
        "title": "BANILA CO Clean It Zero Revitalizing Cleansing Balm Makeup Remover & Face Cleanser, Double Cleanse, Balm To Oil, Face Wash,Dull Skin, 100ml",
        "price": "$21.95 ($6.46 / Fl Oz)",
        "listPrice": "$24.00 ($7.06 / Fl Oz)",
        "imageUrl": "https://m.media-amazon.com/images/I/41K5diYBTzL._SL160_.jpg",
        "detailPageURL": "https://www.amazon.com/dp/B07BSS9PKB",
        "rating": "4.7",
        "totalReviews": "1313",
        "subtitle": "BANILA CO",
        "isPrimeEligible": "1"
    },
    {
        "ASIN": "B07953SZND",
        "title": "Palmer's Coconut Oil Formula, Coconut Monoi Facial Cleansing Balm and Makeup Remover, 2.25 Ounces",
        "price": "$8.99 ($4.00 / Ounce)",
        "listPrice": "",
        "imageUrl": "https://m.media-amazon.com/images/I/512v+zIWK9L._SL160_.jpg",
        "detailPageURL": "https://www.amazon.com/dp/B07953SZND",
        "rating": "4.5",
        "totalReviews": "964",
        "subtitle": "Palmer's",
        "isPrimeEligible": "1"
    },
    {
        "ASIN": "B09K1LRLRH",
        "title": "Farmacy Makeup Remover Cleansing Balm - Clearly Clean Fragrance-Free Makeup Melting Balm - Great Balm Cleanser for Sensitive Skin (3.4 Fl Oz)",
        "price": "$36.00 ($10.59 / Ounce)",
        "listPrice": "",
        "imageUrl": "https://m.media-amazon.com/images/I/41l7T2o4TkL._SL160_.jpg",
        "detailPageURL": "https://www.amazon.com/dp/B09K1LRLRH",
        "rating": "4.7",
        "totalReviews": "701",
        "subtitle": "Farmacy",
        "isPrimeEligible": "1"
    },
    {
        "ASIN": "B07PVDJWWC",
        "title": "Hanskin BHA Pore Cleansing Balm, Gentle Blackhead Cleanser and Makeup Remover for Combination and Oily Skin [BHA/2.82 oz]",
        "price": "$22.00 ($7.80 / Ounce)",
        "listPrice": "",
        "imageUrl": "https://m.media-amazon.com/images/I/41gFPeE+3eL._SL160_.jpg",
        "detailPageURL": "https://www.amazon.com/dp/B07PVDJWWC",
        "rating": "4.6",
        "totalReviews": "210",
        "subtitle": "Hanskin",
        "isPrimeEligible": "1"
    },
    {
        "ASIN": "B0B77QD7SN",
        "title": "DEEP HYDRATION Nourishing Cleansing Balm",
        "price": "$10.29 ($3.43 / Ounce)",
        "listPrice": "$15.99 ($5.33 / Ounce)",
        "imageUrl": "https://m.media-amazon.com/images/I/41zHvcg5qoL._SL160_.jpg",
        "detailPageURL": "https://www.amazon.com/dp/B0B77QD7SN",
        "rating": "4.2",
        "totalReviews": "233",
        "subtitle": "Andalou Naturals",
        "isPrimeEligible": "1"
    },
    {
        "ASIN": "B09CTBGZ55",
        "title": "ROKKISS One-Step Cleansing Balm (5.1fl oz) - pH-Balanced Gentle Daily Facial Cleansing and Makeup Remover. Shea Butter, Grapefruit/Peach Extracts.",
        "price": "$15.99 ($3.15 / Ounce)",
        "listPrice": "$16.99 ($3.35 / Ounce)",
        "imageUrl": "https://m.media-amazon.com/images/I/41tuzLCCHcL._SL160_.jpg",
        "detailPageURL": "https://www.amazon.com/dp/B09CTBGZ55",
        "rating": "4.5",
        "totalReviews": "592",
        "subtitle": "ROKKISS",
        "isPrimeEligible": "1"
    },
    {
        "ASIN": "B0CB88MHM3",
        "title": "UCANBE Cleansing Balm Makeup Remover, Natural Gentle, Deep Cleaning, Makeup Cleansing Balm for Waterproof Eye Face Lip Makeup, 3.17oz, Made for All Skin Types",
        "price": "$13.99 ($4.41 / Fl Oz)",
        "listPrice": "$14.99 ($4.73 / Fl Oz)",
        "imageUrl": "https://m.media-amazon.com/images/I/31YdToDGHWL._SL160_.jpg",
        "detailPageURL": "https://www.amazon.com/dp/B0CB88MHM3",
        "rating": "4.5",
        "totalReviews": "24",
        "subtitle": "UCANBE",
        "isPrimeEligible": "1"
    },
    {
        "ASIN": "B07TKQ4C7N",
        "title": "Versed Day Dissolve Cleansing Balm - Residue-Free Makeup Remover & Milk Cleanser with Eucalyptus Oil + Vitamin E - Eye Safe Oil Based Balm Cleanser for All Skin Types - Vegan, Cruelty-Free (2.3oz)",
        "price": "$18.97 ($8.25 / Ounce)",
        "listPrice": "",
        "imageUrl": "https://m.media-amazon.com/images/I/31d-WsFgU4L._SL160_.jpg",
        "detailPageURL": "https://www.amazon.com/dp/B07TKQ4C7N",
        "rating": "4.5",
        "totalReviews": "796",
        "subtitle": "Versed",
        "isPrimeEligible": "1"
    },
    {
        "ASIN": "B089QVNHKK",
        "title": "BANILA CO Clean It Zero Pore Clarifying Cleansing Balm: Makeup Remover, Balm to Oil, Double Cleanse, Acne Face Wash,100ml",
        "price": "$21.95 ($6.46 / Ounce)",
        "listPrice": "",
        "imageUrl": "https://m.media-amazon.com/images/I/31pNwvU+8iL._SL160_.jpg",
        "detailPageURL": "https://www.amazon.com/dp/B089QVNHKK",
        "rating": "4.4",
        "totalReviews": "442",
        "subtitle": "BANILA CO",
        "isPrimeEligible": "1"
    },
    {
        "ASIN": "B07BSS9PKB",
        "title": "BANILA CO Clean It Zero Revitalizing Cleansing Balm Makeup Remover & Face Cleanser, Double Cleanse, Balm To Oil, Face Wash,Dull Skin, 100ml",
        "price": "$21.95 ($6.46 / Fl Oz)",
        "listPrice": "$24.00 ($7.06 / Fl Oz)",
        "imageUrl": "https://m.media-amazon.com/images/I/41K5diYBTzL._SL160_.jpg",
        "detailPageURL": "https://www.amazon.com/dp/B07BSS9PKB",
        "rating": "4.7",
        "totalReviews": "1313",
        "subtitle": "BANILA CO",
        "isPrimeEligible": "1"
    },
    {
        "ASIN": "B07953SZND",
        "title": "Palmer's Coconut Oil Formula, Coconut Monoi Facial Cleansing Balm and Makeup Remover, 2.25 Ounces",
        "price": "$8.99 ($4.00 / Ounce)",
        "listPrice": "",
        "imageUrl": "https://m.media-amazon.com/images/I/512v+zIWK9L._SL160_.jpg",
        "detailPageURL": "https://www.amazon.com/dp/B07953SZND",
        "rating": "4.5",
        "totalReviews": "964",
        "subtitle": "Palmer's",
        "isPrimeEligible": "1"
    },
    {
        "ASIN": "B09K1LRLRH",
        "title": "Farmacy Makeup Remover Cleansing Balm - Clearly Clean Fragrance-Free Makeup Melting Balm - Great Balm Cleanser for Sensitive Skin (3.4 Fl Oz)",
        "price": "$36.00 ($10.59 / Ounce)",
        "listPrice": "",
        "imageUrl": "https://m.media-amazon.com/images/I/41l7T2o4TkL._SL160_.jpg",
        "detailPageURL": "https://www.amazon.com/dp/B09K1LRLRH",
        "rating": "4.7",
        "totalReviews": "701",
        "subtitle": "Farmacy",
        "isPrimeEligible": "1"
    },
    {
        "ASIN": "B07PVDJWWC",
        "title": "Hanskin BHA Pore Cleansing Balm, Gentle Blackhead Cleanser and Makeup Remover for Combination and Oily Skin [BHA/2.82 oz]",
        "price": "$22.00 ($7.80 / Ounce)",
        "listPrice": "",
        "imageUrl": "https://m.media-amazon.com/images/I/41gFPeE+3eL._SL160_.jpg",
        "detailPageURL": "https://www.amazon.com/dp/B07PVDJWWC",
        "rating": "4.6",
        "totalReviews": "210",
        "subtitle": "Hanskin",
        "isPrimeEligible": "1"
    },
    {
        "ASIN": "B0B77QD7SN",
        "title": "DEEP HYDRATION Nourishing Cleansing Balm",
        "price": "$10.29 ($3.43 / Ounce)",
        "listPrice": "$15.99 ($5.33 / Ounce)",
        "imageUrl": "https://m.media-amazon.com/images/I/41zHvcg5qoL._SL160_.jpg",
        "detailPageURL": "https://www.amazon.com/dp/B0B77QD7SN",
        "rating": "4.2",
        "totalReviews": "233",
        "subtitle": "Andalou Naturals",
        "isPrimeEligible": "1"
    },
    {
        "ASIN": "B09CTBGZ55",
        "title": "ROKKISS One-Step Cleansing Balm (5.1fl oz) - pH-Balanced Gentle Daily Facial Cleansing and Makeup Remover. Shea Butter, Grapefruit/Peach Extracts.",
        "price": "$15.99 ($3.15 / Ounce)",
        "listPrice": "$16.99 ($3.35 / Ounce)",
        "imageUrl": "https://m.media-amazon.com/images/I/41tuzLCCHcL._SL160_.jpg",
        "detailPageURL": "https://www.amazon.com/dp/B09CTBGZ55",
        "rating": "4.5",
        "totalReviews": "592",
        "subtitle": "ROKKISS",
        "isPrimeEligible": "1"
    },
    {
        "ASIN": "B0CB88MHM3",
        "title": "UCANBE Cleansing Balm Makeup Remover, Natural Gentle, Deep Cleaning, Makeup Cleansing Balm for Waterproof Eye Face Lip Makeup, 3.17oz, Made for All Skin Types",
        "price": "$13.99 ($4.41 / Fl Oz)",
        "listPrice": "$14.99 ($4.73 / Fl Oz)",
        "imageUrl": "https://m.media-amazon.com/images/I/31YdToDGHWL._SL160_.jpg",
        "detailPageURL": "https://www.amazon.com/dp/B0CB88MHM3",
        "rating": "4.5",
        "totalReviews": "24",
        "subtitle": "UCANBE",
        "isPrimeEligible": "1"
    },
    {
        "ASIN": "B07TKQ4C7N",
        "title": "Versed Day Dissolve Cleansing Balm - Residue-Free Makeup Remover & Milk Cleanser with Eucalyptus Oil + Vitamin E - Eye Safe Oil Based Balm Cleanser for All Skin Types - Vegan, Cruelty-Free (2.3oz)",
        "price": "$18.97 ($8.25 / Ounce)",
        "listPrice": "",
        "imageUrl": "https://m.media-amazon.com/images/I/31d-WsFgU4L._SL160_.jpg",
        "detailPageURL": "https://www.amazon.com/dp/B07TKQ4C7N",
        "rating": "4.5",
        "totalReviews": "796",
        "subtitle": "Versed",
        "isPrimeEligible": "1"
    },
    {
        "ASIN": "B000WN6N56",
        "title": "Clinique TAKE THE DAY OFF CLEANSING BALM-/3.8OZ, (215552)",
        "price": "$21.65 ($5.70 / Ounce)",
        "listPrice": "$24.00 ($6.32 / Ounce)",
        "imageUrl": "https://m.media-amazon.com/images/I/31eDWi8uuvL._SL160_.jpg",
        "detailPageURL": "https://www.amazon.com/dp/B000WN6N56",
        "rating": "4.7",
        "totalReviews": "2622",
        "subtitle": "Clinique",
        "isPrimeEligible": "0"
    },
    {
        "ASIN": "B07BSS9PKB",
        "title": "BANILA CO Clean It Zero Revitalizing Cleansing Balm Makeup Remover & Face Cleanser, Double Cleanse, Balm To Oil, Face Wash,Dull Skin, 100ml",
        "price": "$21.95 ($6.46 / Fl Oz)",
        "listPrice": "$24.00 ($7.06 / Fl Oz)",
        "imageUrl": "https://m.media-amazon.com/images/I/41K5diYBTzL._SL160_.jpg",
        "detailPageURL": "https://www.amazon.com/dp/B07BSS9PKB",
        "rating": "4.7",
        "totalReviews": "1313",
        "subtitle": "BANILA CO",
        "isPrimeEligible": "1"
    },
    {
        "ASIN": "B07953SZND",
        "title": "Palmer's Coconut Oil Formula, Coconut Monoi Facial Cleansing Balm and Makeup Remover, 2.25 Ounces",
        "price": "$8.99 ($4.00 / Ounce)",
        "listPrice": "",
        "imageUrl": "https://m.media-amazon.com/images/I/512v+zIWK9L._SL160_.jpg",
        "detailPageURL": "https://www.amazon.com/dp/B07953SZND",
        "rating": "4.5",
        "totalReviews": "964",
        "subtitle": "Palmer's",
        "isPrimeEligible": "1"
    },
    {
        "ASIN": "B09K1LRLRH",
        "title": "Farmacy Makeup Remover Cleansing Balm - Clearly Clean Fragrance-Free Makeup Melting Balm - Great Balm Cleanser for Sensitive Skin (3.4 Fl Oz)",
        "price": "$36.00 ($10.59 / Ounce)",
        "listPrice": "",
        "imageUrl": "https://m.media-amazon.com/images/I/41l7T2o4TkL._SL160_.jpg",
        "detailPageURL": "https://www.amazon.com/dp/B09K1LRLRH",
        "rating": "4.7",
        "totalReviews": "701",
        "subtitle": "Farmacy",
        "isPrimeEligible": "1"
    },
    {
        "ASIN": "B07PVDJWWC",
        "title": "Hanskin BHA Pore Cleansing Balm, Gentle Blackhead Cleanser and Makeup Remover for Combination and Oily Skin [BHA/2.82 oz]",
        "price": "$22.00 ($7.80 / Ounce)",
        "listPrice": "",
        "imageUrl": "https://m.media-amazon.com/images/I/41gFPeE+3eL._SL160_.jpg",
        "detailPageURL": "https://www.amazon.com/dp/B07PVDJWWC",
        "rating": "4.6",
        "totalReviews": "210",
        "subtitle": "Hanskin",
        "isPrimeEligible": "1"
    },
    {
        "ASIN": "B0B77QD7SN",
        "title": "DEEP HYDRATION Nourishing Cleansing Balm",
        "price": "$10.29 ($3.43 / Ounce)",
        "listPrice": "$15.99 ($5.33 / Ounce)",
        "imageUrl": "https://m.media-amazon.com/images/I/41zHvcg5qoL._SL160_.jpg",
        "detailPageURL": "https://www.amazon.com/dp/B0B77QD7SN",
        "rating": "4.2",
        "totalReviews": "233",
        "subtitle": "Andalou Naturals",
        "isPrimeEligible": "1"
    },
    {
        "ASIN": "B09CTBGZ55",
        "title": "ROKKISS One-Step Cleansing Balm (5.1fl oz) - pH-Balanced Gentle Daily Facial Cleansing and Makeup Remover. Shea Butter, Grapefruit/Peach Extracts.",
        "price": "$15.99 ($3.15 / Ounce)",
        "listPrice": "$16.99 ($3.35 / Ounce)",
        "imageUrl": "https://m.media-amazon.com/images/I/41tuzLCCHcL._SL160_.jpg",
        "detailPageURL": "https://www.amazon.com/dp/B09CTBGZ55",
        "rating": "4.5",
        "totalReviews": "592",
        "subtitle": "ROKKISS",
        "isPrimeEligible": "1"
    },
    {
        "ASIN": "B0CB88MHM3",
        "title": "UCANBE Cleansing Balm Makeup Remover, Natural Gentle, Deep Cleaning, Makeup Cleansing Balm for Waterproof Eye Face Lip Makeup, 3.17oz, Made for All Skin Types",
        "price": "$13.99 ($4.41 / Fl Oz)",
        "listPrice": "$14.99 ($4.73 / Fl Oz)",
        "imageUrl": "https://m.media-amazon.com/images/I/31YdToDGHWL._SL160_.jpg",
        "detailPageURL": "https://www.amazon.com/dp/B0CB88MHM3",
        "rating": "4.5",
        "totalReviews": "24",
        "subtitle": "UCANBE",
        "isPrimeEligible": "1"
    },
    {
        "ASIN": "B07TKQ4C7N",
        "title": "Versed Day Dissolve Cleansing Balm - Residue-Free Makeup Remover & Milk Cleanser with Eucalyptus Oil + Vitamin E - Eye Safe Oil Based Balm Cleanser for All Skin Types - Vegan, Cruelty-Free (2.3oz)",
        "price": "$18.97 ($8.25 / Ounce)",
        "listPrice": "",
        "imageUrl": "https://m.media-amazon.com/images/I/31d-WsFgU4L._SL160_.jpg",
        "detailPageURL": "https://www.amazon.com/dp/B07TKQ4C7N",
        "rating": "4.5",
        "totalReviews": "796",
        "subtitle": "Versed",
        "isPrimeEligible": "1"
    },
    {
        "ASIN": "B000WN6N56",
        "title": "Clinique TAKE THE DAY OFF CLEANSING BALM-/3.8OZ, (215552)",
        "price": "$21.65 ($5.70 / Ounce)",
        "listPrice": "$24.00 ($6.32 / Ounce)",
        "imageUrl": "https://m.media-amazon.com/images/I/31eDWi8uuvL._SL160_.jpg",
        "detailPageURL": "https://www.amazon.com/dp/B000WN6N56",
        "rating": "4.7",
        "totalReviews": "2622",
        "subtitle": "Clinique",
        "isPrimeEligible": "0"
    },
    {
        "ASIN": "B09L3XFG65",
        "title": "Andalou Naturals Deep Hydration Cleansing Balm, 3 OZ",
        "price": "$11.76 ($3.92 / Ounce)",
        "listPrice": "$17.54 ($5.85 / Ounce)",
        "imageUrl": "https://m.media-amazon.com/images/I/51cRd6Zc98L._SL160_.jpg",
        "detailPageURL": "https://www.amazon.com/dp/B09L3XFG65",
        "rating": "",
        "totalReviews": "",
        "subtitle": "Andalou Naturals",
        "isPrimeEligible": "0"
    },
    {
        "ASIN": "B07953SZND",
        "title": "Palmer's Coconut Oil Formula, Coconut Monoi Facial Cleansing Balm and Makeup Remover, 2.25 Ounces",
        "price": "$8.99 ($4.00 / Ounce)",
        "listPrice": "",
        "imageUrl": "https://m.media-amazon.com/images/I/512v+zIWK9L._SL160_.jpg",
        "detailPageURL": "https://www.amazon.com/dp/B07953SZND",
        "rating": "4.5",
        "totalReviews": "964",
        "subtitle": "Palmer's",
        "isPrimeEligible": "1"
    },
    {
        "ASIN": "B09K1LRLRH",
        "title": "Farmacy Makeup Remover Cleansing Balm - Clearly Clean Fragrance-Free Makeup Melting Balm - Great Balm Cleanser for Sensitive Skin (3.4 Fl Oz)",
        "price": "$36.00 ($10.59 / Ounce)",
        "listPrice": "",
        "imageUrl": "https://m.media-amazon.com/images/I/41l7T2o4TkL._SL160_.jpg",
        "detailPageURL": "https://www.amazon.com/dp/B09K1LRLRH",
        "rating": "4.7",
        "totalReviews": "701",
        "subtitle": "Farmacy",
        "isPrimeEligible": "1"
    },
    {
        "ASIN": "B07PVDJWWC",
        "title": "Hanskin BHA Pore Cleansing Balm, Gentle Blackhead Cleanser and Makeup Remover for Combination and Oily Skin [BHA/2.82 oz]",
        "price": "$22.00 ($7.80 / Ounce)",
        "listPrice": "",
        "imageUrl": "https://m.media-amazon.com/images/I/41gFPeE+3eL._SL160_.jpg",
        "detailPageURL": "https://www.amazon.com/dp/B07PVDJWWC",
        "rating": "4.6",
        "totalReviews": "210",
        "subtitle": "Hanskin",
        "isPrimeEligible": "1"
    },
    {
        "ASIN": "B0B77QD7SN",
        "title": "DEEP HYDRATION Nourishing Cleansing Balm",
        "price": "$10.29 ($3.43 / Ounce)",
        "listPrice": "$15.99 ($5.33 / Ounce)",
        "imageUrl": "https://m.media-amazon.com/images/I/41zHvcg5qoL._SL160_.jpg",
        "detailPageURL": "https://www.amazon.com/dp/B0B77QD7SN",
        "rating": "4.2",
        "totalReviews": "233",
        "subtitle": "Andalou Naturals",
        "isPrimeEligible": "1"
    },
    {
        "ASIN": "B09CTBGZ55",
        "title": "ROKKISS One-Step Cleansing Balm (5.1fl oz) - pH-Balanced Gentle Daily Facial Cleansing and Makeup Remover. Shea Butter, Grapefruit/Peach Extracts.",
        "price": "$15.99 ($3.15 / Ounce)",
        "listPrice": "$16.99 ($3.35 / Ounce)",
        "imageUrl": "https://m.media-amazon.com/images/I/41tuzLCCHcL._SL160_.jpg",
        "detailPageURL": "https://www.amazon.com/dp/B09CTBGZ55",
        "rating": "4.5",
        "totalReviews": "592",
        "subtitle": "ROKKISS",
        "isPrimeEligible": "1"
    },
    {
        "ASIN": "B0CB88MHM3",
        "title": "UCANBE Cleansing Balm Makeup Remover, Natural Gentle, Deep Cleaning, Makeup Cleansing Balm for Waterproof Eye Face Lip Makeup, 3.17oz, Made for All Skin Types",
        "price": "$13.99 ($4.41 / Fl Oz)",
        "listPrice": "$14.99 ($4.73 / Fl Oz)",
        "imageUrl": "https://m.media-amazon.com/images/I/31YdToDGHWL._SL160_.jpg",
        "detailPageURL": "https://www.amazon.com/dp/B0CB88MHM3",
        "rating": "4.5",
        "totalReviews": "24",
        "subtitle": "UCANBE",
        "isPrimeEligible": "1"
    },
    {
        "ASIN": "B07TKQ4C7N",
        "title": "Versed Day Dissolve Cleansing Balm - Residue-Free Makeup Remover & Milk Cleanser with Eucalyptus Oil + Vitamin E - Eye Safe Oil Based Balm Cleanser for All Skin Types - Vegan, Cruelty-Free (2.3oz)",
        "price": "$18.97 ($8.25 / Ounce)",
        "listPrice": "",
        "imageUrl": "https://m.media-amazon.com/images/I/31d-WsFgU4L._SL160_.jpg",
        "detailPageURL": "https://www.amazon.com/dp/B07TKQ4C7N",
        "rating": "4.5",
        "totalReviews": "796",
        "subtitle": "Versed",
        "isPrimeEligible": "1"
    },
    {
        "ASIN": "B000WN6N56",
        "title": "Clinique TAKE THE DAY OFF CLEANSING BALM-/3.8OZ, (215552)",
        "price": "$21.65 ($5.70 / Ounce)",
        "listPrice": "$24.00 ($6.32 / Ounce)",
        "imageUrl": "https://m.media-amazon.com/images/I/31eDWi8uuvL._SL160_.jpg",
        "detailPageURL": "https://www.amazon.com/dp/B000WN6N56",
        "rating": "4.7",
        "totalReviews": "2622",
        "subtitle": "Clinique",
        "isPrimeEligible": "0"
    },
    {
        "ASIN": "B09L3XFG65",
        "title": "Andalou Naturals Deep Hydration Cleansing Balm, 3 OZ",
        "price": "$11.76 ($3.92 / Ounce)",
        "listPrice": "$17.54 ($5.85 / Ounce)",
        "imageUrl": "https://m.media-amazon.com/images/I/51cRd6Zc98L._SL160_.jpg",
        "detailPageURL": "https://www.amazon.com/dp/B09L3XFG65",
        "rating": "",
        "totalReviews": "",
        "subtitle": "Andalou Naturals",
        "isPrimeEligible": "0"
    },
    {
        "ASIN": "B00EXZF01W",
        "title": "CLINIQUE Take The Day Off Cleansing Balm Makeup Remover 3.8 oz/ 125 mL",
        "price": "$21.85 ($5.18 / Fl Oz)",
        "listPrice": "$23.79 ($5.64 / Fl Oz)",
        "imageUrl": "https://m.media-amazon.com/images/I/313XMj3W0sL._SL160_.jpg",
        "detailPageURL": "https://www.amazon.com/dp/B00EXZF01W",
        "rating": "4.7",
        "totalReviews": "403",
        "subtitle": "Clinique",
        "isPrimeEligible": "0"
    },
    {
        "ASIN": "B09K1LRLRH",
        "title": "Farmacy Makeup Remover Cleansing Balm - Clearly Clean Fragrance-Free Makeup Melting Balm - Great Balm Cleanser for Sensitive Skin (3.4 Fl Oz)",
        "price": "$36.00 ($10.59 / Ounce)",
        "listPrice": "",
        "imageUrl": "https://m.media-amazon.com/images/I/41l7T2o4TkL._SL160_.jpg",
        "detailPageURL": "https://www.amazon.com/dp/B09K1LRLRH",
        "rating": "4.7",
        "totalReviews": "701",
        "subtitle": "Farmacy",
        "isPrimeEligible": "1"
    },
    {
        "ASIN": "B07PVDJWWC",
        "title": "Hanskin BHA Pore Cleansing Balm, Gentle Blackhead Cleanser and Makeup Remover for Combination and Oily Skin [BHA/2.82 oz]",
        "price": "$22.00 ($7.80 / Ounce)",
        "listPrice": "",
        "imageUrl": "https://m.media-amazon.com/images/I/41gFPeE+3eL._SL160_.jpg",
        "detailPageURL": "https://www.amazon.com/dp/B07PVDJWWC",
        "rating": "4.6",
        "totalReviews": "210",
        "subtitle": "Hanskin",
        "isPrimeEligible": "1"
    },
    {
        "ASIN": "B0B77QD7SN",
        "title": "DEEP HYDRATION Nourishing Cleansing Balm",
        "price": "$10.29 ($3.43 / Ounce)",
        "listPrice": "$15.99 ($5.33 / Ounce)",
        "imageUrl": "https://m.media-amazon.com/images/I/41zHvcg5qoL._SL160_.jpg",
        "detailPageURL": "https://www.amazon.com/dp/B0B77QD7SN",
        "rating": "4.2",
        "totalReviews": "233",
        "subtitle": "Andalou Naturals",
        "isPrimeEligible": "1"
    },
    {
        "ASIN": "B09CTBGZ55",
        "title": "ROKKISS One-Step Cleansing Balm (5.1fl oz) - pH-Balanced Gentle Daily Facial Cleansing and Makeup Remover. Shea Butter, Grapefruit/Peach Extracts.",
        "price": "$15.99 ($3.15 / Ounce)",
        "listPrice": "$16.99 ($3.35 / Ounce)",
        "imageUrl": "https://m.media-amazon.com/images/I/41tuzLCCHcL._SL160_.jpg",
        "detailPageURL": "https://www.amazon.com/dp/B09CTBGZ55",
        "rating": "4.5",
        "totalReviews": "592",
        "subtitle": "ROKKISS",
        "isPrimeEligible": "1"
    },
    {
        "ASIN": "B0CB88MHM3",
        "title": "UCANBE Cleansing Balm Makeup Remover, Natural Gentle, Deep Cleaning, Makeup Cleansing Balm for Waterproof Eye Face Lip Makeup, 3.17oz, Made for All Skin Types",
        "price": "$13.99 ($4.41 / Fl Oz)",
        "listPrice": "$14.99 ($4.73 / Fl Oz)",
        "imageUrl": "https://m.media-amazon.com/images/I/31YdToDGHWL._SL160_.jpg",
        "detailPageURL": "https://www.amazon.com/dp/B0CB88MHM3",
        "rating": "4.5",
        "totalReviews": "24",
        "subtitle": "UCANBE",
        "isPrimeEligible": "1"
    },
    {
        "ASIN": "B07TKQ4C7N",
        "title": "Versed Day Dissolve Cleansing Balm - Residue-Free Makeup Remover & Milk Cleanser with Eucalyptus Oil + Vitamin E - Eye Safe Oil Based Balm Cleanser for All Skin Types - Vegan, Cruelty-Free (2.3oz)",
        "price": "$18.97 ($8.25 / Ounce)",
        "listPrice": "",
        "imageUrl": "https://m.media-amazon.com/images/I/31d-WsFgU4L._SL160_.jpg",
        "detailPageURL": "https://www.amazon.com/dp/B07TKQ4C7N",
        "rating": "4.5",
        "totalReviews": "796",
        "subtitle": "Versed",
        "isPrimeEligible": "1"
    },
    {
        "ASIN": "B000WN6N56",
        "title": "Clinique TAKE THE DAY OFF CLEANSING BALM-/3.8OZ, (215552)",
        "price": "$21.65 ($5.70 / Ounce)",
        "listPrice": "$24.00 ($6.32 / Ounce)",
        "imageUrl": "https://m.media-amazon.com/images/I/31eDWi8uuvL._SL160_.jpg",
        "detailPageURL": "https://www.amazon.com/dp/B000WN6N56",
        "rating": "4.7",
        "totalReviews": "2622",
        "subtitle": "Clinique",
        "isPrimeEligible": "0"
    },
    {
        "ASIN": "B09L3XFG65",
        "title": "Andalou Naturals Deep Hydration Cleansing Balm, 3 OZ",
        "price": "$11.76 ($3.92 / Ounce)",
        "listPrice": "$17.54 ($5.85 / Ounce)",
        "imageUrl": "https://m.media-amazon.com/images/I/51cRd6Zc98L._SL160_.jpg",
        "detailPageURL": "https://www.amazon.com/dp/B09L3XFG65",
        "rating": "",
        "totalReviews": "",
        "subtitle": "Andalou Naturals",
        "isPrimeEligible": "0"
    },
    {
        "ASIN": "B00EXZF01W",
        "title": "CLINIQUE Take The Day Off Cleansing Balm Makeup Remover 3.8 oz/ 125 mL",
        "price": "$21.85 ($5.18 / Fl Oz)",
        "listPrice": "$23.79 ($5.64 / Fl Oz)",
        "imageUrl": "https://m.media-amazon.com/images/I/313XMj3W0sL._SL160_.jpg",
        "detailPageURL": "https://www.amazon.com/dp/B00EXZF01W",
        "rating": "4.7",
        "totalReviews": "403",
        "subtitle": "Clinique",
        "isPrimeEligible": "0"
    },
    {
        "ASIN": "B0BN2PX8V3",
        "title": "ANUA Heartleaf Pore Control Cleansing Oil Korean Facial Cleanser, Daily Makeup Blackheads Removal 6.7 fl oz(200ml)",
        "price": "$17.90 ($2.67 / Fl Oz)",
        "listPrice": "",
        "imageUrl": "https://m.media-amazon.com/images/I/31n4TECLwuL._SL160_.jpg",
        "detailPageURL": "https://www.amazon.com/dp/B0BN2PX8V3",
        "rating": "4.5",
        "totalReviews": "506",
        "subtitle": "ANUA",
        "isPrimeEligible": "1"
    },
    {
        "ASIN": "B07PVDJWWC",
        "title": "Hanskin BHA Pore Cleansing Balm, Gentle Blackhead Cleanser and Makeup Remover for Combination and Oily Skin [BHA/2.82 oz]",
        "price": "$22.00 ($7.80 / Ounce)",
        "listPrice": "",
        "imageUrl": "https://m.media-amazon.com/images/I/41gFPeE+3eL._SL160_.jpg",
        "detailPageURL": "https://www.amazon.com/dp/B07PVDJWWC",
        "rating": "4.6",
        "totalReviews": "210",
        "subtitle": "Hanskin",
        "isPrimeEligible": "1"
    },
    {
        "ASIN": "B0B77QD7SN",
        "title": "DEEP HYDRATION Nourishing Cleansing Balm",
        "price": "$10.29 ($3.43 / Ounce)",
        "listPrice": "$15.99 ($5.33 / Ounce)",
        "imageUrl": "https://m.media-amazon.com/images/I/41zHvcg5qoL._SL160_.jpg",
        "detailPageURL": "https://www.amazon.com/dp/B0B77QD7SN",
        "rating": "4.2",
        "totalReviews": "233",
        "subtitle": "Andalou Naturals",
        "isPrimeEligible": "1"
    },
    {
        "ASIN": "B09CTBGZ55",
        "title": "ROKKISS One-Step Cleansing Balm (5.1fl oz) - pH-Balanced Gentle Daily Facial Cleansing and Makeup Remover. Shea Butter, Grapefruit/Peach Extracts.",
        "price": "$15.99 ($3.15 / Ounce)",
        "listPrice": "$16.99 ($3.35 / Ounce)",
        "imageUrl": "https://m.media-amazon.com/images/I/41tuzLCCHcL._SL160_.jpg",
        "detailPageURL": "https://www.amazon.com/dp/B09CTBGZ55",
        "rating": "4.5",
        "totalReviews": "592",
        "subtitle": "ROKKISS",
        "isPrimeEligible": "1"
    },
    {
        "ASIN": "B0CB88MHM3",
        "title": "UCANBE Cleansing Balm Makeup Remover, Natural Gentle, Deep Cleaning, Makeup Cleansing Balm for Waterproof Eye Face Lip Makeup, 3.17oz, Made for All Skin Types",
        "price": "$13.99 ($4.41 / Fl Oz)",
        "listPrice": "$14.99 ($4.73 / Fl Oz)",
        "imageUrl": "https://m.media-amazon.com/images/I/31YdToDGHWL._SL160_.jpg",
        "detailPageURL": "https://www.amazon.com/dp/B0CB88MHM3",
        "rating": "4.5",
        "totalReviews": "24",
        "subtitle": "UCANBE",
        "isPrimeEligible": "1"
    },
    {
        "ASIN": "B07TKQ4C7N",
        "title": "Versed Day Dissolve Cleansing Balm - Residue-Free Makeup Remover & Milk Cleanser with Eucalyptus Oil + Vitamin E - Eye Safe Oil Based Balm Cleanser for All Skin Types - Vegan, Cruelty-Free (2.3oz)",
        "price": "$18.97 ($8.25 / Ounce)",
        "listPrice": "",
        "imageUrl": "https://m.media-amazon.com/images/I/31d-WsFgU4L._SL160_.jpg",
        "detailPageURL": "https://www.amazon.com/dp/B07TKQ4C7N",
        "rating": "4.5",
        "totalReviews": "796",
        "subtitle": "Versed",
        "isPrimeEligible": "1"
    },
    {
        "ASIN": "B000WN6N56",
        "title": "Clinique TAKE THE DAY OFF CLEANSING BALM-/3.8OZ, (215552)",
        "price": "$21.65 ($5.70 / Ounce)",
        "listPrice": "$24.00 ($6.32 / Ounce)",
        "imageUrl": "https://m.media-amazon.com/images/I/31eDWi8uuvL._SL160_.jpg",
        "detailPageURL": "https://www.amazon.com/dp/B000WN6N56",
        "rating": "4.7",
        "totalReviews": "2622",
        "subtitle": "Clinique",
        "isPrimeEligible": "0"
    },
    {
        "ASIN": "B09L3XFG65",
        "title": "Andalou Naturals Deep Hydration Cleansing Balm, 3 OZ",
        "price": "$11.76 ($3.92 / Ounce)",
        "listPrice": "$17.54 ($5.85 / Ounce)",
        "imageUrl": "https://m.media-amazon.com/images/I/51cRd6Zc98L._SL160_.jpg",
        "detailPageURL": "https://www.amazon.com/dp/B09L3XFG65",
        "rating": "",
        "totalReviews": "",
        "subtitle": "Andalou Naturals",
        "isPrimeEligible": "0"
    },
    {
        "ASIN": "B00EXZF01W",
        "title": "CLINIQUE Take The Day Off Cleansing Balm Makeup Remover 3.8 oz/ 125 mL",
        "price": "$21.85 ($5.18 / Fl Oz)",
        "listPrice": "$23.79 ($5.64 / Fl Oz)",
        "imageUrl": "https://m.media-amazon.com/images/I/313XMj3W0sL._SL160_.jpg",
        "detailPageURL": "https://www.amazon.com/dp/B00EXZF01W",
        "rating": "4.7",
        "totalReviews": "403",
        "subtitle": "Clinique",
        "isPrimeEligible": "0"
    },
    {
        "ASIN": "B0BN2PX8V3",
        "title": "ANUA Heartleaf Pore Control Cleansing Oil Korean Facial Cleanser, Daily Makeup Blackheads Removal 6.7 fl oz(200ml)",
        "price": "$17.90 ($2.67 / Fl Oz)",
        "listPrice": "",
        "imageUrl": "https://m.media-amazon.com/images/I/31n4TECLwuL._SL160_.jpg",
        "detailPageURL": "https://www.amazon.com/dp/B0BN2PX8V3",
        "rating": "4.5",
        "totalReviews": "506",
        "subtitle": "ANUA",
        "isPrimeEligible": "1"
    },
    {
        "ASIN": "B09Q327VH6",
        "title": "Youth To The People Superberry Dream Cleansing Balm for Face- Hyaluronic Acid Hydrating Facial Cleanser + Makeup Remover Balm with Moringa Oil, Acai - Paraben + PEG Free Vegan Face Balm (3.4oz)",
        "price": "$39.00 ($11.47 / Ounce)",
        "listPrice": "",
        "imageUrl": "https://m.media-amazon.com/images/I/31bOMWBmYBL._SL160_.jpg",
        "detailPageURL": "https://www.amazon.com/dp/B09Q327VH6",
        "rating": "4.3",
        "totalReviews": "292",
        "subtitle": "Youth To The People",
        "isPrimeEligible": "1"
    },
    {
        "ASIN": "B0B77QD7SN",
        "title": "DEEP HYDRATION Nourishing Cleansing Balm",
        "price": "$10.29 ($3.43 / Ounce)",
        "listPrice": "$15.99 ($5.33 / Ounce)",
        "imageUrl": "https://m.media-amazon.com/images/I/41zHvcg5qoL._SL160_.jpg",
        "detailPageURL": "https://www.amazon.com/dp/B0B77QD7SN",
        "rating": "4.2",
        "totalReviews": "233",
        "subtitle": "Andalou Naturals",
        "isPrimeEligible": "1"
    },
    {
        "ASIN": "B09CTBGZ55",
        "title": "ROKKISS One-Step Cleansing Balm (5.1fl oz) - pH-Balanced Gentle Daily Facial Cleansing and Makeup Remover. Shea Butter, Grapefruit/Peach Extracts.",
        "price": "$15.99 ($3.15 / Ounce)",
        "listPrice": "$16.99 ($3.35 / Ounce)",
        "imageUrl": "https://m.media-amazon.com/images/I/41tuzLCCHcL._SL160_.jpg",
        "detailPageURL": "https://www.amazon.com/dp/B09CTBGZ55",
        "rating": "4.5",
        "totalReviews": "592",
        "subtitle": "ROKKISS",
        "isPrimeEligible": "1"
    },
    {
        "ASIN": "B0CB88MHM3",
        "title": "UCANBE Cleansing Balm Makeup Remover, Natural Gentle, Deep Cleaning, Makeup Cleansing Balm for Waterproof Eye Face Lip Makeup, 3.17oz, Made for All Skin Types",
        "price": "$13.99 ($4.41 / Fl Oz)",
        "listPrice": "$14.99 ($4.73 / Fl Oz)",
        "imageUrl": "https://m.media-amazon.com/images/I/31YdToDGHWL._SL160_.jpg",
        "detailPageURL": "https://www.amazon.com/dp/B0CB88MHM3",
        "rating": "4.5",
        "totalReviews": "24",
        "subtitle": "UCANBE",
        "isPrimeEligible": "1"
    },
    {
        "ASIN": "B07TKQ4C7N",
        "title": "Versed Day Dissolve Cleansing Balm - Residue-Free Makeup Remover & Milk Cleanser with Eucalyptus Oil + Vitamin E - Eye Safe Oil Based Balm Cleanser for All Skin Types - Vegan, Cruelty-Free (2.3oz)",
        "price": "$18.97 ($8.25 / Ounce)",
        "listPrice": "",
        "imageUrl": "https://m.media-amazon.com/images/I/31d-WsFgU4L._SL160_.jpg",
        "detailPageURL": "https://www.amazon.com/dp/B07TKQ4C7N",
        "rating": "4.5",
        "totalReviews": "796",
        "subtitle": "Versed",
        "isPrimeEligible": "1"
    },
    {
        "ASIN": "B000WN6N56",
        "title": "Clinique TAKE THE DAY OFF CLEANSING BALM-/3.8OZ, (215552)",
        "price": "$21.65 ($5.70 / Ounce)",
        "listPrice": "$24.00 ($6.32 / Ounce)",
        "imageUrl": "https://m.media-amazon.com/images/I/31eDWi8uuvL._SL160_.jpg",
        "detailPageURL": "https://www.amazon.com/dp/B000WN6N56",
        "rating": "4.7",
        "totalReviews": "2622",
        "subtitle": "Clinique",
        "isPrimeEligible": "0"
    },
    {
        "ASIN": "B09L3XFG65",
        "title": "Andalou Naturals Deep Hydration Cleansing Balm, 3 OZ",
        "price": "$11.76 ($3.92 / Ounce)",
        "listPrice": "$17.54 ($5.85 / Ounce)",
        "imageUrl": "https://m.media-amazon.com/images/I/51cRd6Zc98L._SL160_.jpg",
        "detailPageURL": "https://www.amazon.com/dp/B09L3XFG65",
        "rating": "",
        "totalReviews": "",
        "subtitle": "Andalou Naturals",
        "isPrimeEligible": "0"
    },
    {
        "ASIN": "B00EXZF01W",
        "title": "CLINIQUE Take The Day Off Cleansing Balm Makeup Remover 3.8 oz/ 125 mL",
        "price": "$21.85 ($5.18 / Fl Oz)",
        "listPrice": "$23.79 ($5.64 / Fl Oz)",
        "imageUrl": "https://m.media-amazon.com/images/I/313XMj3W0sL._SL160_.jpg",
        "detailPageURL": "https://www.amazon.com/dp/B00EXZF01W",
        "rating": "4.7",
        "totalReviews": "403",
        "subtitle": "Clinique",
        "isPrimeEligible": "0"
    },
    {
        "ASIN": "B0BN2PX8V3",
        "title": "ANUA Heartleaf Pore Control Cleansing Oil Korean Facial Cleanser, Daily Makeup Blackheads Removal 6.7 fl oz(200ml)",
        "price": "$17.90 ($2.67 / Fl Oz)",
        "listPrice": "",
        "imageUrl": "https://m.media-amazon.com/images/I/31n4TECLwuL._SL160_.jpg",
        "detailPageURL": "https://www.amazon.com/dp/B0BN2PX8V3",
        "rating": "4.5",
        "totalReviews": "506",
        "subtitle": "ANUA",
        "isPrimeEligible": "1"
    },
    {
        "ASIN": "B09Q327VH6",
        "title": "Youth To The People Superberry Dream Cleansing Balm for Face- Hyaluronic Acid Hydrating Facial Cleanser + Makeup Remover Balm with Moringa Oil, Acai - Paraben + PEG Free Vegan Face Balm (3.4oz)",
        "price": "$39.00 ($11.47 / Ounce)",
        "listPrice": "",
        "imageUrl": "https://m.media-amazon.com/images/I/31bOMWBmYBL._SL160_.jpg",
        "detailPageURL": "https://www.amazon.com/dp/B09Q327VH6",
        "rating": "4.3",
        "totalReviews": "292",
        "subtitle": "Youth To The People",
        "isPrimeEligible": "1"
    },
    {
        "ASIN": "B086P94PJJ",
        "title": "I'm from] Fig Cleansing balm 100ml, korean makeup remover, vegan, Easy to rinse off, Fig oil water 7.8% with Peptide and Amino Acid, Makeup Meltaway, makeup melting balm to oil",
        "price": "$22.75 ($6.69 / Ounce)",
        "listPrice": "$29.90 ($8.79 / Ounce)",
        "imageUrl": "https://m.media-amazon.com/images/I/41i7zPKs9lL._SL160_.jpg",
        "detailPageURL": "https://www.amazon.com/dp/B086P94PJJ",
        "rating": "4.5",
        "totalReviews": "380",
        "subtitle": "I'm from",
        "isPrimeEligible": "1"
    },
    {
        "ASIN": "B09CTBGZ55",
        "title": "ROKKISS One-Step Cleansing Balm (5.1fl oz) - pH-Balanced Gentle Daily Facial Cleansing and Makeup Remover. Shea Butter, Grapefruit/Peach Extracts.",
        "price": "$15.99 ($3.15 / Ounce)",
        "listPrice": "$16.99 ($3.35 / Ounce)",
        "imageUrl": "https://m.media-amazon.com/images/I/41tuzLCCHcL._SL160_.jpg",
        "detailPageURL": "https://www.amazon.com/dp/B09CTBGZ55",
        "rating": "4.5",
        "totalReviews": "592",
        "subtitle": "ROKKISS",
        "isPrimeEligible": "1"
    },
    {
        "ASIN": "B0CB88MHM3",
        "title": "UCANBE Cleansing Balm Makeup Remover, Natural Gentle, Deep Cleaning, Makeup Cleansing Balm for Waterproof Eye Face Lip Makeup, 3.17oz, Made for All Skin Types",
        "price": "$13.99 ($4.41 / Fl Oz)",
        "listPrice": "$14.99 ($4.73 / Fl Oz)",
        "imageUrl": "https://m.media-amazon.com/images/I/31YdToDGHWL._SL160_.jpg",
        "detailPageURL": "https://www.amazon.com/dp/B0CB88MHM3",
        "rating": "4.5",
        "totalReviews": "24",
        "subtitle": "UCANBE",
        "isPrimeEligible": "1"
    },
    {
        "ASIN": "B07TKQ4C7N",
        "title": "Versed Day Dissolve Cleansing Balm - Residue-Free Makeup Remover & Milk Cleanser with Eucalyptus Oil + Vitamin E - Eye Safe Oil Based Balm Cleanser for All Skin Types - Vegan, Cruelty-Free (2.3oz)",
        "price": "$18.97 ($8.25 / Ounce)",
        "listPrice": "",
        "imageUrl": "https://m.media-amazon.com/images/I/31d-WsFgU4L._SL160_.jpg",
        "detailPageURL": "https://www.amazon.com/dp/B07TKQ4C7N",
        "rating": "4.5",
        "totalReviews": "796",
        "subtitle": "Versed",
        "isPrimeEligible": "1"
    },
    {
        "ASIN": "B000WN6N56",
        "title": "Clinique TAKE THE DAY OFF CLEANSING BALM-/3.8OZ, (215552)",
        "price": "$21.65 ($5.70 / Ounce)",
        "listPrice": "$24.00 ($6.32 / Ounce)",
        "imageUrl": "https://m.media-amazon.com/images/I/31eDWi8uuvL._SL160_.jpg",
        "detailPageURL": "https://www.amazon.com/dp/B000WN6N56",
        "rating": "4.7",
        "totalReviews": "2622",
        "subtitle": "Clinique",
        "isPrimeEligible": "0"
    },
    {
        "ASIN": "B09L3XFG65",
        "title": "Andalou Naturals Deep Hydration Cleansing Balm, 3 OZ",
        "price": "$11.76 ($3.92 / Ounce)",
        "listPrice": "$17.54 ($5.85 / Ounce)",
        "imageUrl": "https://m.media-amazon.com/images/I/51cRd6Zc98L._SL160_.jpg",
        "detailPageURL": "https://www.amazon.com/dp/B09L3XFG65",
        "rating": "",
        "totalReviews": "",
        "subtitle": "Andalou Naturals",
        "isPrimeEligible": "0"
    },
    {
        "ASIN": "B00EXZF01W",
        "title": "CLINIQUE Take The Day Off Cleansing Balm Makeup Remover 3.8 oz/ 125 mL",
        "price": "$21.85 ($5.18 / Fl Oz)",
        "listPrice": "$23.79 ($5.64 / Fl Oz)",
        "imageUrl": "https://m.media-amazon.com/images/I/313XMj3W0sL._SL160_.jpg",
        "detailPageURL": "https://www.amazon.com/dp/B00EXZF01W",
        "rating": "4.7",
        "totalReviews": "403",
        "subtitle": "Clinique",
        "isPrimeEligible": "0"
    },
    {
        "ASIN": "B0BN2PX8V3",
        "title": "ANUA Heartleaf Pore Control Cleansing Oil Korean Facial Cleanser, Daily Makeup Blackheads Removal 6.7 fl oz(200ml)",
        "price": "$17.90 ($2.67 / Fl Oz)",
        "listPrice": "",
        "imageUrl": "https://m.media-amazon.com/images/I/31n4TECLwuL._SL160_.jpg",
        "detailPageURL": "https://www.amazon.com/dp/B0BN2PX8V3",
        "rating": "4.5",
        "totalReviews": "506",
        "subtitle": "ANUA",
        "isPrimeEligible": "1"
    },
    {
        "ASIN": "B09Q327VH6",
        "title": "Youth To The People Superberry Dream Cleansing Balm for Face- Hyaluronic Acid Hydrating Facial Cleanser + Makeup Remover Balm with Moringa Oil, Acai - Paraben + PEG Free Vegan Face Balm (3.4oz)",
        "price": "$39.00 ($11.47 / Ounce)",
        "listPrice": "",
        "imageUrl": "https://m.media-amazon.com/images/I/31bOMWBmYBL._SL160_.jpg",
        "detailPageURL": "https://www.amazon.com/dp/B09Q327VH6",
        "rating": "4.3",
        "totalReviews": "292",
        "subtitle": "Youth To The People",
        "isPrimeEligible": "1"
    },
    {
        "ASIN": "B086P94PJJ",
        "title": "I'm from] Fig Cleansing balm 100ml, korean makeup remover, vegan, Easy to rinse off, Fig oil water 7.8% with Peptide and Amino Acid, Makeup Meltaway, makeup melting balm to oil",
        "price": "$22.75 ($6.69 / Ounce)",
        "listPrice": "$29.90 ($8.79 / Ounce)",
        "imageUrl": "https://m.media-amazon.com/images/I/41i7zPKs9lL._SL160_.jpg",
        "detailPageURL": "https://www.amazon.com/dp/B086P94PJJ",
        "rating": "4.5",
        "totalReviews": "380",
        "subtitle": "I'm from",
        "isPrimeEligible": "1"
    },
    {
        "ASIN": "B08QSMG1WR",
        "title": "BANILA CO Clean It Zero Nourishing Cleansing Balm Makeup Remover & Face Cleanser, Double cleanse, face wash for moisturized, supple skin",
        "price": "$21.55 ($6.38 / Ounce)",
        "listPrice": "",
        "imageUrl": "https://m.media-amazon.com/images/I/31XJX45bqgL._SL160_.jpg",
        "detailPageURL": "https://www.amazon.com/dp/B08QSMG1WR",
        "rating": "4.6",
        "totalReviews": "346",
        "subtitle": "BANILA CO",
        "isPrimeEligible": "1"
    },
    {
        "ASIN": "B0CB88MHM3",
        "title": "UCANBE Cleansing Balm Makeup Remover, Natural Gentle, Deep Cleaning, Makeup Cleansing Balm for Waterproof Eye Face Lip Makeup, 3.17oz, Made for All Skin Types",
        "price": "$13.99 ($4.41 / Fl Oz)",
        "listPrice": "$14.99 ($4.73 / Fl Oz)",
        "imageUrl": "https://m.media-amazon.com/images/I/31YdToDGHWL._SL160_.jpg",
        "detailPageURL": "https://www.amazon.com/dp/B0CB88MHM3",
        "rating": "4.5",
        "totalReviews": "24",
        "subtitle": "UCANBE",
        "isPrimeEligible": "1"
    },
    {
        "ASIN": "B07TKQ4C7N",
        "title": "Versed Day Dissolve Cleansing Balm - Residue-Free Makeup Remover & Milk Cleanser with Eucalyptus Oil + Vitamin E - Eye Safe Oil Based Balm Cleanser for All Skin Types - Vegan, Cruelty-Free (2.3oz)",
        "price": "$18.97 ($8.25 / Ounce)",
        "listPrice": "",
        "imageUrl": "https://m.media-amazon.com/images/I/31d-WsFgU4L._SL160_.jpg",
        "detailPageURL": "https://www.amazon.com/dp/B07TKQ4C7N",
        "rating": "4.5",
        "totalReviews": "796",
        "subtitle": "Versed",
        "isPrimeEligible": "1"
    },
    {
        "ASIN": "B000WN6N56",
        "title": "Clinique TAKE THE DAY OFF CLEANSING BALM-/3.8OZ, (215552)",
        "price": "$21.65 ($5.70 / Ounce)",
        "listPrice": "$24.00 ($6.32 / Ounce)",
        "imageUrl": "https://m.media-amazon.com/images/I/31eDWi8uuvL._SL160_.jpg",
        "detailPageURL": "https://www.amazon.com/dp/B000WN6N56",
        "rating": "4.7",
        "totalReviews": "2622",
        "subtitle": "Clinique",
        "isPrimeEligible": "0"
    },
    {
        "ASIN": "B09L3XFG65",
        "title": "Andalou Naturals Deep Hydration Cleansing Balm, 3 OZ",
        "price": "$11.76 ($3.92 / Ounce)",
        "listPrice": "$17.54 ($5.85 / Ounce)",
        "imageUrl": "https://m.media-amazon.com/images/I/51cRd6Zc98L._SL160_.jpg",
        "detailPageURL": "https://www.amazon.com/dp/B09L3XFG65",
        "rating": "",
        "totalReviews": "",
        "subtitle": "Andalou Naturals",
        "isPrimeEligible": "0"
    },
    {
        "ASIN": "B00EXZF01W",
        "title": "CLINIQUE Take The Day Off Cleansing Balm Makeup Remover 3.8 oz/ 125 mL",
        "price": "$21.85 ($5.18 / Fl Oz)",
        "listPrice": "$23.79 ($5.64 / Fl Oz)",
        "imageUrl": "https://m.media-amazon.com/images/I/313XMj3W0sL._SL160_.jpg",
        "detailPageURL": "https://www.amazon.com/dp/B00EXZF01W",
        "rating": "4.7",
        "totalReviews": "403",
        "subtitle": "Clinique",
        "isPrimeEligible": "0"
    },
    {
        "ASIN": "B0BN2PX8V3",
        "title": "ANUA Heartleaf Pore Control Cleansing Oil Korean Facial Cleanser, Daily Makeup Blackheads Removal 6.7 fl oz(200ml)",
        "price": "$17.90 ($2.67 / Fl Oz)",
        "listPrice": "",
        "imageUrl": "https://m.media-amazon.com/images/I/31n4TECLwuL._SL160_.jpg",
        "detailPageURL": "https://www.amazon.com/dp/B0BN2PX8V3",
        "rating": "4.5",
        "totalReviews": "506",
        "subtitle": "ANUA",
        "isPrimeEligible": "1"
    },
    {
        "ASIN": "B09Q327VH6",
        "title": "Youth To The People Superberry Dream Cleansing Balm for Face- Hyaluronic Acid Hydrating Facial Cleanser + Makeup Remover Balm with Moringa Oil, Acai - Paraben + PEG Free Vegan Face Balm (3.4oz)",
        "price": "$39.00 ($11.47 / Ounce)",
        "listPrice": "",
        "imageUrl": "https://m.media-amazon.com/images/I/31bOMWBmYBL._SL160_.jpg",
        "detailPageURL": "https://www.amazon.com/dp/B09Q327VH6",
        "rating": "4.3",
        "totalReviews": "292",
        "subtitle": "Youth To The People",
        "isPrimeEligible": "1"
    },
    {
        "ASIN": "B086P94PJJ",
        "title": "I'm from] Fig Cleansing balm 100ml, korean makeup remover, vegan, Easy to rinse off, Fig oil water 7.8% with Peptide and Amino Acid, Makeup Meltaway, makeup melting balm to oil",
        "price": "$22.75 ($6.69 / Ounce)",
        "listPrice": "$29.90 ($8.79 / Ounce)",
        "imageUrl": "https://m.media-amazon.com/images/I/41i7zPKs9lL._SL160_.jpg",
        "detailPageURL": "https://www.amazon.com/dp/B086P94PJJ",
        "rating": "4.5",
        "totalReviews": "380",
        "subtitle": "I'm from",
        "isPrimeEligible": "1"
    },
    {
        "ASIN": "B08QSMG1WR",
        "title": "BANILA CO Clean It Zero Nourishing Cleansing Balm Makeup Remover & Face Cleanser, Double cleanse, face wash for moisturized, supple skin",
        "price": "$21.55 ($6.38 / Ounce)",
        "listPrice": "",
        "imageUrl": "https://m.media-amazon.com/images/I/31XJX45bqgL._SL160_.jpg",
        "detailPageURL": "https://www.amazon.com/dp/B08QSMG1WR",
        "rating": "4.6",
        "totalReviews": "346",
        "subtitle": "BANILA CO",
        "isPrimeEligible": "1"
    },
    {
        "ASIN": "B0BR3SSHKJ",
        "title": "B_LAB CICA Barrier 5.5 Cleansing Oil Balm 100ml",
        "price": "$9.99 ($9.99 / Fl Oz)",
        "listPrice": "",
        "imageUrl": "https://m.media-amazon.com/images/I/315ZclFSMCL._SL160_.jpg",
        "detailPageURL": "https://www.amazon.com/dp/B0BR3SSHKJ",
        "rating": "4.3",
        "totalReviews": "28",
        "subtitle": "B_LAB",
        "isPrimeEligible": "1"
    },
    {
        "ASIN": "B07TKQ4C7N",
        "title": "Versed Day Dissolve Cleansing Balm - Residue-Free Makeup Remover & Milk Cleanser with Eucalyptus Oil + Vitamin E - Eye Safe Oil Based Balm Cleanser for All Skin Types - Vegan, Cruelty-Free (2.3oz)",
        "price": "$18.97 ($8.25 / Ounce)",
        "listPrice": "",
        "imageUrl": "https://m.media-amazon.com/images/I/31d-WsFgU4L._SL160_.jpg",
        "detailPageURL": "https://www.amazon.com/dp/B07TKQ4C7N",
        "rating": "4.5",
        "totalReviews": "796",
        "subtitle": "Versed",
        "isPrimeEligible": "1"
    },
    {
        "ASIN": "B000WN6N56",
        "title": "Clinique TAKE THE DAY OFF CLEANSING BALM-/3.8OZ, (215552)",
        "price": "$21.65 ($5.70 / Ounce)",
        "listPrice": "$24.00 ($6.32 / Ounce)",
        "imageUrl": "https://m.media-amazon.com/images/I/31eDWi8uuvL._SL160_.jpg",
        "detailPageURL": "https://www.amazon.com/dp/B000WN6N56",
        "rating": "4.7",
        "totalReviews": "2622",
        "subtitle": "Clinique",
        "isPrimeEligible": "0"
    },
    {
        "ASIN": "B09L3XFG65",
        "title": "Andalou Naturals Deep Hydration Cleansing Balm, 3 OZ",
        "price": "$11.76 ($3.92 / Ounce)",
        "listPrice": "$17.54 ($5.85 / Ounce)",
        "imageUrl": "https://m.media-amazon.com/images/I/51cRd6Zc98L._SL160_.jpg",
        "detailPageURL": "https://www.amazon.com/dp/B09L3XFG65",
        "rating": "",
        "totalReviews": "",
        "subtitle": "Andalou Naturals",
        "isPrimeEligible": "0"
    },
    {
        "ASIN": "B00EXZF01W",
        "title": "CLINIQUE Take The Day Off Cleansing Balm Makeup Remover 3.8 oz/ 125 mL",
        "price": "$21.85 ($5.18 / Fl Oz)",
        "listPrice": "$23.79 ($5.64 / Fl Oz)",
        "imageUrl": "https://m.media-amazon.com/images/I/313XMj3W0sL._SL160_.jpg",
        "detailPageURL": "https://www.amazon.com/dp/B00EXZF01W",
        "rating": "4.7",
        "totalReviews": "403",
        "subtitle": "Clinique",
        "isPrimeEligible": "0"
    },
    {
        "ASIN": "B0BN2PX8V3",
        "title": "ANUA Heartleaf Pore Control Cleansing Oil Korean Facial Cleanser, Daily Makeup Blackheads Removal 6.7 fl oz(200ml)",
        "price": "$17.90 ($2.67 / Fl Oz)",
        "listPrice": "",
        "imageUrl": "https://m.media-amazon.com/images/I/31n4TECLwuL._SL160_.jpg",
        "detailPageURL": "https://www.amazon.com/dp/B0BN2PX8V3",
        "rating": "4.5",
        "totalReviews": "506",
        "subtitle": "ANUA",
        "isPrimeEligible": "1"
    },
    {
        "ASIN": "B09Q327VH6",
        "title": "Youth To The People Superberry Dream Cleansing Balm for Face- Hyaluronic Acid Hydrating Facial Cleanser + Makeup Remover Balm with Moringa Oil, Acai - Paraben + PEG Free Vegan Face Balm (3.4oz)",
        "price": "$39.00 ($11.47 / Ounce)",
        "listPrice": "",
        "imageUrl": "https://m.media-amazon.com/images/I/31bOMWBmYBL._SL160_.jpg",
        "detailPageURL": "https://www.amazon.com/dp/B09Q327VH6",
        "rating": "4.3",
        "totalReviews": "292",
        "subtitle": "Youth To The People",
        "isPrimeEligible": "1"
    },
    {
        "ASIN": "B086P94PJJ",
        "title": "I'm from] Fig Cleansing balm 100ml, korean makeup remover, vegan, Easy to rinse off, Fig oil water 7.8% with Peptide and Amino Acid, Makeup Meltaway, makeup melting balm to oil",
        "price": "$22.75 ($6.69 / Ounce)",
        "listPrice": "$29.90 ($8.79 / Ounce)",
        "imageUrl": "https://m.media-amazon.com/images/I/41i7zPKs9lL._SL160_.jpg",
        "detailPageURL": "https://www.amazon.com/dp/B086P94PJJ",
        "rating": "4.5",
        "totalReviews": "380",
        "subtitle": "I'm from",
        "isPrimeEligible": "1"
    },
    {
        "ASIN": "B08QSMG1WR",
        "title": "BANILA CO Clean It Zero Nourishing Cleansing Balm Makeup Remover & Face Cleanser, Double cleanse, face wash for moisturized, supple skin",
        "price": "$21.55 ($6.38 / Ounce)",
        "listPrice": "",
        "imageUrl": "https://m.media-amazon.com/images/I/31XJX45bqgL._SL160_.jpg",
        "detailPageURL": "https://www.amazon.com/dp/B08QSMG1WR",
        "rating": "4.6",
        "totalReviews": "346",
        "subtitle": "BANILA CO",
        "isPrimeEligible": "1"
    },
    {
        "ASIN": "B0BR3SSHKJ",
        "title": "B_LAB CICA Barrier 5.5 Cleansing Oil Balm 100ml",
        "price": "$9.99 ($9.99 / Fl Oz)",
        "listPrice": "",
        "imageUrl": "https://m.media-amazon.com/images/I/315ZclFSMCL._SL160_.jpg",
        "detailPageURL": "https://www.amazon.com/dp/B0BR3SSHKJ",
        "rating": "4.3",
        "totalReviews": "28",
        "subtitle": "B_LAB",
        "isPrimeEligible": "1"
    },
    {
        "ASIN": "B07MNZ7WTR",
        "title": "Physicians Formula Face Cleansing Balm The Perfect Matcha 3-in-1 Makeup Remover For Eye, Lip, Or Face, Deeply Cleanses Pores And Removes Impurities, Ultra Nourishing Soothing Treatment",
        "price": "$14.42 ($10.30 / Ounce)",
        "listPrice": "",
        "imageUrl": "https://m.media-amazon.com/images/I/315ckUpm8OL._SL160_.jpg",
        "detailPageURL": "https://www.amazon.com/dp/B07MNZ7WTR",
        "rating": "4.4",
        "totalReviews": "3297",
        "subtitle": "Physicians Formula",
        "isPrimeEligible": "1"
    },
    {
        "ASIN": "B000WN6N56",
        "title": "Clinique TAKE THE DAY OFF CLEANSING BALM-/3.8OZ, (215552)",
        "price": "$21.65 ($5.70 / Ounce)",
        "listPrice": "$24.00 ($6.32 / Ounce)",
        "imageUrl": "https://m.media-amazon.com/images/I/31eDWi8uuvL._SL160_.jpg",
        "detailPageURL": "https://www.amazon.com/dp/B000WN6N56",
        "rating": "4.7",
        "totalReviews": "2622",
        "subtitle": "Clinique",
        "isPrimeEligible": "0"
    },
    {
        "ASIN": "B09L3XFG65",
        "title": "Andalou Naturals Deep Hydration Cleansing Balm, 3 OZ",
        "price": "$11.76 ($3.92 / Ounce)",
        "listPrice": "$17.54 ($5.85 / Ounce)",
        "imageUrl": "https://m.media-amazon.com/images/I/51cRd6Zc98L._SL160_.jpg",
        "detailPageURL": "https://www.amazon.com/dp/B09L3XFG65",
        "rating": "",
        "totalReviews": "",
        "subtitle": "Andalou Naturals",
        "isPrimeEligible": "0"
    },
    {
        "ASIN": "B00EXZF01W",
        "title": "CLINIQUE Take The Day Off Cleansing Balm Makeup Remover 3.8 oz/ 125 mL",
        "price": "$21.85 ($5.18 / Fl Oz)",
        "listPrice": "$23.79 ($5.64 / Fl Oz)",
        "imageUrl": "https://m.media-amazon.com/images/I/313XMj3W0sL._SL160_.jpg",
        "detailPageURL": "https://www.amazon.com/dp/B00EXZF01W",
        "rating": "4.7",
        "totalReviews": "403",
        "subtitle": "Clinique",
        "isPrimeEligible": "0"
    },
    {
        "ASIN": "B0BN2PX8V3",
        "title": "ANUA Heartleaf Pore Control Cleansing Oil Korean Facial Cleanser, Daily Makeup Blackheads Removal 6.7 fl oz(200ml)",
        "price": "$17.90 ($2.67 / Fl Oz)",
        "listPrice": "",
        "imageUrl": "https://m.media-amazon.com/images/I/31n4TECLwuL._SL160_.jpg",
        "detailPageURL": "https://www.amazon.com/dp/B0BN2PX8V3",
        "rating": "4.5",
        "totalReviews": "506",
        "subtitle": "ANUA",
        "isPrimeEligible": "1"
    },
    {
        "ASIN": "B09Q327VH6",
        "title": "Youth To The People Superberry Dream Cleansing Balm for Face- Hyaluronic Acid Hydrating Facial Cleanser + Makeup Remover Balm with Moringa Oil, Acai - Paraben + PEG Free Vegan Face Balm (3.4oz)",
        "price": "$39.00 ($11.47 / Ounce)",
        "listPrice": "",
        "imageUrl": "https://m.media-amazon.com/images/I/31bOMWBmYBL._SL160_.jpg",
        "detailPageURL": "https://www.amazon.com/dp/B09Q327VH6",
        "rating": "4.3",
        "totalReviews": "292",
        "subtitle": "Youth To The People",
        "isPrimeEligible": "1"
    },
    {
        "ASIN": "B086P94PJJ",
        "title": "I'm from] Fig Cleansing balm 100ml, korean makeup remover, vegan, Easy to rinse off, Fig oil water 7.8% with Peptide and Amino Acid, Makeup Meltaway, makeup melting balm to oil",
        "price": "$22.75 ($6.69 / Ounce)",
        "listPrice": "$29.90 ($8.79 / Ounce)",
        "imageUrl": "https://m.media-amazon.com/images/I/41i7zPKs9lL._SL160_.jpg",
        "detailPageURL": "https://www.amazon.com/dp/B086P94PJJ",
        "rating": "4.5",
        "totalReviews": "380",
        "subtitle": "I'm from",
        "isPrimeEligible": "1"
    },
    {
        "ASIN": "B08QSMG1WR",
        "title": "BANILA CO Clean It Zero Nourishing Cleansing Balm Makeup Remover & Face Cleanser, Double cleanse, face wash for moisturized, supple skin",
        "price": "$21.55 ($6.38 / Ounce)",
        "listPrice": "",
        "imageUrl": "https://m.media-amazon.com/images/I/31XJX45bqgL._SL160_.jpg",
        "detailPageURL": "https://www.amazon.com/dp/B08QSMG1WR",
        "rating": "4.6",
        "totalReviews": "346",
        "subtitle": "BANILA CO",
        "isPrimeEligible": "1"
    },
    {
        "ASIN": "B0BR3SSHKJ",
        "title": "B_LAB CICA Barrier 5.5 Cleansing Oil Balm 100ml",
        "price": "$9.99 ($9.99 / Fl Oz)",
        "listPrice": "",
        "imageUrl": "https://m.media-amazon.com/images/I/315ZclFSMCL._SL160_.jpg",
        "detailPageURL": "https://www.amazon.com/dp/B0BR3SSHKJ",
        "rating": "4.3",
        "totalReviews": "28",
        "subtitle": "B_LAB",
        "isPrimeEligible": "1"
    },
    {
        "ASIN": "B07MNZ7WTR",
        "title": "Physicians Formula Face Cleansing Balm The Perfect Matcha 3-in-1 Makeup Remover For Eye, Lip, Or Face, Deeply Cleanses Pores And Removes Impurities, Ultra Nourishing Soothing Treatment",
        "price": "$14.42 ($10.30 / Ounce)",
        "listPrice": "",
        "imageUrl": "https://m.media-amazon.com/images/I/315ckUpm8OL._SL160_.jpg",
        "detailPageURL": "https://www.amazon.com/dp/B07MNZ7WTR",
        "rating": "4.4",
        "totalReviews": "3297",
        "subtitle": "Physicians Formula",
        "isPrimeEligible": "1"
    },
    {
        "ASIN": "B0BN4P6LBP",
        "title": "JUNO & Co. 10 Ingredients Cleansing Balm and Clarifying Cleansing Powder",
        "price": "$30.99",
        "listPrice": "$32.98",
        "imageUrl": "https://m.media-amazon.com/images/I/31fsXRWtCXL._SL160_.jpg",
        "detailPageURL": "https://www.amazon.com/dp/B0BN4P6LBP",
        "rating": "4.9",
        "totalReviews": "50",
        "subtitle": "JUNO & Co.",
        "isPrimeEligible": "1"
    },
    {
        "ASIN": "B09L3XFG65",
        "title": "Andalou Naturals Deep Hydration Cleansing Balm, 3 OZ",
        "price": "$11.76 ($3.92 / Ounce)",
        "listPrice": "$17.54 ($5.85 / Ounce)",
        "imageUrl": "https://m.media-amazon.com/images/I/51cRd6Zc98L._SL160_.jpg",
        "detailPageURL": "https://www.amazon.com/dp/B09L3XFG65",
        "rating": "",
        "totalReviews": "",
        "subtitle": "Andalou Naturals",
        "isPrimeEligible": "0"
    },
    {
        "ASIN": "B00EXZF01W",
        "title": "CLINIQUE Take The Day Off Cleansing Balm Makeup Remover 3.8 oz/ 125 mL",
        "price": "$21.85 ($5.18 / Fl Oz)",
        "listPrice": "$23.79 ($5.64 / Fl Oz)",
        "imageUrl": "https://m.media-amazon.com/images/I/313XMj3W0sL._SL160_.jpg",
        "detailPageURL": "https://www.amazon.com/dp/B00EXZF01W",
        "rating": "4.7",
        "totalReviews": "403",
        "subtitle": "Clinique",
        "isPrimeEligible": "0"
    },
    {
        "ASIN": "B0BN2PX8V3",
        "title": "ANUA Heartleaf Pore Control Cleansing Oil Korean Facial Cleanser, Daily Makeup Blackheads Removal 6.7 fl oz(200ml)",
        "price": "$17.90 ($2.67 / Fl Oz)",
        "listPrice": "",
        "imageUrl": "https://m.media-amazon.com/images/I/31n4TECLwuL._SL160_.jpg",
        "detailPageURL": "https://www.amazon.com/dp/B0BN2PX8V3",
        "rating": "4.5",
        "totalReviews": "506",
        "subtitle": "ANUA",
        "isPrimeEligible": "1"
    },
    {
        "ASIN": "B09Q327VH6",
        "title": "Youth To The People Superberry Dream Cleansing Balm for Face- Hyaluronic Acid Hydrating Facial Cleanser + Makeup Remover Balm with Moringa Oil, Acai - Paraben + PEG Free Vegan Face Balm (3.4oz)",
        "price": "$39.00 ($11.47 / Ounce)",
        "listPrice": "",
        "imageUrl": "https://m.media-amazon.com/images/I/31bOMWBmYBL._SL160_.jpg",
        "detailPageURL": "https://www.amazon.com/dp/B09Q327VH6",
        "rating": "4.3",
        "totalReviews": "292",
        "subtitle": "Youth To The People",
        "isPrimeEligible": "1"
    },
    {
        "ASIN": "B086P94PJJ",
        "title": "I'm from] Fig Cleansing balm 100ml, korean makeup remover, vegan, Easy to rinse off, Fig oil water 7.8% with Peptide and Amino Acid, Makeup Meltaway, makeup melting balm to oil",
        "price": "$22.75 ($6.69 / Ounce)",
        "listPrice": "$29.90 ($8.79 / Ounce)",
        "imageUrl": "https://m.media-amazon.com/images/I/41i7zPKs9lL._SL160_.jpg",
        "detailPageURL": "https://www.amazon.com/dp/B086P94PJJ",
        "rating": "4.5",
        "totalReviews": "380",
        "subtitle": "I'm from",
        "isPrimeEligible": "1"
    },
    {
        "ASIN": "B08QSMG1WR",
        "title": "BANILA CO Clean It Zero Nourishing Cleansing Balm Makeup Remover & Face Cleanser, Double cleanse, face wash for moisturized, supple skin",
        "price": "$21.55 ($6.38 / Ounce)",
        "listPrice": "",
        "imageUrl": "https://m.media-amazon.com/images/I/31XJX45bqgL._SL160_.jpg",
        "detailPageURL": "https://www.amazon.com/dp/B08QSMG1WR",
        "rating": "4.6",
        "totalReviews": "346",
        "subtitle": "BANILA CO",
        "isPrimeEligible": "1"
    },
    {
        "ASIN": "B0BR3SSHKJ",
        "title": "B_LAB CICA Barrier 5.5 Cleansing Oil Balm 100ml",
        "price": "$9.99 ($9.99 / Fl Oz)",
        "listPrice": "",
        "imageUrl": "https://m.media-amazon.com/images/I/315ZclFSMCL._SL160_.jpg",
        "detailPageURL": "https://www.amazon.com/dp/B0BR3SSHKJ",
        "rating": "4.3",
        "totalReviews": "28",
        "subtitle": "B_LAB",
        "isPrimeEligible": "1"
    },
    {
        "ASIN": "B07MNZ7WTR",
        "title": "Physicians Formula Face Cleansing Balm The Perfect Matcha 3-in-1 Makeup Remover For Eye, Lip, Or Face, Deeply Cleanses Pores And Removes Impurities, Ultra Nourishing Soothing Treatment",
        "price": "$14.42 ($10.30 / Ounce)",
        "listPrice": "",
        "imageUrl": "https://m.media-amazon.com/images/I/315ckUpm8OL._SL160_.jpg",
        "detailPageURL": "https://www.amazon.com/dp/B07MNZ7WTR",
        "rating": "4.4",
        "totalReviews": "3297",
        "subtitle": "Physicians Formula",
        "isPrimeEligible": "1"
    },
    {
        "ASIN": "B0BN4P6LBP",
        "title": "JUNO & Co. 10 Ingredients Cleansing Balm and Clarifying Cleansing Powder",
        "price": "$30.99",
        "listPrice": "$32.98",
        "imageUrl": "https://m.media-amazon.com/images/I/31fsXRWtCXL._SL160_.jpg",
        "detailPageURL": "https://www.amazon.com/dp/B0BN4P6LBP",
        "rating": "4.9",
        "totalReviews": "50",
        "subtitle": "JUNO & Co.",
        "isPrimeEligible": "1"
    },
    {
        "ASIN": "B083DPCQT3",
        "title": "BANILA CO Clean It Zero Purifying Cleansing Balm Makeup Remover & Face Cleanser, Sensitive Skin, Balm to Oil, Double Cleanse, Acne, Breakouts, Redness",
        "price": "$20.48 ($6.02 / Ounce)",
        "listPrice": "$23.15 ($6.81 / Ounce)",
        "imageUrl": "https://m.media-amazon.com/images/I/31oTOJqtsbL._SL160_.jpg",
        "detailPageURL": "https://www.amazon.com/dp/B083DPCQT3",
        "rating": "4.6",
        "totalReviews": "480",
        "subtitle": "BANILA CO",
        "isPrimeEligible": "1"
    },
    {
        "ASIN": "B00EXZF01W",
        "title": "CLINIQUE Take The Day Off Cleansing Balm Makeup Remover 3.8 oz/ 125 mL",
        "price": "$21.85 ($5.18 / Fl Oz)",
        "listPrice": "$23.79 ($5.64 / Fl Oz)",
        "imageUrl": "https://m.media-amazon.com/images/I/313XMj3W0sL._SL160_.jpg",
        "detailPageURL": "https://www.amazon.com/dp/B00EXZF01W",
        "rating": "4.7",
        "totalReviews": "403",
        "subtitle": "Clinique",
        "isPrimeEligible": "0"
    },
    {
        "ASIN": "B0BN2PX8V3",
        "title": "ANUA Heartleaf Pore Control Cleansing Oil Korean Facial Cleanser, Daily Makeup Blackheads Removal 6.7 fl oz(200ml)",
        "price": "$17.90 ($2.67 / Fl Oz)",
        "listPrice": "",
        "imageUrl": "https://m.media-amazon.com/images/I/31n4TECLwuL._SL160_.jpg",
        "detailPageURL": "https://www.amazon.com/dp/B0BN2PX8V3",
        "rating": "4.5",
        "totalReviews": "506",
        "subtitle": "ANUA",
        "isPrimeEligible": "1"
    },
    {
        "ASIN": "B09Q327VH6",
        "title": "Youth To The People Superberry Dream Cleansing Balm for Face- Hyaluronic Acid Hydrating Facial Cleanser + Makeup Remover Balm with Moringa Oil, Acai - Paraben + PEG Free Vegan Face Balm (3.4oz)",
        "price": "$39.00 ($11.47 / Ounce)",
        "listPrice": "",
        "imageUrl": "https://m.media-amazon.com/images/I/31bOMWBmYBL._SL160_.jpg",
        "detailPageURL": "https://www.amazon.com/dp/B09Q327VH6",
        "rating": "4.3",
        "totalReviews": "292",
        "subtitle": "Youth To The People",
        "isPrimeEligible": "1"
    },
    {
        "ASIN": "B086P94PJJ",
        "title": "I'm from] Fig Cleansing balm 100ml, korean makeup remover, vegan, Easy to rinse off, Fig oil water 7.8% with Peptide and Amino Acid, Makeup Meltaway, makeup melting balm to oil",
        "price": "$22.75 ($6.69 / Ounce)",
        "listPrice": "$29.90 ($8.79 / Ounce)",
        "imageUrl": "https://m.media-amazon.com/images/I/41i7zPKs9lL._SL160_.jpg",
        "detailPageURL": "https://www.amazon.com/dp/B086P94PJJ",
        "rating": "4.5",
        "totalReviews": "380",
        "subtitle": "I'm from",
        "isPrimeEligible": "1"
    },
    {
        "ASIN": "B08QSMG1WR",
        "title": "BANILA CO Clean It Zero Nourishing Cleansing Balm Makeup Remover & Face Cleanser, Double cleanse, face wash for moisturized, supple skin",
        "price": "$21.55 ($6.38 / Ounce)",
        "listPrice": "",
        "imageUrl": "https://m.media-amazon.com/images/I/31XJX45bqgL._SL160_.jpg",
        "detailPageURL": "https://www.amazon.com/dp/B08QSMG1WR",
        "rating": "4.6",
        "totalReviews": "346",
        "subtitle": "BANILA CO",
        "isPrimeEligible": "1"
    },
    {
        "ASIN": "B0BR3SSHKJ",
        "title": "B_LAB CICA Barrier 5.5 Cleansing Oil Balm 100ml",
        "price": "$9.99 ($9.99 / Fl Oz)",
        "listPrice": "",
        "imageUrl": "https://m.media-amazon.com/images/I/315ZclFSMCL._SL160_.jpg",
        "detailPageURL": "https://www.amazon.com/dp/B0BR3SSHKJ",
        "rating": "4.3",
        "totalReviews": "28",
        "subtitle": "B_LAB",
        "isPrimeEligible": "1"
    },
    {
        "ASIN": "B07MNZ7WTR",
        "title": "Physicians Formula Face Cleansing Balm The Perfect Matcha 3-in-1 Makeup Remover For Eye, Lip, Or Face, Deeply Cleanses Pores And Removes Impurities, Ultra Nourishing Soothing Treatment",
        "price": "$14.42 ($10.30 / Ounce)",
        "listPrice": "",
        "imageUrl": "https://m.media-amazon.com/images/I/315ckUpm8OL._SL160_.jpg",
        "detailPageURL": "https://www.amazon.com/dp/B07MNZ7WTR",
        "rating": "4.4",
        "totalReviews": "3297",
        "subtitle": "Physicians Formula",
        "isPrimeEligible": "1"
    },
    {
        "ASIN": "B0BN4P6LBP",
        "title": "JUNO & Co. 10 Ingredients Cleansing Balm and Clarifying Cleansing Powder",
        "price": "$30.99",
        "listPrice": "$32.98",
        "imageUrl": "https://m.media-amazon.com/images/I/31fsXRWtCXL._SL160_.jpg",
        "detailPageURL": "https://www.amazon.com/dp/B0BN4P6LBP",
        "rating": "4.9",
        "totalReviews": "50",
        "subtitle": "JUNO & Co.",
        "isPrimeEligible": "1"
    },
    {
        "ASIN": "B083DPCQT3",
        "title": "BANILA CO Clean It Zero Purifying Cleansing Balm Makeup Remover & Face Cleanser, Sensitive Skin, Balm to Oil, Double Cleanse, Acne, Breakouts, Redness",
        "price": "$20.48 ($6.02 / Ounce)",
        "listPrice": "$23.15 ($6.81 / Ounce)",
        "imageUrl": "https://m.media-amazon.com/images/I/31oTOJqtsbL._SL160_.jpg",
        "detailPageURL": "https://www.amazon.com/dp/B083DPCQT3",
        "rating": "4.6",
        "totalReviews": "480",
        "subtitle": "BANILA CO",
        "isPrimeEligible": "1"
    },
    {
        "ASIN": "B0BBKQTGYY",
        "title": "Bliss Mighty Biome Deep Cleansing Balm - 3.0 Oz - Pre/Post Biotics + Barrier Aid - Antioxidants to Balance Skin Barrier - Dissovlves Waterproof Makeup & Impurities - Clean - Vegan & Cruetly-Free",
        "price": "$9.97 ($3.32 / Ounce)",
        "listPrice": "$18.00 ($6.00 / Ounce)",
        "imageUrl": "https://m.media-amazon.com/images/I/41KBwK39KqL._SL160_.jpg",
        "detailPageURL": "https://www.amazon.com/dp/B0BBKQTGYY",
        "rating": "4.0",
        "totalReviews": "31",
        "subtitle": "Bliss",
        "isPrimeEligible": "1"
    },
    {
        "ASIN": "B0BN2PX8V3",
        "title": "ANUA Heartleaf Pore Control Cleansing Oil Korean Facial Cleanser, Daily Makeup Blackheads Removal 6.7 fl oz(200ml)",
        "price": "$17.90 ($2.67 / Fl Oz)",
        "listPrice": "",
        "imageUrl": "https://m.media-amazon.com/images/I/31n4TECLwuL._SL160_.jpg",
        "detailPageURL": "https://www.amazon.com/dp/B0BN2PX8V3",
        "rating": "4.5",
        "totalReviews": "506",
        "subtitle": "ANUA",
        "isPrimeEligible": "1"
    },
    {
        "ASIN": "B09Q327VH6",
        "title": "Youth To The People Superberry Dream Cleansing Balm for Face- Hyaluronic Acid Hydrating Facial Cleanser + Makeup Remover Balm with Moringa Oil, Acai - Paraben + PEG Free Vegan Face Balm (3.4oz)",
        "price": "$39.00 ($11.47 / Ounce)",
        "listPrice": "",
        "imageUrl": "https://m.media-amazon.com/images/I/31bOMWBmYBL._SL160_.jpg",
        "detailPageURL": "https://www.amazon.com/dp/B09Q327VH6",
        "rating": "4.3",
        "totalReviews": "292",
        "subtitle": "Youth To The People",
        "isPrimeEligible": "1"
    },
    {
        "ASIN": "B086P94PJJ",
        "title": "I'm from] Fig Cleansing balm 100ml, korean makeup remover, vegan, Easy to rinse off, Fig oil water 7.8% with Peptide and Amino Acid, Makeup Meltaway, makeup melting balm to oil",
        "price": "$22.75 ($6.69 / Ounce)",
        "listPrice": "$29.90 ($8.79 / Ounce)",
        "imageUrl": "https://m.media-amazon.com/images/I/41i7zPKs9lL._SL160_.jpg",
        "detailPageURL": "https://www.amazon.com/dp/B086P94PJJ",
        "rating": "4.5",
        "totalReviews": "380",
        "subtitle": "I'm from",
        "isPrimeEligible": "1"
    },
    {
        "ASIN": "B08QSMG1WR",
        "title": "BANILA CO Clean It Zero Nourishing Cleansing Balm Makeup Remover & Face Cleanser, Double cleanse, face wash for moisturized, supple skin",
        "price": "$21.55 ($6.38 / Ounce)",
        "listPrice": "",
        "imageUrl": "https://m.media-amazon.com/images/I/31XJX45bqgL._SL160_.jpg",
        "detailPageURL": "https://www.amazon.com/dp/B08QSMG1WR",
        "rating": "4.6",
        "totalReviews": "346",
        "subtitle": "BANILA CO",
        "isPrimeEligible": "1"
    },
    {
        "ASIN": "B0BR3SSHKJ",
        "title": "B_LAB CICA Barrier 5.5 Cleansing Oil Balm 100ml",
        "price": "$9.99 ($9.99 / Fl Oz)",
        "listPrice": "",
        "imageUrl": "https://m.media-amazon.com/images/I/315ZclFSMCL._SL160_.jpg",
        "detailPageURL": "https://www.amazon.com/dp/B0BR3SSHKJ",
        "rating": "4.3",
        "totalReviews": "28",
        "subtitle": "B_LAB",
        "isPrimeEligible": "1"
    },
    {
        "ASIN": "B07MNZ7WTR",
        "title": "Physicians Formula Face Cleansing Balm The Perfect Matcha 3-in-1 Makeup Remover For Eye, Lip, Or Face, Deeply Cleanses Pores And Removes Impurities, Ultra Nourishing Soothing Treatment",
        "price": "$14.42 ($10.30 / Ounce)",
        "listPrice": "",
        "imageUrl": "https://m.media-amazon.com/images/I/315ckUpm8OL._SL160_.jpg",
        "detailPageURL": "https://www.amazon.com/dp/B07MNZ7WTR",
        "rating": "4.4",
        "totalReviews": "3297",
        "subtitle": "Physicians Formula",
        "isPrimeEligible": "1"
    },
    {
        "ASIN": "B0BN4P6LBP",
        "title": "JUNO & Co. 10 Ingredients Cleansing Balm and Clarifying Cleansing Powder",
        "price": "$30.99",
        "listPrice": "$32.98",
        "imageUrl": "https://m.media-amazon.com/images/I/31fsXRWtCXL._SL160_.jpg",
        "detailPageURL": "https://www.amazon.com/dp/B0BN4P6LBP",
        "rating": "4.9",
        "totalReviews": "50",
        "subtitle": "JUNO & Co.",
        "isPrimeEligible": "1"
    },
    {
        "ASIN": "B083DPCQT3",
        "title": "BANILA CO Clean It Zero Purifying Cleansing Balm Makeup Remover & Face Cleanser, Sensitive Skin, Balm to Oil, Double Cleanse, Acne, Breakouts, Redness",
        "price": "$20.48 ($6.02 / Ounce)",
        "listPrice": "$23.15 ($6.81 / Ounce)",
        "imageUrl": "https://m.media-amazon.com/images/I/31oTOJqtsbL._SL160_.jpg",
        "detailPageURL": "https://www.amazon.com/dp/B083DPCQT3",
        "rating": "4.6",
        "totalReviews": "480",
        "subtitle": "BANILA CO",
        "isPrimeEligible": "1"
    },
    {
        "ASIN": "B0BBKQTGYY",
        "title": "Bliss Mighty Biome Deep Cleansing Balm - 3.0 Oz - Pre/Post Biotics + Barrier Aid - Antioxidants to Balance Skin Barrier - Dissovlves Waterproof Makeup & Impurities - Clean - Vegan & Cruetly-Free",
        "price": "$9.97 ($3.32 / Ounce)",
        "listPrice": "$18.00 ($6.00 / Ounce)",
        "imageUrl": "https://m.media-amazon.com/images/I/41KBwK39KqL._SL160_.jpg",
        "detailPageURL": "https://www.amazon.com/dp/B0BBKQTGYY",
        "rating": "4.0",
        "totalReviews": "31",
        "subtitle": "Bliss",
        "isPrimeEligible": "1"
    },
    {
        "ASIN": "B09P7V8KBF",
        "title": "BUVLEY Pure Oil Cleansing Balm I Low pH, Vegan, Cruelty Free | Daily Makeup Remover Calming and Hydrating Facial Cleanser",
        "price": "$17.99 ($5.32 / Ounce)",
        "listPrice": "",
        "imageUrl": "https://m.media-amazon.com/images/I/31n0yoLy3eL._SL160_.jpg",
        "detailPageURL": "https://www.amazon.com/dp/B09P7V8KBF",
        "rating": "4.3",
        "totalReviews": "49",
        "subtitle": "BUVLEY",
        "isPrimeEligible": "1"
    },
    {
        "ASIN": "B09Q327VH6",
        "title": "Youth To The People Superberry Dream Cleansing Balm for Face- Hyaluronic Acid Hydrating Facial Cleanser + Makeup Remover Balm with Moringa Oil, Acai - Paraben + PEG Free Vegan Face Balm (3.4oz)",
        "price": "$39.00 ($11.47 / Ounce)",
        "listPrice": "",
        "imageUrl": "https://m.media-amazon.com/images/I/31bOMWBmYBL._SL160_.jpg",
        "detailPageURL": "https://www.amazon.com/dp/B09Q327VH6",
        "rating": "4.3",
        "totalReviews": "292",
        "subtitle": "Youth To The People",
        "isPrimeEligible": "1"
    },
    {
        "ASIN": "B086P94PJJ",
        "title": "I'm from] Fig Cleansing balm 100ml, korean makeup remover, vegan, Easy to rinse off, Fig oil water 7.8% with Peptide and Amino Acid, Makeup Meltaway, makeup melting balm to oil",
        "price": "$22.75 ($6.69 / Ounce)",
        "listPrice": "$29.90 ($8.79 / Ounce)",
        "imageUrl": "https://m.media-amazon.com/images/I/41i7zPKs9lL._SL160_.jpg",
        "detailPageURL": "https://www.amazon.com/dp/B086P94PJJ",
        "rating": "4.5",
        "totalReviews": "380",
        "subtitle": "I'm from",
        "isPrimeEligible": "1"
    },
    {
        "ASIN": "B08QSMG1WR",
        "title": "BANILA CO Clean It Zero Nourishing Cleansing Balm Makeup Remover & Face Cleanser, Double cleanse, face wash for moisturized, supple skin",
        "price": "$21.55 ($6.38 / Ounce)",
        "listPrice": "",
        "imageUrl": "https://m.media-amazon.com/images/I/31XJX45bqgL._SL160_.jpg",
        "detailPageURL": "https://www.amazon.com/dp/B08QSMG1WR",
        "rating": "4.6",
        "totalReviews": "346",
        "subtitle": "BANILA CO",
        "isPrimeEligible": "1"
    },
    {
        "ASIN": "B0BR3SSHKJ",
        "title": "B_LAB CICA Barrier 5.5 Cleansing Oil Balm 100ml",
        "price": "$9.99 ($9.99 / Fl Oz)",
        "listPrice": "",
        "imageUrl": "https://m.media-amazon.com/images/I/315ZclFSMCL._SL160_.jpg",
        "detailPageURL": "https://www.amazon.com/dp/B0BR3SSHKJ",
        "rating": "4.3",
        "totalReviews": "28",
        "subtitle": "B_LAB",
        "isPrimeEligible": "1"
    },
    {
        "ASIN": "B07MNZ7WTR",
        "title": "Physicians Formula Face Cleansing Balm The Perfect Matcha 3-in-1 Makeup Remover For Eye, Lip, Or Face, Deeply Cleanses Pores And Removes Impurities, Ultra Nourishing Soothing Treatment",
        "price": "$14.42 ($10.30 / Ounce)",
        "listPrice": "",
        "imageUrl": "https://m.media-amazon.com/images/I/315ckUpm8OL._SL160_.jpg",
        "detailPageURL": "https://www.amazon.com/dp/B07MNZ7WTR",
        "rating": "4.4",
        "totalReviews": "3297",
        "subtitle": "Physicians Formula",
        "isPrimeEligible": "1"
    },
    {
        "ASIN": "B0BN4P6LBP",
        "title": "JUNO & Co. 10 Ingredients Cleansing Balm and Clarifying Cleansing Powder",
        "price": "$30.99",
        "listPrice": "$32.98",
        "imageUrl": "https://m.media-amazon.com/images/I/31fsXRWtCXL._SL160_.jpg",
        "detailPageURL": "https://www.amazon.com/dp/B0BN4P6LBP",
        "rating": "4.9",
        "totalReviews": "50",
        "subtitle": "JUNO & Co.",
        "isPrimeEligible": "1"
    },
    {
        "ASIN": "B083DPCQT3",
        "title": "BANILA CO Clean It Zero Purifying Cleansing Balm Makeup Remover & Face Cleanser, Sensitive Skin, Balm to Oil, Double Cleanse, Acne, Breakouts, Redness",
        "price": "$20.48 ($6.02 / Ounce)",
        "listPrice": "$23.15 ($6.81 / Ounce)",
        "imageUrl": "https://m.media-amazon.com/images/I/31oTOJqtsbL._SL160_.jpg",
        "detailPageURL": "https://www.amazon.com/dp/B083DPCQT3",
        "rating": "4.6",
        "totalReviews": "480",
        "subtitle": "BANILA CO",
        "isPrimeEligible": "1"
    },
    {
        "ASIN": "B0BBKQTGYY",
        "title": "Bliss Mighty Biome Deep Cleansing Balm - 3.0 Oz - Pre/Post Biotics + Barrier Aid - Antioxidants to Balance Skin Barrier - Dissovlves Waterproof Makeup & Impurities - Clean - Vegan & Cruetly-Free",
        "price": "$9.97 ($3.32 / Ounce)",
        "listPrice": "$18.00 ($6.00 / Ounce)",
        "imageUrl": "https://m.media-amazon.com/images/I/41KBwK39KqL._SL160_.jpg",
        "detailPageURL": "https://www.amazon.com/dp/B0BBKQTGYY",
        "rating": "4.0",
        "totalReviews": "31",
        "subtitle": "Bliss",
        "isPrimeEligible": "1"
    },
    {
        "ASIN": "B09P7V8KBF",
        "title": "BUVLEY Pure Oil Cleansing Balm I Low pH, Vegan, Cruelty Free | Daily Makeup Remover Calming and Hydrating Facial Cleanser",
        "price": "$17.99 ($5.32 / Ounce)",
        "listPrice": "",
        "imageUrl": "https://m.media-amazon.com/images/I/31n0yoLy3eL._SL160_.jpg",
        "detailPageURL": "https://www.amazon.com/dp/B09P7V8KBF",
        "rating": "4.3",
        "totalReviews": "49",
        "subtitle": "BUVLEY",
        "isPrimeEligible": "1"
    },
    {
        "ASIN": "B0BRXJZJD4",
        "title": "Pack of 3 x Clinique Take The Day Off Charcoal Cleansing Balm 0.5 oz/15ml Total 1.5 oz/45 ml",
        "price": "$6.23 ($4.15 / Ounce)",
        "listPrice": "$6.90 ($4.60 / Ounce)",
        "imageUrl": "https://m.media-amazon.com/images/I/41pU9Iv0-jL._SL160_.jpg",
        "detailPageURL": "https://www.amazon.com/dp/B0BRXJZJD4",
        "rating": "4.6",
        "totalReviews": "14",
        "subtitle": "Clinique",
        "isPrimeEligible": "1"
    },
    {
        "ASIN": "B086P94PJJ",
        "title": "I'm from] Fig Cleansing balm 100ml, korean makeup remover, vegan, Easy to rinse off, Fig oil water 7.8% with Peptide and Amino Acid, Makeup Meltaway, makeup melting balm to oil",
        "price": "$22.75 ($6.69 / Ounce)",
        "listPrice": "$29.90 ($8.79 / Ounce)",
        "imageUrl": "https://m.media-amazon.com/images/I/41i7zPKs9lL._SL160_.jpg",
        "detailPageURL": "https://www.amazon.com/dp/B086P94PJJ",
        "rating": "4.5",
        "totalReviews": "380",
        "subtitle": "I'm from",
        "isPrimeEligible": "1"
    },
    {
        "ASIN": "B08QSMG1WR",
        "title": "BANILA CO Clean It Zero Nourishing Cleansing Balm Makeup Remover & Face Cleanser, Double cleanse, face wash for moisturized, supple skin",
        "price": "$21.55 ($6.38 / Ounce)",
        "listPrice": "",
        "imageUrl": "https://m.media-amazon.com/images/I/31XJX45bqgL._SL160_.jpg",
        "detailPageURL": "https://www.amazon.com/dp/B08QSMG1WR",
        "rating": "4.6",
        "totalReviews": "346",
        "subtitle": "BANILA CO",
        "isPrimeEligible": "1"
    },
    {
        "ASIN": "B0BR3SSHKJ",
        "title": "B_LAB CICA Barrier 5.5 Cleansing Oil Balm 100ml",
        "price": "$9.99 ($9.99 / Fl Oz)",
        "listPrice": "",
        "imageUrl": "https://m.media-amazon.com/images/I/315ZclFSMCL._SL160_.jpg",
        "detailPageURL": "https://www.amazon.com/dp/B0BR3SSHKJ",
        "rating": "4.3",
        "totalReviews": "28",
        "subtitle": "B_LAB",
        "isPrimeEligible": "1"
    },
    {
        "ASIN": "B07MNZ7WTR",
        "title": "Physicians Formula Face Cleansing Balm The Perfect Matcha 3-in-1 Makeup Remover For Eye, Lip, Or Face, Deeply Cleanses Pores And Removes Impurities, Ultra Nourishing Soothing Treatment",
        "price": "$14.42 ($10.30 / Ounce)",
        "listPrice": "",
        "imageUrl": "https://m.media-amazon.com/images/I/315ckUpm8OL._SL160_.jpg",
        "detailPageURL": "https://www.amazon.com/dp/B07MNZ7WTR",
        "rating": "4.4",
        "totalReviews": "3297",
        "subtitle": "Physicians Formula",
        "isPrimeEligible": "1"
    },
    {
        "ASIN": "B0BN4P6LBP",
        "title": "JUNO & Co. 10 Ingredients Cleansing Balm and Clarifying Cleansing Powder",
        "price": "$30.99",
        "listPrice": "$32.98",
        "imageUrl": "https://m.media-amazon.com/images/I/31fsXRWtCXL._SL160_.jpg",
        "detailPageURL": "https://www.amazon.com/dp/B0BN4P6LBP",
        "rating": "4.9",
        "totalReviews": "50",
        "subtitle": "JUNO & Co.",
        "isPrimeEligible": "1"
    },
    {
        "ASIN": "B083DPCQT3",
        "title": "BANILA CO Clean It Zero Purifying Cleansing Balm Makeup Remover & Face Cleanser, Sensitive Skin, Balm to Oil, Double Cleanse, Acne, Breakouts, Redness",
        "price": "$20.48 ($6.02 / Ounce)",
        "listPrice": "$23.15 ($6.81 / Ounce)",
        "imageUrl": "https://m.media-amazon.com/images/I/31oTOJqtsbL._SL160_.jpg",
        "detailPageURL": "https://www.amazon.com/dp/B083DPCQT3",
        "rating": "4.6",
        "totalReviews": "480",
        "subtitle": "BANILA CO",
        "isPrimeEligible": "1"
    },
    {
        "ASIN": "B0BBKQTGYY",
        "title": "Bliss Mighty Biome Deep Cleansing Balm - 3.0 Oz - Pre/Post Biotics + Barrier Aid - Antioxidants to Balance Skin Barrier - Dissovlves Waterproof Makeup & Impurities - Clean - Vegan & Cruetly-Free",
        "price": "$9.97 ($3.32 / Ounce)",
        "listPrice": "$18.00 ($6.00 / Ounce)",
        "imageUrl": "https://m.media-amazon.com/images/I/41KBwK39KqL._SL160_.jpg",
        "detailPageURL": "https://www.amazon.com/dp/B0BBKQTGYY",
        "rating": "4.0",
        "totalReviews": "31",
        "subtitle": "Bliss",
        "isPrimeEligible": "1"
    },
    {
        "ASIN": "B09P7V8KBF",
        "title": "BUVLEY Pure Oil Cleansing Balm I Low pH, Vegan, Cruelty Free | Daily Makeup Remover Calming and Hydrating Facial Cleanser",
        "price": "$17.99 ($5.32 / Ounce)",
        "listPrice": "",
        "imageUrl": "https://m.media-amazon.com/images/I/31n0yoLy3eL._SL160_.jpg",
        "detailPageURL": "https://www.amazon.com/dp/B09P7V8KBF",
        "rating": "4.3",
        "totalReviews": "49",
        "subtitle": "BUVLEY",
        "isPrimeEligible": "1"
    },
    {
        "ASIN": "B0BRXJZJD4",
        "title": "Pack of 3 x Clinique Take The Day Off Charcoal Cleansing Balm 0.5 oz/15ml Total 1.5 oz/45 ml",
        "price": "$6.23 ($4.15 / Ounce)",
        "listPrice": "$6.90 ($4.60 / Ounce)",
        "imageUrl": "https://m.media-amazon.com/images/I/41pU9Iv0-jL._SL160_.jpg",
        "detailPageURL": "https://www.amazon.com/dp/B0BRXJZJD4",
        "rating": "4.6",
        "totalReviews": "14",
        "subtitle": "Clinique",
        "isPrimeEligible": "1"
    },
    {
        "ASIN": "B0B1SS38ZP",
        "title": "Albolene Cleansing Balm, Hydrating Makeup Remover and Face Wash with Shea Butter and Jojoba Oil, 6 fl oz, Packaging May Vary",
        "price": "$9.99 ($1.66 / Ounce)",
        "listPrice": "$14.99 ($2.50 / Ounce)",
        "imageUrl": "https://m.media-amazon.com/images/I/41YLwjxhrTL._SL160_.jpg",
        "detailPageURL": "https://www.amazon.com/dp/B0B1SS38ZP",
        "rating": "4.1",
        "totalReviews": "1193",
        "subtitle": "Albolene",
        "isPrimeEligible": "1"
    },
    {
        "ASIN": "B08QSMG1WR",
        "title": "BANILA CO Clean It Zero Nourishing Cleansing Balm Makeup Remover & Face Cleanser, Double cleanse, face wash for moisturized, supple skin",
        "price": "$21.55 ($6.38 / Ounce)",
        "listPrice": "",
        "imageUrl": "https://m.media-amazon.com/images/I/31XJX45bqgL._SL160_.jpg",
        "detailPageURL": "https://www.amazon.com/dp/B08QSMG1WR",
        "rating": "4.6",
        "totalReviews": "346",
        "subtitle": "BANILA CO",
        "isPrimeEligible": "1"
    },
    {
        "ASIN": "B0BR3SSHKJ",
        "title": "B_LAB CICA Barrier 5.5 Cleansing Oil Balm 100ml",
        "price": "$9.99 ($9.99 / Fl Oz)",
        "listPrice": "",
        "imageUrl": "https://m.media-amazon.com/images/I/315ZclFSMCL._SL160_.jpg",
        "detailPageURL": "https://www.amazon.com/dp/B0BR3SSHKJ",
        "rating": "4.3",
        "totalReviews": "28",
        "subtitle": "B_LAB",
        "isPrimeEligible": "1"
    },
    {
        "ASIN": "B07MNZ7WTR",
        "title": "Physicians Formula Face Cleansing Balm The Perfect Matcha 3-in-1 Makeup Remover For Eye, Lip, Or Face, Deeply Cleanses Pores And Removes Impurities, Ultra Nourishing Soothing Treatment",
        "price": "$14.42 ($10.30 / Ounce)",
        "listPrice": "",
        "imageUrl": "https://m.media-amazon.com/images/I/315ckUpm8OL._SL160_.jpg",
        "detailPageURL": "https://www.amazon.com/dp/B07MNZ7WTR",
        "rating": "4.4",
        "totalReviews": "3297",
        "subtitle": "Physicians Formula",
        "isPrimeEligible": "1"
    },
    {
        "ASIN": "B0BN4P6LBP",
        "title": "JUNO & Co. 10 Ingredients Cleansing Balm and Clarifying Cleansing Powder",
        "price": "$30.99",
        "listPrice": "$32.98",
        "imageUrl": "https://m.media-amazon.com/images/I/31fsXRWtCXL._SL160_.jpg",
        "detailPageURL": "https://www.amazon.com/dp/B0BN4P6LBP",
        "rating": "4.9",
        "totalReviews": "50",
        "subtitle": "JUNO & Co.",
        "isPrimeEligible": "1"
    },
    {
        "ASIN": "B083DPCQT3",
        "title": "BANILA CO Clean It Zero Purifying Cleansing Balm Makeup Remover & Face Cleanser, Sensitive Skin, Balm to Oil, Double Cleanse, Acne, Breakouts, Redness",
        "price": "$20.48 ($6.02 / Ounce)",
        "listPrice": "$23.15 ($6.81 / Ounce)",
        "imageUrl": "https://m.media-amazon.com/images/I/31oTOJqtsbL._SL160_.jpg",
        "detailPageURL": "https://www.amazon.com/dp/B083DPCQT3",
        "rating": "4.6",
        "totalReviews": "480",
        "subtitle": "BANILA CO",
        "isPrimeEligible": "1"
    },
    {
        "ASIN": "B0BBKQTGYY",
        "title": "Bliss Mighty Biome Deep Cleansing Balm - 3.0 Oz - Pre/Post Biotics + Barrier Aid - Antioxidants to Balance Skin Barrier - Dissovlves Waterproof Makeup & Impurities - Clean - Vegan & Cruetly-Free",
        "price": "$9.97 ($3.32 / Ounce)",
        "listPrice": "$18.00 ($6.00 / Ounce)",
        "imageUrl": "https://m.media-amazon.com/images/I/41KBwK39KqL._SL160_.jpg",
        "detailPageURL": "https://www.amazon.com/dp/B0BBKQTGYY",
        "rating": "4.0",
        "totalReviews": "31",
        "subtitle": "Bliss",
        "isPrimeEligible": "1"
    },
    {
        "ASIN": "B09P7V8KBF",
        "title": "BUVLEY Pure Oil Cleansing Balm I Low pH, Vegan, Cruelty Free | Daily Makeup Remover Calming and Hydrating Facial Cleanser",
        "price": "$17.99 ($5.32 / Ounce)",
        "listPrice": "",
        "imageUrl": "https://m.media-amazon.com/images/I/31n0yoLy3eL._SL160_.jpg",
        "detailPageURL": "https://www.amazon.com/dp/B09P7V8KBF",
        "rating": "4.3",
        "totalReviews": "49",
        "subtitle": "BUVLEY",
        "isPrimeEligible": "1"
    },
    {
        "ASIN": "B0BRXJZJD4",
        "title": "Pack of 3 x Clinique Take The Day Off Charcoal Cleansing Balm 0.5 oz/15ml Total 1.5 oz/45 ml",
        "price": "$6.23 ($4.15 / Ounce)",
        "listPrice": "$6.90 ($4.60 / Ounce)",
        "imageUrl": "https://m.media-amazon.com/images/I/41pU9Iv0-jL._SL160_.jpg",
        "detailPageURL": "https://www.amazon.com/dp/B0BRXJZJD4",
        "rating": "4.6",
        "totalReviews": "14",
        "subtitle": "Clinique",
        "isPrimeEligible": "1"
    },
    {
        "ASIN": "B0B1SS38ZP",
        "title": "Albolene Cleansing Balm, Hydrating Makeup Remover and Face Wash with Shea Butter and Jojoba Oil, 6 fl oz, Packaging May Vary",
        "price": "$9.99 ($1.66 / Ounce)",
        "listPrice": "$14.99 ($2.50 / Ounce)",
        "imageUrl": "https://m.media-amazon.com/images/I/41YLwjxhrTL._SL160_.jpg",
        "detailPageURL": "https://www.amazon.com/dp/B0B1SS38ZP",
        "rating": "4.1",
        "totalReviews": "1193",
        "subtitle": "Albolene",
        "isPrimeEligible": "1"
    },
    {
        "ASIN": "B07D3JS7LK",
        "title": "YADAH Cleansing Balm Makeup Remover 3.4 Fl Oz - Green Tea Face Wash for Sensitive Skin - Fragrance Free, Double Cleanse, Balm to Oil.",
        "price": "$21.00 ($6.18 / Ounce)",
        "listPrice": "",
        "imageUrl": "https://m.media-amazon.com/images/I/41QGIkGkAsL._SL160_.jpg",
        "detailPageURL": "https://www.amazon.com/dp/B07D3JS7LK",
        "rating": "4.6",
        "totalReviews": "383",
        "subtitle": "YADAH",
        "isPrimeEligible": "1"
    },
    {
        "ASIN": "B0BR3SSHKJ",
        "title": "B_LAB CICA Barrier 5.5 Cleansing Oil Balm 100ml",
        "price": "$9.99 ($9.99 / Fl Oz)",
        "listPrice": "",
        "imageUrl": "https://m.media-amazon.com/images/I/315ZclFSMCL._SL160_.jpg",
        "detailPageURL": "https://www.amazon.com/dp/B0BR3SSHKJ",
        "rating": "4.3",
        "totalReviews": "28",
        "subtitle": "B_LAB",
        "isPrimeEligible": "1"
    },
    {
        "ASIN": "B07MNZ7WTR",
        "title": "Physicians Formula Face Cleansing Balm The Perfect Matcha 3-in-1 Makeup Remover For Eye, Lip, Or Face, Deeply Cleanses Pores And Removes Impurities, Ultra Nourishing Soothing Treatment",
        "price": "$14.42 ($10.30 / Ounce)",
        "listPrice": "",
        "imageUrl": "https://m.media-amazon.com/images/I/315ckUpm8OL._SL160_.jpg",
        "detailPageURL": "https://www.amazon.com/dp/B07MNZ7WTR",
        "rating": "4.4",
        "totalReviews": "3297",
        "subtitle": "Physicians Formula",
        "isPrimeEligible": "1"
    },
    {
        "ASIN": "B0BN4P6LBP",
        "title": "JUNO & Co. 10 Ingredients Cleansing Balm and Clarifying Cleansing Powder",
        "price": "$30.99",
        "listPrice": "$32.98",
        "imageUrl": "https://m.media-amazon.com/images/I/31fsXRWtCXL._SL160_.jpg",
        "detailPageURL": "https://www.amazon.com/dp/B0BN4P6LBP",
        "rating": "4.9",
        "totalReviews": "50",
        "subtitle": "JUNO & Co.",
        "isPrimeEligible": "1"
    },
    {
        "ASIN": "B083DPCQT3",
        "title": "BANILA CO Clean It Zero Purifying Cleansing Balm Makeup Remover & Face Cleanser, Sensitive Skin, Balm to Oil, Double Cleanse, Acne, Breakouts, Redness",
        "price": "$20.48 ($6.02 / Ounce)",
        "listPrice": "$23.15 ($6.81 / Ounce)",
        "imageUrl": "https://m.media-amazon.com/images/I/31oTOJqtsbL._SL160_.jpg",
        "detailPageURL": "https://www.amazon.com/dp/B083DPCQT3",
        "rating": "4.6",
        "totalReviews": "480",
        "subtitle": "BANILA CO",
        "isPrimeEligible": "1"
    },
    {
        "ASIN": "B0BBKQTGYY",
        "title": "Bliss Mighty Biome Deep Cleansing Balm - 3.0 Oz - Pre/Post Biotics + Barrier Aid - Antioxidants to Balance Skin Barrier - Dissovlves Waterproof Makeup & Impurities - Clean - Vegan & Cruetly-Free",
        "price": "$9.97 ($3.32 / Ounce)",
        "listPrice": "$18.00 ($6.00 / Ounce)",
        "imageUrl": "https://m.media-amazon.com/images/I/41KBwK39KqL._SL160_.jpg",
        "detailPageURL": "https://www.amazon.com/dp/B0BBKQTGYY",
        "rating": "4.0",
        "totalReviews": "31",
        "subtitle": "Bliss",
        "isPrimeEligible": "1"
    },
    {
        "ASIN": "B09P7V8KBF",
        "title": "BUVLEY Pure Oil Cleansing Balm I Low pH, Vegan, Cruelty Free | Daily Makeup Remover Calming and Hydrating Facial Cleanser",
        "price": "$17.99 ($5.32 / Ounce)",
        "listPrice": "",
        "imageUrl": "https://m.media-amazon.com/images/I/31n0yoLy3eL._SL160_.jpg",
        "detailPageURL": "https://www.amazon.com/dp/B09P7V8KBF",
        "rating": "4.3",
        "totalReviews": "49",
        "subtitle": "BUVLEY",
        "isPrimeEligible": "1"
    },
    {
        "ASIN": "B0BRXJZJD4",
        "title": "Pack of 3 x Clinique Take The Day Off Charcoal Cleansing Balm 0.5 oz/15ml Total 1.5 oz/45 ml",
        "price": "$6.23 ($4.15 / Ounce)",
        "listPrice": "$6.90 ($4.60 / Ounce)",
        "imageUrl": "https://m.media-amazon.com/images/I/41pU9Iv0-jL._SL160_.jpg",
        "detailPageURL": "https://www.amazon.com/dp/B0BRXJZJD4",
        "rating": "4.6",
        "totalReviews": "14",
        "subtitle": "Clinique",
        "isPrimeEligible": "1"
    },
    {
        "ASIN": "B0B1SS38ZP",
        "title": "Albolene Cleansing Balm, Hydrating Makeup Remover and Face Wash with Shea Butter and Jojoba Oil, 6 fl oz, Packaging May Vary",
        "price": "$9.99 ($1.66 / Ounce)",
        "listPrice": "$14.99 ($2.50 / Ounce)",
        "imageUrl": "https://m.media-amazon.com/images/I/41YLwjxhrTL._SL160_.jpg",
        "detailPageURL": "https://www.amazon.com/dp/B0B1SS38ZP",
        "rating": "4.1",
        "totalReviews": "1193",
        "subtitle": "Albolene",
        "isPrimeEligible": "1"
    },
    {
        "ASIN": "B07D3JS7LK",
        "title": "YADAH Cleansing Balm Makeup Remover 3.4 Fl Oz - Green Tea Face Wash for Sensitive Skin - Fragrance Free, Double Cleanse, Balm to Oil.",
        "price": "$21.00 ($6.18 / Ounce)",
        "listPrice": "",
        "imageUrl": "https://m.media-amazon.com/images/I/41QGIkGkAsL._SL160_.jpg",
        "detailPageURL": "https://www.amazon.com/dp/B07D3JS7LK",
        "rating": "4.6",
        "totalReviews": "383",
        "subtitle": "YADAH",
        "isPrimeEligible": "1"
    },
    {
        "ASIN": "B07PVDJJLH",
        "title": "Hanskin AHA Pore Cleansing Balm, Alpha Hydroxy Acid, Exfoliating, Gentle Blackhead Cleanser and Makeup Remover Balm [80g]",
        "price": "$22.00 ($7.80 / Ounce)",
        "listPrice": "",
        "imageUrl": "https://m.media-amazon.com/images/I/41vaiFH5nkL._SL160_.jpg",
        "detailPageURL": "https://www.amazon.com/dp/B07PVDJJLH",
        "rating": "4.5",
        "totalReviews": "120",
        "subtitle": "Hanskin",
        "isPrimeEligible": "1"
    },
    {
        "ASIN": "B07MNZ7WTR",
        "title": "Physicians Formula Face Cleansing Balm The Perfect Matcha 3-in-1 Makeup Remover For Eye, Lip, Or Face, Deeply Cleanses Pores And Removes Impurities, Ultra Nourishing Soothing Treatment",
        "price": "$14.42 ($10.30 / Ounce)",
        "listPrice": "",
        "imageUrl": "https://m.media-amazon.com/images/I/315ckUpm8OL._SL160_.jpg",
        "detailPageURL": "https://www.amazon.com/dp/B07MNZ7WTR",
        "rating": "4.4",
        "totalReviews": "3297",
        "subtitle": "Physicians Formula",
        "isPrimeEligible": "1"
    },
    {
        "ASIN": "B0BN4P6LBP",
        "title": "JUNO & Co. 10 Ingredients Cleansing Balm and Clarifying Cleansing Powder",
        "price": "$30.99",
        "listPrice": "$32.98",
        "imageUrl": "https://m.media-amazon.com/images/I/31fsXRWtCXL._SL160_.jpg",
        "detailPageURL": "https://www.amazon.com/dp/B0BN4P6LBP",
        "rating": "4.9",
        "totalReviews": "50",
        "subtitle": "JUNO & Co.",
        "isPrimeEligible": "1"
    },
    {
        "ASIN": "B083DPCQT3",
        "title": "BANILA CO Clean It Zero Purifying Cleansing Balm Makeup Remover & Face Cleanser, Sensitive Skin, Balm to Oil, Double Cleanse, Acne, Breakouts, Redness",
        "price": "$20.48 ($6.02 / Ounce)",
        "listPrice": "$23.15 ($6.81 / Ounce)",
        "imageUrl": "https://m.media-amazon.com/images/I/31oTOJqtsbL._SL160_.jpg",
        "detailPageURL": "https://www.amazon.com/dp/B083DPCQT3",
        "rating": "4.6",
        "totalReviews": "480",
        "subtitle": "BANILA CO",
        "isPrimeEligible": "1"
    },
    {
        "ASIN": "B0BBKQTGYY",
        "title": "Bliss Mighty Biome Deep Cleansing Balm - 3.0 Oz - Pre/Post Biotics + Barrier Aid - Antioxidants to Balance Skin Barrier - Dissovlves Waterproof Makeup & Impurities - Clean - Vegan & Cruetly-Free",
        "price": "$9.97 ($3.32 / Ounce)",
        "listPrice": "$18.00 ($6.00 / Ounce)",
        "imageUrl": "https://m.media-amazon.com/images/I/41KBwK39KqL._SL160_.jpg",
        "detailPageURL": "https://www.amazon.com/dp/B0BBKQTGYY",
        "rating": "4.0",
        "totalReviews": "31",
        "subtitle": "Bliss",
        "isPrimeEligible": "1"
    },
    {
        "ASIN": "B09P7V8KBF",
        "title": "BUVLEY Pure Oil Cleansing Balm I Low pH, Vegan, Cruelty Free | Daily Makeup Remover Calming and Hydrating Facial Cleanser",
        "price": "$17.99 ($5.32 / Ounce)",
        "listPrice": "",
        "imageUrl": "https://m.media-amazon.com/images/I/31n0yoLy3eL._SL160_.jpg",
        "detailPageURL": "https://www.amazon.com/dp/B09P7V8KBF",
        "rating": "4.3",
        "totalReviews": "49",
        "subtitle": "BUVLEY",
        "isPrimeEligible": "1"
    },
    {
        "ASIN": "B0BRXJZJD4",
        "title": "Pack of 3 x Clinique Take The Day Off Charcoal Cleansing Balm 0.5 oz/15ml Total 1.5 oz/45 ml",
        "price": "$6.23 ($4.15 / Ounce)",
        "listPrice": "$6.90 ($4.60 / Ounce)",
        "imageUrl": "https://m.media-amazon.com/images/I/41pU9Iv0-jL._SL160_.jpg",
        "detailPageURL": "https://www.amazon.com/dp/B0BRXJZJD4",
        "rating": "4.6",
        "totalReviews": "14",
        "subtitle": "Clinique",
        "isPrimeEligible": "1"
    },
    {
        "ASIN": "B0B1SS38ZP",
        "title": "Albolene Cleansing Balm, Hydrating Makeup Remover and Face Wash with Shea Butter and Jojoba Oil, 6 fl oz, Packaging May Vary",
        "price": "$9.99 ($1.66 / Ounce)",
        "listPrice": "$14.99 ($2.50 / Ounce)",
        "imageUrl": "https://m.media-amazon.com/images/I/41YLwjxhrTL._SL160_.jpg",
        "detailPageURL": "https://www.amazon.com/dp/B0B1SS38ZP",
        "rating": "4.1",
        "totalReviews": "1193",
        "subtitle": "Albolene",
        "isPrimeEligible": "1"
    },
    {
        "ASIN": "B07D3JS7LK",
        "title": "YADAH Cleansing Balm Makeup Remover 3.4 Fl Oz - Green Tea Face Wash for Sensitive Skin - Fragrance Free, Double Cleanse, Balm to Oil.",
        "price": "$21.00 ($6.18 / Ounce)",
        "listPrice": "",
        "imageUrl": "https://m.media-amazon.com/images/I/41QGIkGkAsL._SL160_.jpg",
        "detailPageURL": "https://www.amazon.com/dp/B07D3JS7LK",
        "rating": "4.6",
        "totalReviews": "383",
        "subtitle": "YADAH",
        "isPrimeEligible": "1"
    },
    {
        "ASIN": "B07PVDJJLH",
        "title": "Hanskin AHA Pore Cleansing Balm, Alpha Hydroxy Acid, Exfoliating, Gentle Blackhead Cleanser and Makeup Remover Balm [80g]",
        "price": "$22.00 ($7.80 / Ounce)",
        "listPrice": "",
        "imageUrl": "https://m.media-amazon.com/images/I/41vaiFH5nkL._SL160_.jpg",
        "detailPageURL": "https://www.amazon.com/dp/B07PVDJJLH",
        "rating": "4.5",
        "totalReviews": "120",
        "subtitle": "Hanskin",
        "isPrimeEligible": "1"
    },
    {
        "ASIN": "B0CBNTND1X",
        "title": "Bad Habit OMZZZ Acai Nightly Cleansing Balm",
        "price": "$14.18",
        "listPrice": "",
        "imageUrl": "https://m.media-amazon.com/images/I/31rBQxIMRRL._SL160_.jpg",
        "detailPageURL": "https://www.amazon.com/dp/B0CBNTND1X",
        "rating": "5.0",
        "totalReviews": "1",
        "subtitle": "Generic",
        "isPrimeEligible": "1"
    },
    {
        "ASIN": "B0BN4P6LBP",
        "title": "JUNO & Co. 10 Ingredients Cleansing Balm and Clarifying Cleansing Powder",
        "price": "$30.99",
        "listPrice": "$32.98",
        "imageUrl": "https://m.media-amazon.com/images/I/31fsXRWtCXL._SL160_.jpg",
        "detailPageURL": "https://www.amazon.com/dp/B0BN4P6LBP",
        "rating": "4.9",
        "totalReviews": "50",
        "subtitle": "JUNO & Co.",
        "isPrimeEligible": "1"
    },
    {
        "ASIN": "B083DPCQT3",
        "title": "BANILA CO Clean It Zero Purifying Cleansing Balm Makeup Remover & Face Cleanser, Sensitive Skin, Balm to Oil, Double Cleanse, Acne, Breakouts, Redness",
        "price": "$20.48 ($6.02 / Ounce)",
        "listPrice": "$23.15 ($6.81 / Ounce)",
        "imageUrl": "https://m.media-amazon.com/images/I/31oTOJqtsbL._SL160_.jpg",
        "detailPageURL": "https://www.amazon.com/dp/B083DPCQT3",
        "rating": "4.6",
        "totalReviews": "480",
        "subtitle": "BANILA CO",
        "isPrimeEligible": "1"
    },
    {
        "ASIN": "B0BBKQTGYY",
        "title": "Bliss Mighty Biome Deep Cleansing Balm - 3.0 Oz - Pre/Post Biotics + Barrier Aid - Antioxidants to Balance Skin Barrier - Dissovlves Waterproof Makeup & Impurities - Clean - Vegan & Cruetly-Free",
        "price": "$9.97 ($3.32 / Ounce)",
        "listPrice": "$18.00 ($6.00 / Ounce)",
        "imageUrl": "https://m.media-amazon.com/images/I/41KBwK39KqL._SL160_.jpg",
        "detailPageURL": "https://www.amazon.com/dp/B0BBKQTGYY",
        "rating": "4.0",
        "totalReviews": "31",
        "subtitle": "Bliss",
        "isPrimeEligible": "1"
    },
    {
        "ASIN": "B09P7V8KBF",
        "title": "BUVLEY Pure Oil Cleansing Balm I Low pH, Vegan, Cruelty Free | Daily Makeup Remover Calming and Hydrating Facial Cleanser",
        "price": "$17.99 ($5.32 / Ounce)",
        "listPrice": "",
        "imageUrl": "https://m.media-amazon.com/images/I/31n0yoLy3eL._SL160_.jpg",
        "detailPageURL": "https://www.amazon.com/dp/B09P7V8KBF",
        "rating": "4.3",
        "totalReviews": "49",
        "subtitle": "BUVLEY",
        "isPrimeEligible": "1"
    },
    {
        "ASIN": "B0BRXJZJD4",
        "title": "Pack of 3 x Clinique Take The Day Off Charcoal Cleansing Balm 0.5 oz/15ml Total 1.5 oz/45 ml",
        "price": "$6.23 ($4.15 / Ounce)",
        "listPrice": "$6.90 ($4.60 / Ounce)",
        "imageUrl": "https://m.media-amazon.com/images/I/41pU9Iv0-jL._SL160_.jpg",
        "detailPageURL": "https://www.amazon.com/dp/B0BRXJZJD4",
        "rating": "4.6",
        "totalReviews": "14",
        "subtitle": "Clinique",
        "isPrimeEligible": "1"
    },
    {
        "ASIN": "B0B1SS38ZP",
        "title": "Albolene Cleansing Balm, Hydrating Makeup Remover and Face Wash with Shea Butter and Jojoba Oil, 6 fl oz, Packaging May Vary",
        "price": "$9.99 ($1.66 / Ounce)",
        "listPrice": "$14.99 ($2.50 / Ounce)",
        "imageUrl": "https://m.media-amazon.com/images/I/41YLwjxhrTL._SL160_.jpg",
        "detailPageURL": "https://www.amazon.com/dp/B0B1SS38ZP",
        "rating": "4.1",
        "totalReviews": "1193",
        "subtitle": "Albolene",
        "isPrimeEligible": "1"
    },
    {
        "ASIN": "B07D3JS7LK",
        "title": "YADAH Cleansing Balm Makeup Remover 3.4 Fl Oz - Green Tea Face Wash for Sensitive Skin - Fragrance Free, Double Cleanse, Balm to Oil.",
        "price": "$21.00 ($6.18 / Ounce)",
        "listPrice": "",
        "imageUrl": "https://m.media-amazon.com/images/I/41QGIkGkAsL._SL160_.jpg",
        "detailPageURL": "https://www.amazon.com/dp/B07D3JS7LK",
        "rating": "4.6",
        "totalReviews": "383",
        "subtitle": "YADAH",
        "isPrimeEligible": "1"
    },
    {
        "ASIN": "B07PVDJJLH",
        "title": "Hanskin AHA Pore Cleansing Balm, Alpha Hydroxy Acid, Exfoliating, Gentle Blackhead Cleanser and Makeup Remover Balm [80g]",
        "price": "$22.00 ($7.80 / Ounce)",
        "listPrice": "",
        "imageUrl": "https://m.media-amazon.com/images/I/41vaiFH5nkL._SL160_.jpg",
        "detailPageURL": "https://www.amazon.com/dp/B07PVDJJLH",
        "rating": "4.5",
        "totalReviews": "120",
        "subtitle": "Hanskin",
        "isPrimeEligible": "1"
    },
    {
        "ASIN": "B0CBNTND1X",
        "title": "Bad Habit OMZZZ Acai Nightly Cleansing Balm",
        "price": "$14.18",
        "listPrice": "",
        "imageUrl": "https://m.media-amazon.com/images/I/31rBQxIMRRL._SL160_.jpg",
        "detailPageURL": "https://www.amazon.com/dp/B0CBNTND1X",
        "rating": "5.0",
        "totalReviews": "1",
        "subtitle": "Generic",
        "isPrimeEligible": "1"
    },
    {
        "ASIN": "B08L6SC34P",
        "title": "Clean It Zero Cleansing Balm Revitalizing",
        "price": "$19.50 ($5.74 / Fl Oz)",
        "listPrice": "$28.90 ($8.50 / Fl Oz)",
        "imageUrl": "https://m.media-amazon.com/images/I/317VAWW24kL._SL160_.jpg",
        "detailPageURL": "https://www.amazon.com/dp/B08L6SC34P",
        "rating": "4.6",
        "totalReviews": "271",
        "subtitle": "BANILA CO",
        "isPrimeEligible": "1"
    },
    {
        "ASIN": "B083DPCQT3",
        "title": "BANILA CO Clean It Zero Purifying Cleansing Balm Makeup Remover & Face Cleanser, Sensitive Skin, Balm to Oil, Double Cleanse, Acne, Breakouts, Redness",
        "price": "$20.48 ($6.02 / Ounce)",
        "listPrice": "$23.15 ($6.81 / Ounce)",
        "imageUrl": "https://m.media-amazon.com/images/I/31oTOJqtsbL._SL160_.jpg",
        "detailPageURL": "https://www.amazon.com/dp/B083DPCQT3",
        "rating": "4.6",
        "totalReviews": "480",
        "subtitle": "BANILA CO",
        "isPrimeEligible": "1"
    },
    {
        "ASIN": "B0BBKQTGYY",
        "title": "Bliss Mighty Biome Deep Cleansing Balm - 3.0 Oz - Pre/Post Biotics + Barrier Aid - Antioxidants to Balance Skin Barrier - Dissovlves Waterproof Makeup & Impurities - Clean - Vegan & Cruetly-Free",
        "price": "$9.97 ($3.32 / Ounce)",
        "listPrice": "$18.00 ($6.00 / Ounce)",
        "imageUrl": "https://m.media-amazon.com/images/I/41KBwK39KqL._SL160_.jpg",
        "detailPageURL": "https://www.amazon.com/dp/B0BBKQTGYY",
        "rating": "4.0",
        "totalReviews": "31",
        "subtitle": "Bliss",
        "isPrimeEligible": "1"
    },
    {
        "ASIN": "B09P7V8KBF",
        "title": "BUVLEY Pure Oil Cleansing Balm I Low pH, Vegan, Cruelty Free | Daily Makeup Remover Calming and Hydrating Facial Cleanser",
        "price": "$17.99 ($5.32 / Ounce)",
        "listPrice": "",
        "imageUrl": "https://m.media-amazon.com/images/I/31n0yoLy3eL._SL160_.jpg",
        "detailPageURL": "https://www.amazon.com/dp/B09P7V8KBF",
        "rating": "4.3",
        "totalReviews": "49",
        "subtitle": "BUVLEY",
        "isPrimeEligible": "1"
    },
    {
        "ASIN": "B0BRXJZJD4",
        "title": "Pack of 3 x Clinique Take The Day Off Charcoal Cleansing Balm 0.5 oz/15ml Total 1.5 oz/45 ml",
        "price": "$6.23 ($4.15 / Ounce)",
        "listPrice": "$6.90 ($4.60 / Ounce)",
        "imageUrl": "https://m.media-amazon.com/images/I/41pU9Iv0-jL._SL160_.jpg",
        "detailPageURL": "https://www.amazon.com/dp/B0BRXJZJD4",
        "rating": "4.6",
        "totalReviews": "14",
        "subtitle": "Clinique",
        "isPrimeEligible": "1"
    },
    {
        "ASIN": "B0B1SS38ZP",
        "title": "Albolene Cleansing Balm, Hydrating Makeup Remover and Face Wash with Shea Butter and Jojoba Oil, 6 fl oz, Packaging May Vary",
        "price": "$9.99 ($1.66 / Ounce)",
        "listPrice": "$14.99 ($2.50 / Ounce)",
        "imageUrl": "https://m.media-amazon.com/images/I/41YLwjxhrTL._SL160_.jpg",
        "detailPageURL": "https://www.amazon.com/dp/B0B1SS38ZP",
        "rating": "4.1",
        "totalReviews": "1193",
        "subtitle": "Albolene",
        "isPrimeEligible": "1"
    },
    {
        "ASIN": "B07D3JS7LK",
        "title": "YADAH Cleansing Balm Makeup Remover 3.4 Fl Oz - Green Tea Face Wash for Sensitive Skin - Fragrance Free, Double Cleanse, Balm to Oil.",
        "price": "$21.00 ($6.18 / Ounce)",
        "listPrice": "",
        "imageUrl": "https://m.media-amazon.com/images/I/41QGIkGkAsL._SL160_.jpg",
        "detailPageURL": "https://www.amazon.com/dp/B07D3JS7LK",
        "rating": "4.6",
        "totalReviews": "383",
        "subtitle": "YADAH",
        "isPrimeEligible": "1"
    },
    {
        "ASIN": "B07PVDJJLH",
        "title": "Hanskin AHA Pore Cleansing Balm, Alpha Hydroxy Acid, Exfoliating, Gentle Blackhead Cleanser and Makeup Remover Balm [80g]",
        "price": "$22.00 ($7.80 / Ounce)",
        "listPrice": "",
        "imageUrl": "https://m.media-amazon.com/images/I/41vaiFH5nkL._SL160_.jpg",
        "detailPageURL": "https://www.amazon.com/dp/B07PVDJJLH",
        "rating": "4.5",
        "totalReviews": "120",
        "subtitle": "Hanskin",
        "isPrimeEligible": "1"
    },
    {
        "ASIN": "B0CBNTND1X",
        "title": "Bad Habit OMZZZ Acai Nightly Cleansing Balm",
        "price": "$14.18",
        "listPrice": "",
        "imageUrl": "https://m.media-amazon.com/images/I/31rBQxIMRRL._SL160_.jpg",
        "detailPageURL": "https://www.amazon.com/dp/B0CBNTND1X",
        "rating": "5.0",
        "totalReviews": "1",
        "subtitle": "Generic",
        "isPrimeEligible": "1"
    },
    {
        "ASIN": "B08L6SC34P",
        "title": "Clean It Zero Cleansing Balm Revitalizing",
        "price": "$19.50 ($5.74 / Fl Oz)",
        "listPrice": "$28.90 ($8.50 / Fl Oz)",
        "imageUrl": "https://m.media-amazon.com/images/I/317VAWW24kL._SL160_.jpg",
        "detailPageURL": "https://www.amazon.com/dp/B08L6SC34P",
        "rating": "4.6",
        "totalReviews": "271",
        "subtitle": "BANILA CO",
        "isPrimeEligible": "1"
    },
    {
        "ASIN": "B07CD8K7H3",
        "title": "BANILA CO NEW Clean It Zero Purifying Cleansing Balm Makeup Remover & Face Cleanser, Sensitive Skin, Balm to Oil, Double Cleanse, Acne, Breakouts, Redness, 100ml",
        "price": "$20.10 ($5.95 / Fl Oz)",
        "listPrice": "",
        "imageUrl": "https://m.media-amazon.com/images/I/41MSSImCj0L._SL160_.jpg",
        "detailPageURL": "https://www.amazon.com/dp/B07CD8K7H3",
        "rating": "4.6",
        "totalReviews": "889",
        "subtitle": "BANILA CO",
        "isPrimeEligible": "1"
    },
    {
        "ASIN": "B0BBKQTGYY",
        "title": "Bliss Mighty Biome Deep Cleansing Balm - 3.0 Oz - Pre/Post Biotics + Barrier Aid - Antioxidants to Balance Skin Barrier - Dissovlves Waterproof Makeup & Impurities - Clean - Vegan & Cruetly-Free",
        "price": "$9.97 ($3.32 / Ounce)",
        "listPrice": "$18.00 ($6.00 / Ounce)",
        "imageUrl": "https://m.media-amazon.com/images/I/41KBwK39KqL._SL160_.jpg",
        "detailPageURL": "https://www.amazon.com/dp/B0BBKQTGYY",
        "rating": "4.0",
        "totalReviews": "31",
        "subtitle": "Bliss",
        "isPrimeEligible": "1"
    },
    {
        "ASIN": "B09P7V8KBF",
        "title": "BUVLEY Pure Oil Cleansing Balm I Low pH, Vegan, Cruelty Free | Daily Makeup Remover Calming and Hydrating Facial Cleanser",
        "price": "$17.99 ($5.32 / Ounce)",
        "listPrice": "",
        "imageUrl": "https://m.media-amazon.com/images/I/31n0yoLy3eL._SL160_.jpg",
        "detailPageURL": "https://www.amazon.com/dp/B09P7V8KBF",
        "rating": "4.3",
        "totalReviews": "49",
        "subtitle": "BUVLEY",
        "isPrimeEligible": "1"
    },
    {
        "ASIN": "B0BRXJZJD4",
        "title": "Pack of 3 x Clinique Take The Day Off Charcoal Cleansing Balm 0.5 oz/15ml Total 1.5 oz/45 ml",
        "price": "$6.23 ($4.15 / Ounce)",
        "listPrice": "$6.90 ($4.60 / Ounce)",
        "imageUrl": "https://m.media-amazon.com/images/I/41pU9Iv0-jL._SL160_.jpg",
        "detailPageURL": "https://www.amazon.com/dp/B0BRXJZJD4",
        "rating": "4.6",
        "totalReviews": "14",
        "subtitle": "Clinique",
        "isPrimeEligible": "1"
    },
    {
        "ASIN": "B0B1SS38ZP",
        "title": "Albolene Cleansing Balm, Hydrating Makeup Remover and Face Wash with Shea Butter and Jojoba Oil, 6 fl oz, Packaging May Vary",
        "price": "$9.99 ($1.66 / Ounce)",
        "listPrice": "$14.99 ($2.50 / Ounce)",
        "imageUrl": "https://m.media-amazon.com/images/I/41YLwjxhrTL._SL160_.jpg",
        "detailPageURL": "https://www.amazon.com/dp/B0B1SS38ZP",
        "rating": "4.1",
        "totalReviews": "1193",
        "subtitle": "Albolene",
        "isPrimeEligible": "1"
    },
    {
        "ASIN": "B07D3JS7LK",
        "title": "YADAH Cleansing Balm Makeup Remover 3.4 Fl Oz - Green Tea Face Wash for Sensitive Skin - Fragrance Free, Double Cleanse, Balm to Oil.",
        "price": "$21.00 ($6.18 / Ounce)",
        "listPrice": "",
        "imageUrl": "https://m.media-amazon.com/images/I/41QGIkGkAsL._SL160_.jpg",
        "detailPageURL": "https://www.amazon.com/dp/B07D3JS7LK",
        "rating": "4.6",
        "totalReviews": "383",
        "subtitle": "YADAH",
        "isPrimeEligible": "1"
    },
    {
        "ASIN": "B07PVDJJLH",
        "title": "Hanskin AHA Pore Cleansing Balm, Alpha Hydroxy Acid, Exfoliating, Gentle Blackhead Cleanser and Makeup Remover Balm [80g]",
        "price": "$22.00 ($7.80 / Ounce)",
        "listPrice": "",
        "imageUrl": "https://m.media-amazon.com/images/I/41vaiFH5nkL._SL160_.jpg",
        "detailPageURL": "https://www.amazon.com/dp/B07PVDJJLH",
        "rating": "4.5",
        "totalReviews": "120",
        "subtitle": "Hanskin",
        "isPrimeEligible": "1"
    },
    {
        "ASIN": "B0CBNTND1X",
        "title": "Bad Habit OMZZZ Acai Nightly Cleansing Balm",
        "price": "$14.18",
        "listPrice": "",
        "imageUrl": "https://m.media-amazon.com/images/I/31rBQxIMRRL._SL160_.jpg",
        "detailPageURL": "https://www.amazon.com/dp/B0CBNTND1X",
        "rating": "5.0",
        "totalReviews": "1",
        "subtitle": "Generic",
        "isPrimeEligible": "1"
    },
    {
        "ASIN": "B08L6SC34P",
        "title": "Clean It Zero Cleansing Balm Revitalizing",
        "price": "$19.50 ($5.74 / Fl Oz)",
        "listPrice": "$28.90 ($8.50 / Fl Oz)",
        "imageUrl": "https://m.media-amazon.com/images/I/317VAWW24kL._SL160_.jpg",
        "detailPageURL": "https://www.amazon.com/dp/B08L6SC34P",
        "rating": "4.6",
        "totalReviews": "271",
        "subtitle": "BANILA CO",
        "isPrimeEligible": "1"
    },
    {
        "ASIN": "B07CD8K7H3",
        "title": "BANILA CO NEW Clean It Zero Purifying Cleansing Balm Makeup Remover & Face Cleanser, Sensitive Skin, Balm to Oil, Double Cleanse, Acne, Breakouts, Redness, 100ml",
        "price": "$20.10 ($5.95 / Fl Oz)",
        "listPrice": "",
        "imageUrl": "https://m.media-amazon.com/images/I/41MSSImCj0L._SL160_.jpg",
        "detailPageURL": "https://www.amazon.com/dp/B07CD8K7H3",
        "rating": "4.6",
        "totalReviews": "889",
        "subtitle": "BANILA CO",
        "isPrimeEligible": "1"
    },
    {
        "ASIN": "B091YKXNYL",
        "title": "COSRX Pure Fit Cica Smoothing Cleansing Balm\u200b, 4.05 fl oz / 120ml | Deep Hydrating Meltaway Cleanse for Sensitive Skin",
        "price": "$18.00 ($4.44 / Fl Oz)",
        "listPrice": "",
        "imageUrl": "https://m.media-amazon.com/images/I/31pMePson-L._SL160_.jpg",
        "detailPageURL": "https://www.amazon.com/dp/B091YKXNYL",
        "rating": "4.1",
        "totalReviews": "73",
        "subtitle": "COSRX",
        "isPrimeEligible": "1"
    },
    {
        "ASIN": "B09P7V8KBF",
        "title": "BUVLEY Pure Oil Cleansing Balm I Low pH, Vegan, Cruelty Free | Daily Makeup Remover Calming and Hydrating Facial Cleanser",
        "price": "$17.99 ($5.32 / Ounce)",
        "listPrice": "",
        "imageUrl": "https://m.media-amazon.com/images/I/31n0yoLy3eL._SL160_.jpg",
        "detailPageURL": "https://www.amazon.com/dp/B09P7V8KBF",
        "rating": "4.3",
        "totalReviews": "49",
        "subtitle": "BUVLEY",
        "isPrimeEligible": "1"
    },
    {
        "ASIN": "B0BRXJZJD4",
        "title": "Pack of 3 x Clinique Take The Day Off Charcoal Cleansing Balm 0.5 oz/15ml Total 1.5 oz/45 ml",
        "price": "$6.23 ($4.15 / Ounce)",
        "listPrice": "$6.90 ($4.60 / Ounce)",
        "imageUrl": "https://m.media-amazon.com/images/I/41pU9Iv0-jL._SL160_.jpg",
        "detailPageURL": "https://www.amazon.com/dp/B0BRXJZJD4",
        "rating": "4.6",
        "totalReviews": "14",
        "subtitle": "Clinique",
        "isPrimeEligible": "1"
    },
    {
        "ASIN": "B0B1SS38ZP",
        "title": "Albolene Cleansing Balm, Hydrating Makeup Remover and Face Wash with Shea Butter and Jojoba Oil, 6 fl oz, Packaging May Vary",
        "price": "$9.99 ($1.66 / Ounce)",
        "listPrice": "$14.99 ($2.50 / Ounce)",
        "imageUrl": "https://m.media-amazon.com/images/I/41YLwjxhrTL._SL160_.jpg",
        "detailPageURL": "https://www.amazon.com/dp/B0B1SS38ZP",
        "rating": "4.1",
        "totalReviews": "1193",
        "subtitle": "Albolene",
        "isPrimeEligible": "1"
    },
    {
        "ASIN": "B07D3JS7LK",
        "title": "YADAH Cleansing Balm Makeup Remover 3.4 Fl Oz - Green Tea Face Wash for Sensitive Skin - Fragrance Free, Double Cleanse, Balm to Oil.",
        "price": "$21.00 ($6.18 / Ounce)",
        "listPrice": "",
        "imageUrl": "https://m.media-amazon.com/images/I/41QGIkGkAsL._SL160_.jpg",
        "detailPageURL": "https://www.amazon.com/dp/B07D3JS7LK",
        "rating": "4.6",
        "totalReviews": "383",
        "subtitle": "YADAH",
        "isPrimeEligible": "1"
    },
    {
        "ASIN": "B07PVDJJLH",
        "title": "Hanskin AHA Pore Cleansing Balm, Alpha Hydroxy Acid, Exfoliating, Gentle Blackhead Cleanser and Makeup Remover Balm [80g]",
        "price": "$22.00 ($7.80 / Ounce)",
        "listPrice": "",
        "imageUrl": "https://m.media-amazon.com/images/I/41vaiFH5nkL._SL160_.jpg",
        "detailPageURL": "https://www.amazon.com/dp/B07PVDJJLH",
        "rating": "4.5",
        "totalReviews": "120",
        "subtitle": "Hanskin",
        "isPrimeEligible": "1"
    },
    {
        "ASIN": "B0CBNTND1X",
        "title": "Bad Habit OMZZZ Acai Nightly Cleansing Balm",
        "price": "$14.18",
        "listPrice": "",
        "imageUrl": "https://m.media-amazon.com/images/I/31rBQxIMRRL._SL160_.jpg",
        "detailPageURL": "https://www.amazon.com/dp/B0CBNTND1X",
        "rating": "5.0",
        "totalReviews": "1",
        "subtitle": "Generic",
        "isPrimeEligible": "1"
    },
    {
        "ASIN": "B08L6SC34P",
        "title": "Clean It Zero Cleansing Balm Revitalizing",
        "price": "$19.50 ($5.74 / Fl Oz)",
        "listPrice": "$28.90 ($8.50 / Fl Oz)",
        "imageUrl": "https://m.media-amazon.com/images/I/317VAWW24kL._SL160_.jpg",
        "detailPageURL": "https://www.amazon.com/dp/B08L6SC34P",
        "rating": "4.6",
        "totalReviews": "271",
        "subtitle": "BANILA CO",
        "isPrimeEligible": "1"
    },
    {
        "ASIN": "B07CD8K7H3",
        "title": "BANILA CO NEW Clean It Zero Purifying Cleansing Balm Makeup Remover & Face Cleanser, Sensitive Skin, Balm to Oil, Double Cleanse, Acne, Breakouts, Redness, 100ml",
        "price": "$20.10 ($5.95 / Fl Oz)",
        "listPrice": "",
        "imageUrl": "https://m.media-amazon.com/images/I/41MSSImCj0L._SL160_.jpg",
        "detailPageURL": "https://www.amazon.com/dp/B07CD8K7H3",
        "rating": "4.6",
        "totalReviews": "889",
        "subtitle": "BANILA CO",
        "isPrimeEligible": "1"
    },
    {
        "ASIN": "B091YKXNYL",
        "title": "COSRX Pure Fit Cica Smoothing Cleansing Balm\u200b, 4.05 fl oz / 120ml | Deep Hydrating Meltaway Cleanse for Sensitive Skin",
        "price": "$18.00 ($4.44 / Fl Oz)",
        "listPrice": "",
        "imageUrl": "https://m.media-amazon.com/images/I/31pMePson-L._SL160_.jpg",
        "detailPageURL": "https://www.amazon.com/dp/B091YKXNYL",
        "rating": "4.1",
        "totalReviews": "73",
        "subtitle": "COSRX",
        "isPrimeEligible": "1"
    },
    {
        "ASIN": "B099XJ8J43",
        "title": "belif Aqua Bomb Cleansing Balm | Hydrating Makeup Remover & No Mess Clean Up | Smoothens & Moisturizes Skin after Cleansing | /w Lotus Flower, Marshmallow Root & Lady's Mantle | 3.3 floz",
        "price": "$38.00 ($11.52 / Ounce)",
        "listPrice": "",
        "imageUrl": "https://m.media-amazon.com/images/I/41YJVBE5xyL._SL160_.jpg",
        "detailPageURL": "https://www.amazon.com/dp/B099XJ8J43",
        "rating": "4.6",
        "totalReviews": "80",
        "subtitle": "",
        "isPrimeEligible": "1"
    },
    {
        "ASIN": "B0BRXJZJD4",
        "title": "Pack of 3 x Clinique Take The Day Off Charcoal Cleansing Balm 0.5 oz/15ml Total 1.5 oz/45 ml",
        "price": "$6.23 ($4.15 / Ounce)",
        "listPrice": "$6.90 ($4.60 / Ounce)",
        "imageUrl": "https://m.media-amazon.com/images/I/41pU9Iv0-jL._SL160_.jpg",
        "detailPageURL": "https://www.amazon.com/dp/B0BRXJZJD4",
        "rating": "4.6",
        "totalReviews": "14",
        "subtitle": "Clinique",
        "isPrimeEligible": "1"
    },
    {
        "ASIN": "B0B1SS38ZP",
        "title": "Albolene Cleansing Balm, Hydrating Makeup Remover and Face Wash with Shea Butter and Jojoba Oil, 6 fl oz, Packaging May Vary",
        "price": "$9.99 ($1.66 / Ounce)",
        "listPrice": "$14.99 ($2.50 / Ounce)",
        "imageUrl": "https://m.media-amazon.com/images/I/41YLwjxhrTL._SL160_.jpg",
        "detailPageURL": "https://www.amazon.com/dp/B0B1SS38ZP",
        "rating": "4.1",
        "totalReviews": "1193",
        "subtitle": "Albolene",
        "isPrimeEligible": "1"
    },
    {
        "ASIN": "B07D3JS7LK",
        "title": "YADAH Cleansing Balm Makeup Remover 3.4 Fl Oz - Green Tea Face Wash for Sensitive Skin - Fragrance Free, Double Cleanse, Balm to Oil.",
        "price": "$21.00 ($6.18 / Ounce)",
        "listPrice": "",
        "imageUrl": "https://m.media-amazon.com/images/I/41QGIkGkAsL._SL160_.jpg",
        "detailPageURL": "https://www.amazon.com/dp/B07D3JS7LK",
        "rating": "4.6",
        "totalReviews": "383",
        "subtitle": "YADAH",
        "isPrimeEligible": "1"
    },
    {
        "ASIN": "B07PVDJJLH",
        "title": "Hanskin AHA Pore Cleansing Balm, Alpha Hydroxy Acid, Exfoliating, Gentle Blackhead Cleanser and Makeup Remover Balm [80g]",
        "price": "$22.00 ($7.80 / Ounce)",
        "listPrice": "",
        "imageUrl": "https://m.media-amazon.com/images/I/41vaiFH5nkL._SL160_.jpg",
        "detailPageURL": "https://www.amazon.com/dp/B07PVDJJLH",
        "rating": "4.5",
        "totalReviews": "120",
        "subtitle": "Hanskin",
        "isPrimeEligible": "1"
    },
    {
        "ASIN": "B0CBNTND1X",
        "title": "Bad Habit OMZZZ Acai Nightly Cleansing Balm",
        "price": "$14.18",
        "listPrice": "",
        "imageUrl": "https://m.media-amazon.com/images/I/31rBQxIMRRL._SL160_.jpg",
        "detailPageURL": "https://www.amazon.com/dp/B0CBNTND1X",
        "rating": "5.0",
        "totalReviews": "1",
        "subtitle": "Generic",
        "isPrimeEligible": "1"
    },
    {
        "ASIN": "B08L6SC34P",
        "title": "Clean It Zero Cleansing Balm Revitalizing",
        "price": "$19.50 ($5.74 / Fl Oz)",
        "listPrice": "$28.90 ($8.50 / Fl Oz)",
        "imageUrl": "https://m.media-amazon.com/images/I/317VAWW24kL._SL160_.jpg",
        "detailPageURL": "https://www.amazon.com/dp/B08L6SC34P",
        "rating": "4.6",
        "totalReviews": "271",
        "subtitle": "BANILA CO",
        "isPrimeEligible": "1"
    },
    {
        "ASIN": "B07CD8K7H3",
        "title": "BANILA CO NEW Clean It Zero Purifying Cleansing Balm Makeup Remover & Face Cleanser, Sensitive Skin, Balm to Oil, Double Cleanse, Acne, Breakouts, Redness, 100ml",
        "price": "$20.10 ($5.95 / Fl Oz)",
        "listPrice": "",
        "imageUrl": "https://m.media-amazon.com/images/I/41MSSImCj0L._SL160_.jpg",
        "detailPageURL": "https://www.amazon.com/dp/B07CD8K7H3",
        "rating": "4.6",
        "totalReviews": "889",
        "subtitle": "BANILA CO",
        "isPrimeEligible": "1"
    },
    {
        "ASIN": "B091YKXNYL",
        "title": "COSRX Pure Fit Cica Smoothing Cleansing Balm\u200b, 4.05 fl oz / 120ml | Deep Hydrating Meltaway Cleanse for Sensitive Skin",
        "price": "$18.00 ($4.44 / Fl Oz)",
        "listPrice": "",
        "imageUrl": "https://m.media-amazon.com/images/I/31pMePson-L._SL160_.jpg",
        "detailPageURL": "https://www.amazon.com/dp/B091YKXNYL",
        "rating": "4.1",
        "totalReviews": "73",
        "subtitle": "COSRX",
        "isPrimeEligible": "1"
    },
    {
        "ASIN": "B099XJ8J43",
        "title": "belif Aqua Bomb Cleansing Balm | Hydrating Makeup Remover & No Mess Clean Up | Smoothens & Moisturizes Skin after Cleansing | /w Lotus Flower, Marshmallow Root & Lady's Mantle | 3.3 floz",
        "price": "$38.00 ($11.52 / Ounce)",
        "listPrice": "",
        "imageUrl": "https://m.media-amazon.com/images/I/41YJVBE5xyL._SL160_.jpg",
        "detailPageURL": "https://www.amazon.com/dp/B099XJ8J43",
        "rating": "4.6",
        "totalReviews": "80",
        "subtitle": "",
        "isPrimeEligible": "1"
    },
    {
        "ASIN": "B086DTQ1WT",
        "title": "W7 Peachy Clean Face Cleansing Balm - Makeup Remover With Peach Extract - Clean Oil Free Skin",
        "price": "$7.95 ($3.24 / Ounce)",
        "listPrice": "",
        "imageUrl": "https://m.media-amazon.com/images/I/31ddEbSxPfL._SL160_.jpg",
        "detailPageURL": "https://www.amazon.com/dp/B086DTQ1WT",
        "rating": "3.9",
        "totalReviews": "1389",
        "subtitle": "W7",
        "isPrimeEligible": "1"
    },
    {
        "ASIN": "B0B1SS38ZP",
        "title": "Albolene Cleansing Balm, Hydrating Makeup Remover and Face Wash with Shea Butter and Jojoba Oil, 6 fl oz, Packaging May Vary",
        "price": "$9.99 ($1.66 / Ounce)",
        "listPrice": "$14.99 ($2.50 / Ounce)",
        "imageUrl": "https://m.media-amazon.com/images/I/41YLwjxhrTL._SL160_.jpg",
        "detailPageURL": "https://www.amazon.com/dp/B0B1SS38ZP",
        "rating": "4.1",
        "totalReviews": "1193",
        "subtitle": "Albolene",
        "isPrimeEligible": "1"
    },
    {
        "ASIN": "B07D3JS7LK",
        "title": "YADAH Cleansing Balm Makeup Remover 3.4 Fl Oz - Green Tea Face Wash for Sensitive Skin - Fragrance Free, Double Cleanse, Balm to Oil.",
        "price": "$21.00 ($6.18 / Ounce)",
        "listPrice": "",
        "imageUrl": "https://m.media-amazon.com/images/I/41QGIkGkAsL._SL160_.jpg",
        "detailPageURL": "https://www.amazon.com/dp/B07D3JS7LK",
        "rating": "4.6",
        "totalReviews": "383",
        "subtitle": "YADAH",
        "isPrimeEligible": "1"
    },
    {
        "ASIN": "B07PVDJJLH",
        "title": "Hanskin AHA Pore Cleansing Balm, Alpha Hydroxy Acid, Exfoliating, Gentle Blackhead Cleanser and Makeup Remover Balm [80g]",
        "price": "$22.00 ($7.80 / Ounce)",
        "listPrice": "",
        "imageUrl": "https://m.media-amazon.com/images/I/41vaiFH5nkL._SL160_.jpg",
        "detailPageURL": "https://www.amazon.com/dp/B07PVDJJLH",
        "rating": "4.5",
        "totalReviews": "120",
        "subtitle": "Hanskin",
        "isPrimeEligible": "1"
    },
    {
        "ASIN": "B0CBNTND1X",
        "title": "Bad Habit OMZZZ Acai Nightly Cleansing Balm",
        "price": "$14.18",
        "listPrice": "",
        "imageUrl": "https://m.media-amazon.com/images/I/31rBQxIMRRL._SL160_.jpg",
        "detailPageURL": "https://www.amazon.com/dp/B0CBNTND1X",
        "rating": "5.0",
        "totalReviews": "1",
        "subtitle": "Generic",
        "isPrimeEligible": "1"
    },
    {
        "ASIN": "B08L6SC34P",
        "title": "Clean It Zero Cleansing Balm Revitalizing",
        "price": "$19.50 ($5.74 / Fl Oz)",
        "listPrice": "$28.90 ($8.50 / Fl Oz)",
        "imageUrl": "https://m.media-amazon.com/images/I/317VAWW24kL._SL160_.jpg",
        "detailPageURL": "https://www.amazon.com/dp/B08L6SC34P",
        "rating": "4.6",
        "totalReviews": "271",
        "subtitle": "BANILA CO",
        "isPrimeEligible": "1"
    },
    {
        "ASIN": "B07CD8K7H3",
        "title": "BANILA CO NEW Clean It Zero Purifying Cleansing Balm Makeup Remover & Face Cleanser, Sensitive Skin, Balm to Oil, Double Cleanse, Acne, Breakouts, Redness, 100ml",
        "price": "$20.10 ($5.95 / Fl Oz)",
        "listPrice": "",
        "imageUrl": "https://m.media-amazon.com/images/I/41MSSImCj0L._SL160_.jpg",
        "detailPageURL": "https://www.amazon.com/dp/B07CD8K7H3",
        "rating": "4.6",
        "totalReviews": "889",
        "subtitle": "BANILA CO",
        "isPrimeEligible": "1"
    },
    {
        "ASIN": "B091YKXNYL",
        "title": "COSRX Pure Fit Cica Smoothing Cleansing Balm\u200b, 4.05 fl oz / 120ml | Deep Hydrating Meltaway Cleanse for Sensitive Skin",
        "price": "$18.00 ($4.44 / Fl Oz)",
        "listPrice": "",
        "imageUrl": "https://m.media-amazon.com/images/I/31pMePson-L._SL160_.jpg",
        "detailPageURL": "https://www.amazon.com/dp/B091YKXNYL",
        "rating": "4.1",
        "totalReviews": "73",
        "subtitle": "COSRX",
        "isPrimeEligible": "1"
    },
    {
        "ASIN": "B099XJ8J43",
        "title": "belif Aqua Bomb Cleansing Balm | Hydrating Makeup Remover & No Mess Clean Up | Smoothens & Moisturizes Skin after Cleansing | /w Lotus Flower, Marshmallow Root & Lady's Mantle | 3.3 floz",
        "price": "$38.00 ($11.52 / Ounce)",
        "listPrice": "",
        "imageUrl": "https://m.media-amazon.com/images/I/41YJVBE5xyL._SL160_.jpg",
        "detailPageURL": "https://www.amazon.com/dp/B099XJ8J43",
        "rating": "4.6",
        "totalReviews": "80",
        "subtitle": "",
        "isPrimeEligible": "1"
    },
    {
        "ASIN": "B086DTQ1WT",
        "title": "W7 Peachy Clean Face Cleansing Balm - Makeup Remover With Peach Extract - Clean Oil Free Skin",
        "price": "$7.95 ($3.24 / Ounce)",
        "listPrice": "",
        "imageUrl": "https://m.media-amazon.com/images/I/31ddEbSxPfL._SL160_.jpg",
        "detailPageURL": "https://www.amazon.com/dp/B086DTQ1WT",
        "rating": "3.9",
        "totalReviews": "1389",
        "subtitle": "W7",
        "isPrimeEligible": "1"
    },
    {
        "ASIN": "B08SVYV3WY",
        "title": "Beekman 1802 Buttermilk Makeup Remover Cleansing Balm - Fragrance Free - 0.39 fl oz - Cleanses Dirt, Makeup & Sunscreen - Good for Sensitive Skin - Cruelty Free",
        "price": "$15.00 ($15.00 / Count)",
        "listPrice": "",
        "imageUrl": "https://m.media-amazon.com/images/I/21eTLBsS3+L._SL160_.jpg",
        "detailPageURL": "https://www.amazon.com/dp/B08SVYV3WY",
        "rating": "4.0",
        "totalReviews": "80",
        "subtitle": "",
        "isPrimeEligible": "1"
    },
    {
        "ASIN": "B07D3JS7LK",
        "title": "YADAH Cleansing Balm Makeup Remover 3.4 Fl Oz - Green Tea Face Wash for Sensitive Skin - Fragrance Free, Double Cleanse, Balm to Oil.",
        "price": "$21.00 ($6.18 / Ounce)",
        "listPrice": "",
        "imageUrl": "https://m.media-amazon.com/images/I/41QGIkGkAsL._SL160_.jpg",
        "detailPageURL": "https://www.amazon.com/dp/B07D3JS7LK",
        "rating": "4.6",
        "totalReviews": "383",
        "subtitle": "YADAH",
        "isPrimeEligible": "1"
    },
    {
        "ASIN": "B07PVDJJLH",
        "title": "Hanskin AHA Pore Cleansing Balm, Alpha Hydroxy Acid, Exfoliating, Gentle Blackhead Cleanser and Makeup Remover Balm [80g]",
        "price": "$22.00 ($7.80 / Ounce)",
        "listPrice": "",
        "imageUrl": "https://m.media-amazon.com/images/I/41vaiFH5nkL._SL160_.jpg",
        "detailPageURL": "https://www.amazon.com/dp/B07PVDJJLH",
        "rating": "4.5",
        "totalReviews": "120",
        "subtitle": "Hanskin",
        "isPrimeEligible": "1"
    },
    {
        "ASIN": "B0CBNTND1X",
        "title": "Bad Habit OMZZZ Acai Nightly Cleansing Balm",
        "price": "$14.18",
        "listPrice": "",
        "imageUrl": "https://m.media-amazon.com/images/I/31rBQxIMRRL._SL160_.jpg",
        "detailPageURL": "https://www.amazon.com/dp/B0CBNTND1X",
        "rating": "5.0",
        "totalReviews": "1",
        "subtitle": "Generic",
        "isPrimeEligible": "1"
    },
    {
        "ASIN": "B08L6SC34P",
        "title": "Clean It Zero Cleansing Balm Revitalizing",
        "price": "$19.50 ($5.74 / Fl Oz)",
        "listPrice": "$28.90 ($8.50 / Fl Oz)",
        "imageUrl": "https://m.media-amazon.com/images/I/317VAWW24kL._SL160_.jpg",
        "detailPageURL": "https://www.amazon.com/dp/B08L6SC34P",
        "rating": "4.6",
        "totalReviews": "271",
        "subtitle": "BANILA CO",
        "isPrimeEligible": "1"
    },
    {
        "ASIN": "B07CD8K7H3",
        "title": "BANILA CO NEW Clean It Zero Purifying Cleansing Balm Makeup Remover & Face Cleanser, Sensitive Skin, Balm to Oil, Double Cleanse, Acne, Breakouts, Redness, 100ml",
        "price": "$20.10 ($5.95 / Fl Oz)",
        "listPrice": "",
        "imageUrl": "https://m.media-amazon.com/images/I/41MSSImCj0L._SL160_.jpg",
        "detailPageURL": "https://www.amazon.com/dp/B07CD8K7H3",
        "rating": "4.6",
        "totalReviews": "889",
        "subtitle": "BANILA CO",
        "isPrimeEligible": "1"
    },
    {
        "ASIN": "B091YKXNYL",
        "title": "COSRX Pure Fit Cica Smoothing Cleansing Balm\u200b, 4.05 fl oz / 120ml | Deep Hydrating Meltaway Cleanse for Sensitive Skin",
        "price": "$18.00 ($4.44 / Fl Oz)",
        "listPrice": "",
        "imageUrl": "https://m.media-amazon.com/images/I/31pMePson-L._SL160_.jpg",
        "detailPageURL": "https://www.amazon.com/dp/B091YKXNYL",
        "rating": "4.1",
        "totalReviews": "73",
        "subtitle": "COSRX",
        "isPrimeEligible": "1"
    },
    {
        "ASIN": "B099XJ8J43",
        "title": "belif Aqua Bomb Cleansing Balm | Hydrating Makeup Remover & No Mess Clean Up | Smoothens & Moisturizes Skin after Cleansing | /w Lotus Flower, Marshmallow Root & Lady's Mantle | 3.3 floz",
        "price": "$38.00 ($11.52 / Ounce)",
        "listPrice": "",
        "imageUrl": "https://m.media-amazon.com/images/I/41YJVBE5xyL._SL160_.jpg",
        "detailPageURL": "https://www.amazon.com/dp/B099XJ8J43",
        "rating": "4.6",
        "totalReviews": "80",
        "subtitle": "",
        "isPrimeEligible": "1"
    },
    {
        "ASIN": "B086DTQ1WT",
        "title": "W7 Peachy Clean Face Cleansing Balm - Makeup Remover With Peach Extract - Clean Oil Free Skin",
        "price": "$7.95 ($3.24 / Ounce)",
        "listPrice": "",
        "imageUrl": "https://m.media-amazon.com/images/I/31ddEbSxPfL._SL160_.jpg",
        "detailPageURL": "https://www.amazon.com/dp/B086DTQ1WT",
        "rating": "3.9",
        "totalReviews": "1389",
        "subtitle": "W7",
        "isPrimeEligible": "1"
    },
    {
        "ASIN": "B08SVYV3WY",
        "title": "Beekman 1802 Buttermilk Makeup Remover Cleansing Balm - Fragrance Free - 0.39 fl oz - Cleanses Dirt, Makeup & Sunscreen - Good for Sensitive Skin - Cruelty Free",
        "price": "$15.00 ($15.00 / Count)",
        "listPrice": "",
        "imageUrl": "https://m.media-amazon.com/images/I/21eTLBsS3+L._SL160_.jpg",
        "detailPageURL": "https://www.amazon.com/dp/B08SVYV3WY",
        "rating": "4.0",
        "totalReviews": "80",
        "subtitle": "",
        "isPrimeEligible": "1"
    },
    {
        "ASIN": "B0BFDZ2694",
        "title": "HOMEXCEL Makeup Remover Cloth 12 Pack,Reusable Pads,Washable Ultra Soft Facial Cleansing Cloths For All Skin Types,5 X 5 In,Pink",
        "price": "$6.29 ($0.52 / Count)",
        "listPrice": "$6.99 ($0.58 / Count)",
        "imageUrl": "https://m.media-amazon.com/images/I/51kJTBpgafL._SL160_.jpg",
        "detailPageURL": "https://www.amazon.com/dp/B0BFDZ2694",
        "rating": "4.5",
        "totalReviews": "818",
        "subtitle": "HOMEXCEL",
        "isPrimeEligible": "1"
    },
    {
        "ASIN": "B07PVDJJLH",
        "title": "Hanskin AHA Pore Cleansing Balm, Alpha Hydroxy Acid, Exfoliating, Gentle Blackhead Cleanser and Makeup Remover Balm [80g]",
        "price": "$22.00 ($7.80 / Ounce)",
        "listPrice": "",
        "imageUrl": "https://m.media-amazon.com/images/I/41vaiFH5nkL._SL160_.jpg",
        "detailPageURL": "https://www.amazon.com/dp/B07PVDJJLH",
        "rating": "4.5",
        "totalReviews": "120",
        "subtitle": "Hanskin",
        "isPrimeEligible": "1"
    },
    {
        "ASIN": "B0CBNTND1X",
        "title": "Bad Habit OMZZZ Acai Nightly Cleansing Balm",
        "price": "$14.18",
        "listPrice": "",
        "imageUrl": "https://m.media-amazon.com/images/I/31rBQxIMRRL._SL160_.jpg",
        "detailPageURL": "https://www.amazon.com/dp/B0CBNTND1X",
        "rating": "5.0",
        "totalReviews": "1",
        "subtitle": "Generic",
        "isPrimeEligible": "1"
    },
    {
        "ASIN": "B08L6SC34P",
        "title": "Clean It Zero Cleansing Balm Revitalizing",
        "price": "$19.50 ($5.74 / Fl Oz)",
        "listPrice": "$28.90 ($8.50 / Fl Oz)",
        "imageUrl": "https://m.media-amazon.com/images/I/317VAWW24kL._SL160_.jpg",
        "detailPageURL": "https://www.amazon.com/dp/B08L6SC34P",
        "rating": "4.6",
        "totalReviews": "271",
        "subtitle": "BANILA CO",
        "isPrimeEligible": "1"
    },
    {
        "ASIN": "B07CD8K7H3",
        "title": "BANILA CO NEW Clean It Zero Purifying Cleansing Balm Makeup Remover & Face Cleanser, Sensitive Skin, Balm to Oil, Double Cleanse, Acne, Breakouts, Redness, 100ml",
        "price": "$20.10 ($5.95 / Fl Oz)",
        "listPrice": "",
        "imageUrl": "https://m.media-amazon.com/images/I/41MSSImCj0L._SL160_.jpg",
        "detailPageURL": "https://www.amazon.com/dp/B07CD8K7H3",
        "rating": "4.6",
        "totalReviews": "889",
        "subtitle": "BANILA CO",
        "isPrimeEligible": "1"
    },
    {
        "ASIN": "B091YKXNYL",
        "title": "COSRX Pure Fit Cica Smoothing Cleansing Balm\u200b, 4.05 fl oz / 120ml | Deep Hydrating Meltaway Cleanse for Sensitive Skin",
        "price": "$18.00 ($4.44 / Fl Oz)",
        "listPrice": "",
        "imageUrl": "https://m.media-amazon.com/images/I/31pMePson-L._SL160_.jpg",
        "detailPageURL": "https://www.amazon.com/dp/B091YKXNYL",
        "rating": "4.1",
        "totalReviews": "73",
        "subtitle": "COSRX",
        "isPrimeEligible": "1"
    },
    {
        "ASIN": "B099XJ8J43",
        "title": "belif Aqua Bomb Cleansing Balm | Hydrating Makeup Remover & No Mess Clean Up | Smoothens & Moisturizes Skin after Cleansing | /w Lotus Flower, Marshmallow Root & Lady's Mantle | 3.3 floz",
        "price": "$38.00 ($11.52 / Ounce)",
        "listPrice": "",
        "imageUrl": "https://m.media-amazon.com/images/I/41YJVBE5xyL._SL160_.jpg",
        "detailPageURL": "https://www.amazon.com/dp/B099XJ8J43",
        "rating": "4.6",
        "totalReviews": "80",
        "subtitle": "",
        "isPrimeEligible": "1"
    },
    {
        "ASIN": "B086DTQ1WT",
        "title": "W7 Peachy Clean Face Cleansing Balm - Makeup Remover With Peach Extract - Clean Oil Free Skin",
        "price": "$7.95 ($3.24 / Ounce)",
        "listPrice": "",
        "imageUrl": "https://m.media-amazon.com/images/I/31ddEbSxPfL._SL160_.jpg",
        "detailPageURL": "https://www.amazon.com/dp/B086DTQ1WT",
        "rating": "3.9",
        "totalReviews": "1389",
        "subtitle": "W7",
        "isPrimeEligible": "1"
    },
    {
        "ASIN": "B08SVYV3WY",
        "title": "Beekman 1802 Buttermilk Makeup Remover Cleansing Balm - Fragrance Free - 0.39 fl oz - Cleanses Dirt, Makeup & Sunscreen - Good for Sensitive Skin - Cruelty Free",
        "price": "$15.00 ($15.00 / Count)",
        "listPrice": "",
        "imageUrl": "https://m.media-amazon.com/images/I/21eTLBsS3+L._SL160_.jpg",
        "detailPageURL": "https://www.amazon.com/dp/B08SVYV3WY",
        "rating": "4.0",
        "totalReviews": "80",
        "subtitle": "",
        "isPrimeEligible": "1"
    },
    {
        "ASIN": "B0BFDZ2694",
        "title": "HOMEXCEL Makeup Remover Cloth 12 Pack,Reusable Pads,Washable Ultra Soft Facial Cleansing Cloths For All Skin Types,5 X 5 In,Pink",
        "price": "$6.29 ($0.52 / Count)",
        "listPrice": "$6.99 ($0.58 / Count)",
        "imageUrl": "https://m.media-amazon.com/images/I/51kJTBpgafL._SL160_.jpg",
        "detailPageURL": "https://www.amazon.com/dp/B0BFDZ2694",
        "rating": "4.5",
        "totalReviews": "818",
        "subtitle": "HOMEXCEL",
        "isPrimeEligible": "1"
    },
    {
        "ASIN": "B0C673PKK3",
        "title": "La Roche-Posay NEW Lipikar AP+ Gentle Foaming Cleansing Oil | Gentle Oil Cleanser for Face and Body Formulated with Niacinamide | Long-Lasting 24-hour Hydration | Fragrance-Free & Soap Free",
        "price": "$16.99 ($1.26 / Fl Oz)",
        "listPrice": "",
        "imageUrl": "https://m.media-amazon.com/images/I/41RRhed4IfL._SL160_.jpg",
        "detailPageURL": "https://www.amazon.com/dp/B0C673PKK3",
        "rating": "4.5",
        "totalReviews": "165",
        "subtitle": "",
        "isPrimeEligible": "1"
    },
    {
        "ASIN": "B0CBNTND1X",
        "title": "Bad Habit OMZZZ Acai Nightly Cleansing Balm",
        "price": "$14.18",
        "listPrice": "",
        "imageUrl": "https://m.media-amazon.com/images/I/31rBQxIMRRL._SL160_.jpg",
        "detailPageURL": "https://www.amazon.com/dp/B0CBNTND1X",
        "rating": "5.0",
        "totalReviews": "1",
        "subtitle": "Generic",
        "isPrimeEligible": "1"
    },
    {
        "ASIN": "B08L6SC34P",
        "title": "Clean It Zero Cleansing Balm Revitalizing",
        "price": "$19.50 ($5.74 / Fl Oz)",
        "listPrice": "$28.90 ($8.50 / Fl Oz)",
        "imageUrl": "https://m.media-amazon.com/images/I/317VAWW24kL._SL160_.jpg",
        "detailPageURL": "https://www.amazon.com/dp/B08L6SC34P",
        "rating": "4.6",
        "totalReviews": "271",
        "subtitle": "BANILA CO",
        "isPrimeEligible": "1"
    },
    {
        "ASIN": "B07CD8K7H3",
        "title": "BANILA CO NEW Clean It Zero Purifying Cleansing Balm Makeup Remover & Face Cleanser, Sensitive Skin, Balm to Oil, Double Cleanse, Acne, Breakouts, Redness, 100ml",
        "price": "$20.10 ($5.95 / Fl Oz)",
        "listPrice": "",
        "imageUrl": "https://m.media-amazon.com/images/I/41MSSImCj0L._SL160_.jpg",
        "detailPageURL": "https://www.amazon.com/dp/B07CD8K7H3",
        "rating": "4.6",
        "totalReviews": "889",
        "subtitle": "BANILA CO",
        "isPrimeEligible": "1"
    },
    {
        "ASIN": "B091YKXNYL",
        "title": "COSRX Pure Fit Cica Smoothing Cleansing Balm\u200b, 4.05 fl oz / 120ml | Deep Hydrating Meltaway Cleanse for Sensitive Skin",
        "price": "$18.00 ($4.44 / Fl Oz)",
        "listPrice": "",
        "imageUrl": "https://m.media-amazon.com/images/I/31pMePson-L._SL160_.jpg",
        "detailPageURL": "https://www.amazon.com/dp/B091YKXNYL",
        "rating": "4.1",
        "totalReviews": "73",
        "subtitle": "COSRX",
        "isPrimeEligible": "1"
    },
    {
        "ASIN": "B099XJ8J43",
        "title": "belif Aqua Bomb Cleansing Balm | Hydrating Makeup Remover & No Mess Clean Up | Smoothens & Moisturizes Skin after Cleansing | /w Lotus Flower, Marshmallow Root & Lady's Mantle | 3.3 floz",
        "price": "$38.00 ($11.52 / Ounce)",
        "listPrice": "",
        "imageUrl": "https://m.media-amazon.com/images/I/41YJVBE5xyL._SL160_.jpg",
        "detailPageURL": "https://www.amazon.com/dp/B099XJ8J43",
        "rating": "4.6",
        "totalReviews": "80",
        "subtitle": "",
        "isPrimeEligible": "1"
    },
    {
        "ASIN": "B086DTQ1WT",
        "title": "W7 Peachy Clean Face Cleansing Balm - Makeup Remover With Peach Extract - Clean Oil Free Skin",
        "price": "$7.95 ($3.24 / Ounce)",
        "listPrice": "",
        "imageUrl": "https://m.media-amazon.com/images/I/31ddEbSxPfL._SL160_.jpg",
        "detailPageURL": "https://www.amazon.com/dp/B086DTQ1WT",
        "rating": "3.9",
        "totalReviews": "1389",
        "subtitle": "W7",
        "isPrimeEligible": "1"
    },
    {
        "ASIN": "B08SVYV3WY",
        "title": "Beekman 1802 Buttermilk Makeup Remover Cleansing Balm - Fragrance Free - 0.39 fl oz - Cleanses Dirt, Makeup & Sunscreen - Good for Sensitive Skin - Cruelty Free",
        "price": "$15.00 ($15.00 / Count)",
        "listPrice": "",
        "imageUrl": "https://m.media-amazon.com/images/I/21eTLBsS3+L._SL160_.jpg",
        "detailPageURL": "https://www.amazon.com/dp/B08SVYV3WY",
        "rating": "4.0",
        "totalReviews": "80",
        "subtitle": "",
        "isPrimeEligible": "1"
    },
    {
        "ASIN": "B0BFDZ2694",
        "title": "HOMEXCEL Makeup Remover Cloth 12 Pack,Reusable Pads,Washable Ultra Soft Facial Cleansing Cloths For All Skin Types,5 X 5 In,Pink",
        "price": "$6.29 ($0.52 / Count)",
        "listPrice": "$6.99 ($0.58 / Count)",
        "imageUrl": "https://m.media-amazon.com/images/I/51kJTBpgafL._SL160_.jpg",
        "detailPageURL": "https://www.amazon.com/dp/B0BFDZ2694",
        "rating": "4.5",
        "totalReviews": "818",
        "subtitle": "HOMEXCEL",
        "isPrimeEligible": "1"
    },
    {
        "ASIN": "B0C673PKK3",
        "title": "La Roche-Posay NEW Lipikar AP+ Gentle Foaming Cleansing Oil | Gentle Oil Cleanser for Face and Body Formulated with Niacinamide | Long-Lasting 24-hour Hydration | Fragrance-Free & Soap Free",
        "price": "$16.99 ($1.26 / Fl Oz)",
        "listPrice": "",
        "imageUrl": "https://m.media-amazon.com/images/I/41RRhed4IfL._SL160_.jpg",
        "detailPageURL": "https://www.amazon.com/dp/B0C673PKK3",
        "rating": "4.5",
        "totalReviews": "165",
        "subtitle": "",
        "isPrimeEligible": "1"
    },
    {
        "ASIN": "B0CBP57936",
        "title": "Kimtrue Makeup remover cleansing Balm and Gentle Eye and Lip Makeup Remover and makeup cleansing oil (Travel Size x 2, 15g*2)",
        "price": "$7.99 ($15.10 / Ounce)",
        "listPrice": "",
        "imageUrl": "https://m.media-amazon.com/images/I/31p34lOXsoL._SL160_.jpg",
        "detailPageURL": "https://www.amazon.com/dp/B0CBP57936",
        "rating": "4.5",
        "totalReviews": "585",
        "subtitle": "Kimtrue",
        "isPrimeEligible": "1"
    },
    {
        "ASIN": "B08L6SC34P",
        "title": "Clean It Zero Cleansing Balm Revitalizing",
        "price": "$19.50 ($5.74 / Fl Oz)",
        "listPrice": "$28.90 ($8.50 / Fl Oz)",
        "imageUrl": "https://m.media-amazon.com/images/I/317VAWW24kL._SL160_.jpg",
        "detailPageURL": "https://www.amazon.com/dp/B08L6SC34P",
        "rating": "4.6",
        "totalReviews": "271",
        "subtitle": "BANILA CO",
        "isPrimeEligible": "1"
    },
    {
        "ASIN": "B07CD8K7H3",
        "title": "BANILA CO NEW Clean It Zero Purifying Cleansing Balm Makeup Remover & Face Cleanser, Sensitive Skin, Balm to Oil, Double Cleanse, Acne, Breakouts, Redness, 100ml",
        "price": "$20.10 ($5.95 / Fl Oz)",
        "listPrice": "",
        "imageUrl": "https://m.media-amazon.com/images/I/41MSSImCj0L._SL160_.jpg",
        "detailPageURL": "https://www.amazon.com/dp/B07CD8K7H3",
        "rating": "4.6",
        "totalReviews": "889",
        "subtitle": "BANILA CO",
        "isPrimeEligible": "1"
    },
    {
        "ASIN": "B091YKXNYL",
        "title": "COSRX Pure Fit Cica Smoothing Cleansing Balm\u200b, 4.05 fl oz / 120ml | Deep Hydrating Meltaway Cleanse for Sensitive Skin",
        "price": "$18.00 ($4.44 / Fl Oz)",
        "listPrice": "",
        "imageUrl": "https://m.media-amazon.com/images/I/31pMePson-L._SL160_.jpg",
        "detailPageURL": "https://www.amazon.com/dp/B091YKXNYL",
        "rating": "4.1",
        "totalReviews": "73",
        "subtitle": "COSRX",
        "isPrimeEligible": "1"
    },
    {
        "ASIN": "B099XJ8J43",
        "title": "belif Aqua Bomb Cleansing Balm | Hydrating Makeup Remover & No Mess Clean Up | Smoothens & Moisturizes Skin after Cleansing | /w Lotus Flower, Marshmallow Root & Lady's Mantle | 3.3 floz",
        "price": "$38.00 ($11.52 / Ounce)",
        "listPrice": "",
        "imageUrl": "https://m.media-amazon.com/images/I/41YJVBE5xyL._SL160_.jpg",
        "detailPageURL": "https://www.amazon.com/dp/B099XJ8J43",
        "rating": "4.6",
        "totalReviews": "80",
        "subtitle": "",
        "isPrimeEligible": "1"
    },
    {
        "ASIN": "B086DTQ1WT",
        "title": "W7 Peachy Clean Face Cleansing Balm - Makeup Remover With Peach Extract - Clean Oil Free Skin",
        "price": "$7.95 ($3.24 / Ounce)",
        "listPrice": "",
        "imageUrl": "https://m.media-amazon.com/images/I/31ddEbSxPfL._SL160_.jpg",
        "detailPageURL": "https://www.amazon.com/dp/B086DTQ1WT",
        "rating": "3.9",
        "totalReviews": "1389",
        "subtitle": "W7",
        "isPrimeEligible": "1"
    },
    {
        "ASIN": "B08SVYV3WY",
        "title": "Beekman 1802 Buttermilk Makeup Remover Cleansing Balm - Fragrance Free - 0.39 fl oz - Cleanses Dirt, Makeup & Sunscreen - Good for Sensitive Skin - Cruelty Free",
        "price": "$15.00 ($15.00 / Count)",
        "listPrice": "",
        "imageUrl": "https://m.media-amazon.com/images/I/21eTLBsS3+L._SL160_.jpg",
        "detailPageURL": "https://www.amazon.com/dp/B08SVYV3WY",
        "rating": "4.0",
        "totalReviews": "80",
        "subtitle": "",
        "isPrimeEligible": "1"
    },
    {
        "ASIN": "B0BFDZ2694",
        "title": "HOMEXCEL Makeup Remover Cloth 12 Pack,Reusable Pads,Washable Ultra Soft Facial Cleansing Cloths For All Skin Types,5 X 5 In,Pink",
        "price": "$6.29 ($0.52 / Count)",
        "listPrice": "$6.99 ($0.58 / Count)",
        "imageUrl": "https://m.media-amazon.com/images/I/51kJTBpgafL._SL160_.jpg",
        "detailPageURL": "https://www.amazon.com/dp/B0BFDZ2694",
        "rating": "4.5",
        "totalReviews": "818",
        "subtitle": "HOMEXCEL",
        "isPrimeEligible": "1"
    },
    {
        "ASIN": "B0C673PKK3",
        "title": "La Roche-Posay NEW Lipikar AP+ Gentle Foaming Cleansing Oil | Gentle Oil Cleanser for Face and Body Formulated with Niacinamide | Long-Lasting 24-hour Hydration | Fragrance-Free & Soap Free",
        "price": "$16.99 ($1.26 / Fl Oz)",
        "listPrice": "",
        "imageUrl": "https://m.media-amazon.com/images/I/41RRhed4IfL._SL160_.jpg",
        "detailPageURL": "https://www.amazon.com/dp/B0C673PKK3",
        "rating": "4.5",
        "totalReviews": "165",
        "subtitle": "",
        "isPrimeEligible": "1"
    },
    {
        "ASIN": "B0CBP57936",
        "title": "Kimtrue Makeup remover cleansing Balm and Gentle Eye and Lip Makeup Remover and makeup cleansing oil (Travel Size x 2, 15g*2)",
        "price": "$7.99 ($15.10 / Ounce)",
        "listPrice": "",
        "imageUrl": "https://m.media-amazon.com/images/I/31p34lOXsoL._SL160_.jpg",
        "detailPageURL": "https://www.amazon.com/dp/B0CBP57936",
        "rating": "4.5",
        "totalReviews": "585",
        "subtitle": "Kimtrue",
        "isPrimeEligible": "1"
    },
    {
        "ASIN": "B0BGT6WTJW",
        "title": "BANILA Clean It Zero 3-in-1 cleansing balm original 25ml",
        "price": "$13.00 ($2.17 / Ounce)",
        "listPrice": "",
        "imageUrl": "https://m.media-amazon.com/images/I/31WoMBfh5bL._SL160_.jpg",
        "detailPageURL": "https://www.amazon.com/dp/B0BGT6WTJW",
        "rating": "4.2",
        "totalReviews": "30",
        "subtitle": "Generic",
        "isPrimeEligible": "1"
    },
    {
        "ASIN": "B07CD8K7H3",
        "title": "BANILA CO NEW Clean It Zero Purifying Cleansing Balm Makeup Remover & Face Cleanser, Sensitive Skin, Balm to Oil, Double Cleanse, Acne, Breakouts, Redness, 100ml",
        "price": "$20.10 ($5.95 / Fl Oz)",
        "listPrice": "",
        "imageUrl": "https://m.media-amazon.com/images/I/41MSSImCj0L._SL160_.jpg",
        "detailPageURL": "https://www.amazon.com/dp/B07CD8K7H3",
        "rating": "4.6",
        "totalReviews": "889",
        "subtitle": "BANILA CO",
        "isPrimeEligible": "1"
    },
    {
        "ASIN": "B091YKXNYL",
        "title": "COSRX Pure Fit Cica Smoothing Cleansing Balm\u200b, 4.05 fl oz / 120ml | Deep Hydrating Meltaway Cleanse for Sensitive Skin",
        "price": "$18.00 ($4.44 / Fl Oz)",
        "listPrice": "",
        "imageUrl": "https://m.media-amazon.com/images/I/31pMePson-L._SL160_.jpg",
        "detailPageURL": "https://www.amazon.com/dp/B091YKXNYL",
        "rating": "4.1",
        "totalReviews": "73",
        "subtitle": "COSRX",
        "isPrimeEligible": "1"
    },
    {
        "ASIN": "B099XJ8J43",
        "title": "belif Aqua Bomb Cleansing Balm | Hydrating Makeup Remover & No Mess Clean Up | Smoothens & Moisturizes Skin after Cleansing | /w Lotus Flower, Marshmallow Root & Lady's Mantle | 3.3 floz",
        "price": "$38.00 ($11.52 / Ounce)",
        "listPrice": "",
        "imageUrl": "https://m.media-amazon.com/images/I/41YJVBE5xyL._SL160_.jpg",
        "detailPageURL": "https://www.amazon.com/dp/B099XJ8J43",
        "rating": "4.6",
        "totalReviews": "80",
        "subtitle": "",
        "isPrimeEligible": "1"
    },
    {
        "ASIN": "B086DTQ1WT",
        "title": "W7 Peachy Clean Face Cleansing Balm - Makeup Remover With Peach Extract - Clean Oil Free Skin",
        "price": "$7.95 ($3.24 / Ounce)",
        "listPrice": "",
        "imageUrl": "https://m.media-amazon.com/images/I/31ddEbSxPfL._SL160_.jpg",
        "detailPageURL": "https://www.amazon.com/dp/B086DTQ1WT",
        "rating": "3.9",
        "totalReviews": "1389",
        "subtitle": "W7",
        "isPrimeEligible": "1"
    },
    {
        "ASIN": "B08SVYV3WY",
        "title": "Beekman 1802 Buttermilk Makeup Remover Cleansing Balm - Fragrance Free - 0.39 fl oz - Cleanses Dirt, Makeup & Sunscreen - Good for Sensitive Skin - Cruelty Free",
        "price": "$15.00 ($15.00 / Count)",
        "listPrice": "",
        "imageUrl": "https://m.media-amazon.com/images/I/21eTLBsS3+L._SL160_.jpg",
        "detailPageURL": "https://www.amazon.com/dp/B08SVYV3WY",
        "rating": "4.0",
        "totalReviews": "80",
        "subtitle": "",
        "isPrimeEligible": "1"
    },
    {
        "ASIN": "B0BFDZ2694",
        "title": "HOMEXCEL Makeup Remover Cloth 12 Pack,Reusable Pads,Washable Ultra Soft Facial Cleansing Cloths For All Skin Types,5 X 5 In,Pink",
        "price": "$6.29 ($0.52 / Count)",
        "listPrice": "$6.99 ($0.58 / Count)",
        "imageUrl": "https://m.media-amazon.com/images/I/51kJTBpgafL._SL160_.jpg",
        "detailPageURL": "https://www.amazon.com/dp/B0BFDZ2694",
        "rating": "4.5",
        "totalReviews": "818",
        "subtitle": "HOMEXCEL",
        "isPrimeEligible": "1"
    },
    {
        "ASIN": "B0C673PKK3",
        "title": "La Roche-Posay NEW Lipikar AP+ Gentle Foaming Cleansing Oil | Gentle Oil Cleanser for Face and Body Formulated with Niacinamide | Long-Lasting 24-hour Hydration | Fragrance-Free & Soap Free",
        "price": "$16.99 ($1.26 / Fl Oz)",
        "listPrice": "",
        "imageUrl": "https://m.media-amazon.com/images/I/41RRhed4IfL._SL160_.jpg",
        "detailPageURL": "https://www.amazon.com/dp/B0C673PKK3",
        "rating": "4.5",
        "totalReviews": "165",
        "subtitle": "",
        "isPrimeEligible": "1"
    },
    {
        "ASIN": "B0CBP57936",
        "title": "Kimtrue Makeup remover cleansing Balm and Gentle Eye and Lip Makeup Remover and makeup cleansing oil (Travel Size x 2, 15g*2)",
        "price": "$7.99 ($15.10 / Ounce)",
        "listPrice": "",
        "imageUrl": "https://m.media-amazon.com/images/I/31p34lOXsoL._SL160_.jpg",
        "detailPageURL": "https://www.amazon.com/dp/B0CBP57936",
        "rating": "4.5",
        "totalReviews": "585",
        "subtitle": "Kimtrue",
        "isPrimeEligible": "1"
    },
    {
        "ASIN": "B0BGT6WTJW",
        "title": "BANILA Clean It Zero 3-in-1 cleansing balm original 25ml",
        "price": "$13.00 ($2.17 / Ounce)",
        "listPrice": "",
        "imageUrl": "https://m.media-amazon.com/images/I/31WoMBfh5bL._SL160_.jpg",
        "detailPageURL": "https://www.amazon.com/dp/B0BGT6WTJW",
        "rating": "4.2",
        "totalReviews": "30",
        "subtitle": "Generic",
        "isPrimeEligible": "1"
    },
    {
        "ASIN": "B0BS4JT9NN",
        "title": "Phoera Makeup Remover Cleansing Balm with Sweet Orange Essential Oil Makeup Meltaway Cleansing Balm (20g Balm)",
        "price": "$8.49 ($0.42 / Ounce)",
        "listPrice": "$8.99 ($0.45 / Ounce)",
        "imageUrl": "https://m.media-amazon.com/images/I/41chrPbZglL._SL160_.jpg",
        "detailPageURL": "https://www.amazon.com/dp/B0BS4JT9NN",
        "rating": "4.8",
        "totalReviews": "7",
        "subtitle": "Phoera",
        "isPrimeEligible": "1"
    },
    {
        "ASIN": "B091YKXNYL",
        "title": "COSRX Pure Fit Cica Smoothing Cleansing Balm\u200b, 4.05 fl oz / 120ml | Deep Hydrating Meltaway Cleanse for Sensitive Skin",
        "price": "$18.00 ($4.44 / Fl Oz)",
        "listPrice": "",
        "imageUrl": "https://m.media-amazon.com/images/I/31pMePson-L._SL160_.jpg",
        "detailPageURL": "https://www.amazon.com/dp/B091YKXNYL",
        "rating": "4.1",
        "totalReviews": "73",
        "subtitle": "COSRX",
        "isPrimeEligible": "1"
    },
    {
        "ASIN": "B099XJ8J43",
        "title": "belif Aqua Bomb Cleansing Balm | Hydrating Makeup Remover & No Mess Clean Up | Smoothens & Moisturizes Skin after Cleansing | /w Lotus Flower, Marshmallow Root & Lady's Mantle | 3.3 floz",
        "price": "$38.00 ($11.52 / Ounce)",
        "listPrice": "",
        "imageUrl": "https://m.media-amazon.com/images/I/41YJVBE5xyL._SL160_.jpg",
        "detailPageURL": "https://www.amazon.com/dp/B099XJ8J43",
        "rating": "4.6",
        "totalReviews": "80",
        "subtitle": "",
        "isPrimeEligible": "1"
    },
    {
        "ASIN": "B086DTQ1WT",
        "title": "W7 Peachy Clean Face Cleansing Balm - Makeup Remover With Peach Extract - Clean Oil Free Skin",
        "price": "$7.95 ($3.24 / Ounce)",
        "listPrice": "",
        "imageUrl": "https://m.media-amazon.com/images/I/31ddEbSxPfL._SL160_.jpg",
        "detailPageURL": "https://www.amazon.com/dp/B086DTQ1WT",
        "rating": "3.9",
        "totalReviews": "1389",
        "subtitle": "W7",
        "isPrimeEligible": "1"
    },
    {
        "ASIN": "B08SVYV3WY",
        "title": "Beekman 1802 Buttermilk Makeup Remover Cleansing Balm - Fragrance Free - 0.39 fl oz - Cleanses Dirt, Makeup & Sunscreen - Good for Sensitive Skin - Cruelty Free",
        "price": "$15.00 ($15.00 / Count)",
        "listPrice": "",
        "imageUrl": "https://m.media-amazon.com/images/I/21eTLBsS3+L._SL160_.jpg",
        "detailPageURL": "https://www.amazon.com/dp/B08SVYV3WY",
        "rating": "4.0",
        "totalReviews": "80",
        "subtitle": "",
        "isPrimeEligible": "1"
    },
    {
        "ASIN": "B0BFDZ2694",
        "title": "HOMEXCEL Makeup Remover Cloth 12 Pack,Reusable Pads,Washable Ultra Soft Facial Cleansing Cloths For All Skin Types,5 X 5 In,Pink",
        "price": "$6.29 ($0.52 / Count)",
        "listPrice": "$6.99 ($0.58 / Count)",
        "imageUrl": "https://m.media-amazon.com/images/I/51kJTBpgafL._SL160_.jpg",
        "detailPageURL": "https://www.amazon.com/dp/B0BFDZ2694",
        "rating": "4.5",
        "totalReviews": "818",
        "subtitle": "HOMEXCEL",
        "isPrimeEligible": "1"
    },
    {
        "ASIN": "B0C673PKK3",
        "title": "La Roche-Posay NEW Lipikar AP+ Gentle Foaming Cleansing Oil | Gentle Oil Cleanser for Face and Body Formulated with Niacinamide | Long-Lasting 24-hour Hydration | Fragrance-Free & Soap Free",
        "price": "$16.99 ($1.26 / Fl Oz)",
        "listPrice": "",
        "imageUrl": "https://m.media-amazon.com/images/I/41RRhed4IfL._SL160_.jpg",
        "detailPageURL": "https://www.amazon.com/dp/B0C673PKK3",
        "rating": "4.5",
        "totalReviews": "165",
        "subtitle": "",
        "isPrimeEligible": "1"
    },
    {
        "ASIN": "B0CBP57936",
        "title": "Kimtrue Makeup remover cleansing Balm and Gentle Eye and Lip Makeup Remover and makeup cleansing oil (Travel Size x 2, 15g*2)",
        "price": "$7.99 ($15.10 / Ounce)",
        "listPrice": "",
        "imageUrl": "https://m.media-amazon.com/images/I/31p34lOXsoL._SL160_.jpg",
        "detailPageURL": "https://www.amazon.com/dp/B0CBP57936",
        "rating": "4.5",
        "totalReviews": "585",
        "subtitle": "Kimtrue",
        "isPrimeEligible": "1"
    },
    {
        "ASIN": "B0BGT6WTJW",
        "title": "BANILA Clean It Zero 3-in-1 cleansing balm original 25ml",
        "price": "$13.00 ($2.17 / Ounce)",
        "listPrice": "",
        "imageUrl": "https://m.media-amazon.com/images/I/31WoMBfh5bL._SL160_.jpg",
        "detailPageURL": "https://www.amazon.com/dp/B0BGT6WTJW",
        "rating": "4.2",
        "totalReviews": "30",
        "subtitle": "Generic",
        "isPrimeEligible": "1"
    },
    {
        "ASIN": "B0BS4JT9NN",
        "title": "Phoera Makeup Remover Cleansing Balm with Sweet Orange Essential Oil Makeup Meltaway Cleansing Balm (20g Balm)",
        "price": "$8.49 ($0.42 / Ounce)",
        "listPrice": "$8.99 ($0.45 / Ounce)",
        "imageUrl": "https://m.media-amazon.com/images/I/41chrPbZglL._SL160_.jpg",
        "detailPageURL": "https://www.amazon.com/dp/B0BS4JT9NN",
        "rating": "4.8",
        "totalReviews": "7",
        "subtitle": "Phoera",
        "isPrimeEligible": "1"
    },
    {
        "ASIN": "B08FSTBRVG",
        "title": "AROMATICA Orange Cleansing Sherbet 150g - Makeup Removing Balm - Melts Away Stubborn Impurities",
        "price": "$28.04 ($5.29 / Ounce)",
        "listPrice": "$29.95 ($5.65 / Ounce)",
        "imageUrl": "https://m.media-amazon.com/images/I/31bWTwGZKnL._SL160_.jpg",
        "detailPageURL": "https://www.amazon.com/dp/B08FSTBRVG",
        "rating": "4.5",
        "totalReviews": "976",
        "subtitle": "AROMATICA",
        "isPrimeEligible": "1"
    },
    {
        "ASIN": "B099XJ8J43",
        "title": "belif Aqua Bomb Cleansing Balm | Hydrating Makeup Remover & No Mess Clean Up | Smoothens & Moisturizes Skin after Cleansing | /w Lotus Flower, Marshmallow Root & Lady's Mantle | 3.3 floz",
        "price": "$38.00 ($11.52 / Ounce)",
        "listPrice": "",
        "imageUrl": "https://m.media-amazon.com/images/I/41YJVBE5xyL._SL160_.jpg",
        "detailPageURL": "https://www.amazon.com/dp/B099XJ8J43",
        "rating": "4.6",
        "totalReviews": "80",
        "subtitle": "",
        "isPrimeEligible": "1"
    },
    {
        "ASIN": "B086DTQ1WT",
        "title": "W7 Peachy Clean Face Cleansing Balm - Makeup Remover With Peach Extract - Clean Oil Free Skin",
        "price": "$7.95 ($3.24 / Ounce)",
        "listPrice": "",
        "imageUrl": "https://m.media-amazon.com/images/I/31ddEbSxPfL._SL160_.jpg",
        "detailPageURL": "https://www.amazon.com/dp/B086DTQ1WT",
        "rating": "3.9",
        "totalReviews": "1389",
        "subtitle": "W7",
        "isPrimeEligible": "1"
    },
    {
        "ASIN": "B08SVYV3WY",
        "title": "Beekman 1802 Buttermilk Makeup Remover Cleansing Balm - Fragrance Free - 0.39 fl oz - Cleanses Dirt, Makeup & Sunscreen - Good for Sensitive Skin - Cruelty Free",
        "price": "$15.00 ($15.00 / Count)",
        "listPrice": "",
        "imageUrl": "https://m.media-amazon.com/images/I/21eTLBsS3+L._SL160_.jpg",
        "detailPageURL": "https://www.amazon.com/dp/B08SVYV3WY",
        "rating": "4.0",
        "totalReviews": "80",
        "subtitle": "",
        "isPrimeEligible": "1"
    },
    {
        "ASIN": "B0BFDZ2694",
        "title": "HOMEXCEL Makeup Remover Cloth 12 Pack,Reusable Pads,Washable Ultra Soft Facial Cleansing Cloths For All Skin Types,5 X 5 In,Pink",
        "price": "$6.29 ($0.52 / Count)",
        "listPrice": "$6.99 ($0.58 / Count)",
        "imageUrl": "https://m.media-amazon.com/images/I/51kJTBpgafL._SL160_.jpg",
        "detailPageURL": "https://www.amazon.com/dp/B0BFDZ2694",
        "rating": "4.5",
        "totalReviews": "818",
        "subtitle": "HOMEXCEL",
        "isPrimeEligible": "1"
    },
    {
        "ASIN": "B0C673PKK3",
        "title": "La Roche-Posay NEW Lipikar AP+ Gentle Foaming Cleansing Oil | Gentle Oil Cleanser for Face and Body Formulated with Niacinamide | Long-Lasting 24-hour Hydration | Fragrance-Free & Soap Free",
        "price": "$16.99 ($1.26 / Fl Oz)",
        "listPrice": "",
        "imageUrl": "https://m.media-amazon.com/images/I/41RRhed4IfL._SL160_.jpg",
        "detailPageURL": "https://www.amazon.com/dp/B0C673PKK3",
        "rating": "4.5",
        "totalReviews": "165",
        "subtitle": "",
        "isPrimeEligible": "1"
    },
    {
        "ASIN": "B0CBP57936",
        "title": "Kimtrue Makeup remover cleansing Balm and Gentle Eye and Lip Makeup Remover and makeup cleansing oil (Travel Size x 2, 15g*2)",
        "price": "$7.99 ($15.10 / Ounce)",
        "listPrice": "",
        "imageUrl": "https://m.media-amazon.com/images/I/31p34lOXsoL._SL160_.jpg",
        "detailPageURL": "https://www.amazon.com/dp/B0CBP57936",
        "rating": "4.5",
        "totalReviews": "585",
        "subtitle": "Kimtrue",
        "isPrimeEligible": "1"
    },
    {
        "ASIN": "B0BGT6WTJW",
        "title": "BANILA Clean It Zero 3-in-1 cleansing balm original 25ml",
        "price": "$13.00 ($2.17 / Ounce)",
        "listPrice": "",
        "imageUrl": "https://m.media-amazon.com/images/I/31WoMBfh5bL._SL160_.jpg",
        "detailPageURL": "https://www.amazon.com/dp/B0BGT6WTJW",
        "rating": "4.2",
        "totalReviews": "30",
        "subtitle": "Generic",
        "isPrimeEligible": "1"
    },
    {
        "ASIN": "B0BS4JT9NN",
        "title": "Phoera Makeup Remover Cleansing Balm with Sweet Orange Essential Oil Makeup Meltaway Cleansing Balm (20g Balm)",
        "price": "$8.49 ($0.42 / Ounce)",
        "listPrice": "$8.99 ($0.45 / Ounce)",
        "imageUrl": "https://m.media-amazon.com/images/I/41chrPbZglL._SL160_.jpg",
        "detailPageURL": "https://www.amazon.com/dp/B0BS4JT9NN",
        "rating": "4.8",
        "totalReviews": "7",
        "subtitle": "Phoera",
        "isPrimeEligible": "1"
    },
    {
        "ASIN": "B08FSTBRVG",
        "title": "AROMATICA Orange Cleansing Sherbet 150g - Makeup Removing Balm - Melts Away Stubborn Impurities",
        "price": "$28.04 ($5.29 / Ounce)",
        "listPrice": "$29.95 ($5.65 / Ounce)",
        "imageUrl": "https://m.media-amazon.com/images/I/31bWTwGZKnL._SL160_.jpg",
        "detailPageURL": "https://www.amazon.com/dp/B08FSTBRVG",
        "rating": "4.5",
        "totalReviews": "976",
        "subtitle": "AROMATICA",
        "isPrimeEligible": "1"
    },
    {
        "ASIN": "B09RKTMFDG",
        "title": "Farmacy Makeup Remover Cleansing Balm - Clearly Clean Fragrance-Free Makeup Melting Balm - Great Balm Cleanser for Sensitive Skin (50ml)",
        "price": "$24.00 ($14.12 / Ounce)",
        "listPrice": "",
        "imageUrl": "https://m.media-amazon.com/images/I/41A67J7d6pL._SL160_.jpg",
        "detailPageURL": "https://www.amazon.com/dp/B09RKTMFDG",
        "rating": "4.2",
        "totalReviews": "111",
        "subtitle": "Farmacy",
        "isPrimeEligible": "1"
    },
    {
        "ASIN": "B086DTQ1WT",
        "title": "W7 Peachy Clean Face Cleansing Balm - Makeup Remover With Peach Extract - Clean Oil Free Skin",
        "price": "$7.95 ($3.24 / Ounce)",
        "listPrice": "",
        "imageUrl": "https://m.media-amazon.com/images/I/31ddEbSxPfL._SL160_.jpg",
        "detailPageURL": "https://www.amazon.com/dp/B086DTQ1WT",
        "rating": "3.9",
        "totalReviews": "1389",
        "subtitle": "W7",
        "isPrimeEligible": "1"
    },
    {
        "ASIN": "B08SVYV3WY",
        "title": "Beekman 1802 Buttermilk Makeup Remover Cleansing Balm - Fragrance Free - 0.39 fl oz - Cleanses Dirt, Makeup & Sunscreen - Good for Sensitive Skin - Cruelty Free",
        "price": "$15.00 ($15.00 / Count)",
        "listPrice": "",
        "imageUrl": "https://m.media-amazon.com/images/I/21eTLBsS3+L._SL160_.jpg",
        "detailPageURL": "https://www.amazon.com/dp/B08SVYV3WY",
        "rating": "4.0",
        "totalReviews": "80",
        "subtitle": "",
        "isPrimeEligible": "1"
    },
    {
        "ASIN": "B0BFDZ2694",
        "title": "HOMEXCEL Makeup Remover Cloth 12 Pack,Reusable Pads,Washable Ultra Soft Facial Cleansing Cloths For All Skin Types,5 X 5 In,Pink",
        "price": "$6.29 ($0.52 / Count)",
        "listPrice": "$6.99 ($0.58 / Count)",
        "imageUrl": "https://m.media-amazon.com/images/I/51kJTBpgafL._SL160_.jpg",
        "detailPageURL": "https://www.amazon.com/dp/B0BFDZ2694",
        "rating": "4.5",
        "totalReviews": "818",
        "subtitle": "HOMEXCEL",
        "isPrimeEligible": "1"
    },
    {
        "ASIN": "B0C673PKK3",
        "title": "La Roche-Posay NEW Lipikar AP+ Gentle Foaming Cleansing Oil | Gentle Oil Cleanser for Face and Body Formulated with Niacinamide | Long-Lasting 24-hour Hydration | Fragrance-Free & Soap Free",
        "price": "$16.99 ($1.26 / Fl Oz)",
        "listPrice": "",
        "imageUrl": "https://m.media-amazon.com/images/I/41RRhed4IfL._SL160_.jpg",
        "detailPageURL": "https://www.amazon.com/dp/B0C673PKK3",
        "rating": "4.5",
        "totalReviews": "165",
        "subtitle": "",
        "isPrimeEligible": "1"
    },
    {
        "ASIN": "B0CBP57936",
        "title": "Kimtrue Makeup remover cleansing Balm and Gentle Eye and Lip Makeup Remover and makeup cleansing oil (Travel Size x 2, 15g*2)",
        "price": "$7.99 ($15.10 / Ounce)",
        "listPrice": "",
        "imageUrl": "https://m.media-amazon.com/images/I/31p34lOXsoL._SL160_.jpg",
        "detailPageURL": "https://www.amazon.com/dp/B0CBP57936",
        "rating": "4.5",
        "totalReviews": "585",
        "subtitle": "Kimtrue",
        "isPrimeEligible": "1"
    },
    {
        "ASIN": "B0BGT6WTJW",
        "title": "BANILA Clean It Zero 3-in-1 cleansing balm original 25ml",
        "price": "$13.00 ($2.17 / Ounce)",
        "listPrice": "",
        "imageUrl": "https://m.media-amazon.com/images/I/31WoMBfh5bL._SL160_.jpg",
        "detailPageURL": "https://www.amazon.com/dp/B0BGT6WTJW",
        "rating": "4.2",
        "totalReviews": "30",
        "subtitle": "Generic",
        "isPrimeEligible": "1"
    },
    {
        "ASIN": "B0BS4JT9NN",
        "title": "Phoera Makeup Remover Cleansing Balm with Sweet Orange Essential Oil Makeup Meltaway Cleansing Balm (20g Balm)",
        "price": "$8.49 ($0.42 / Ounce)",
        "listPrice": "$8.99 ($0.45 / Ounce)",
        "imageUrl": "https://m.media-amazon.com/images/I/41chrPbZglL._SL160_.jpg",
        "detailPageURL": "https://www.amazon.com/dp/B0BS4JT9NN",
        "rating": "4.8",
        "totalReviews": "7",
        "subtitle": "Phoera",
        "isPrimeEligible": "1"
    },
    {
        "ASIN": "B08FSTBRVG",
        "title": "AROMATICA Orange Cleansing Sherbet 150g - Makeup Removing Balm - Melts Away Stubborn Impurities",
        "price": "$28.04 ($5.29 / Ounce)",
        "listPrice": "$29.95 ($5.65 / Ounce)",
        "imageUrl": "https://m.media-amazon.com/images/I/31bWTwGZKnL._SL160_.jpg",
        "detailPageURL": "https://www.amazon.com/dp/B08FSTBRVG",
        "rating": "4.5",
        "totalReviews": "976",
        "subtitle": "AROMATICA",
        "isPrimeEligible": "1"
    },
    {
        "ASIN": "B09RKTMFDG",
        "title": "Farmacy Makeup Remover Cleansing Balm - Clearly Clean Fragrance-Free Makeup Melting Balm - Great Balm Cleanser for Sensitive Skin (50ml)",
        "price": "$24.00 ($14.12 / Ounce)",
        "listPrice": "",
        "imageUrl": "https://m.media-amazon.com/images/I/41A67J7d6pL._SL160_.jpg",
        "detailPageURL": "https://www.amazon.com/dp/B09RKTMFDG",
        "rating": "4.2",
        "totalReviews": "111",
        "subtitle": "Farmacy",
        "isPrimeEligible": "1"
    },
    {
        "ASIN": "B0C3T7HNLX",
        "title": "Real Techniques Real Clean Face Erase Makeup Removing Balm, Hydrating Cleansing Balm, Melt Away Stubborn Makeup, With Hyaluronic Acid & Vitamin A, 2 fl. oz/56.7 g Jar",
        "price": "$9.34",
        "listPrice": "$12.99",
        "imageUrl": "https://m.media-amazon.com/images/I/31XJDS+1n-L._SL160_.jpg",
        "detailPageURL": "https://www.amazon.com/dp/B0C3T7HNLX",
        "rating": "4.4",
        "totalReviews": "204",
        "subtitle": "Real Techniques",
        "isPrimeEligible": "1"
    },
    {
        "ASIN": "B08SVYV3WY",
        "title": "Beekman 1802 Buttermilk Makeup Remover Cleansing Balm - Fragrance Free - 0.39 fl oz - Cleanses Dirt, Makeup & Sunscreen - Good for Sensitive Skin - Cruelty Free",
        "price": "$15.00 ($15.00 / Count)",
        "listPrice": "",
        "imageUrl": "https://m.media-amazon.com/images/I/21eTLBsS3+L._SL160_.jpg",
        "detailPageURL": "https://www.amazon.com/dp/B08SVYV3WY",
        "rating": "4.0",
        "totalReviews": "80",
        "subtitle": "",
        "isPrimeEligible": "1"
    },
    {
        "ASIN": "B0BFDZ2694",
        "title": "HOMEXCEL Makeup Remover Cloth 12 Pack,Reusable Pads,Washable Ultra Soft Facial Cleansing Cloths For All Skin Types,5 X 5 In,Pink",
        "price": "$6.29 ($0.52 / Count)",
        "listPrice": "$6.99 ($0.58 / Count)",
        "imageUrl": "https://m.media-amazon.com/images/I/51kJTBpgafL._SL160_.jpg",
        "detailPageURL": "https://www.amazon.com/dp/B0BFDZ2694",
        "rating": "4.5",
        "totalReviews": "818",
        "subtitle": "HOMEXCEL",
        "isPrimeEligible": "1"
    },
    {
        "ASIN": "B0C673PKK3",
        "title": "La Roche-Posay NEW Lipikar AP+ Gentle Foaming Cleansing Oil | Gentle Oil Cleanser for Face and Body Formulated with Niacinamide | Long-Lasting 24-hour Hydration | Fragrance-Free & Soap Free",
        "price": "$16.99 ($1.26 / Fl Oz)",
        "listPrice": "",
        "imageUrl": "https://m.media-amazon.com/images/I/41RRhed4IfL._SL160_.jpg",
        "detailPageURL": "https://www.amazon.com/dp/B0C673PKK3",
        "rating": "4.5",
        "totalReviews": "165",
        "subtitle": "",
        "isPrimeEligible": "1"
    },
    {
        "ASIN": "B0CBP57936",
        "title": "Kimtrue Makeup remover cleansing Balm and Gentle Eye and Lip Makeup Remover and makeup cleansing oil (Travel Size x 2, 15g*2)",
        "price": "$7.99 ($15.10 / Ounce)",
        "listPrice": "",
        "imageUrl": "https://m.media-amazon.com/images/I/31p34lOXsoL._SL160_.jpg",
        "detailPageURL": "https://www.amazon.com/dp/B0CBP57936",
        "rating": "4.5",
        "totalReviews": "585",
        "subtitle": "Kimtrue",
        "isPrimeEligible": "1"
    },
    {
        "ASIN": "B0BGT6WTJW",
        "title": "BANILA Clean It Zero 3-in-1 cleansing balm original 25ml",
        "price": "$13.00 ($2.17 / Ounce)",
        "listPrice": "",
        "imageUrl": "https://m.media-amazon.com/images/I/31WoMBfh5bL._SL160_.jpg",
        "detailPageURL": "https://www.amazon.com/dp/B0BGT6WTJW",
        "rating": "4.2",
        "totalReviews": "30",
        "subtitle": "Generic",
        "isPrimeEligible": "1"
    },
    {
        "ASIN": "B0BS4JT9NN",
        "title": "Phoera Makeup Remover Cleansing Balm with Sweet Orange Essential Oil Makeup Meltaway Cleansing Balm (20g Balm)",
        "price": "$8.49 ($0.42 / Ounce)",
        "listPrice": "$8.99 ($0.45 / Ounce)",
        "imageUrl": "https://m.media-amazon.com/images/I/41chrPbZglL._SL160_.jpg",
        "detailPageURL": "https://www.amazon.com/dp/B0BS4JT9NN",
        "rating": "4.8",
        "totalReviews": "7",
        "subtitle": "Phoera",
        "isPrimeEligible": "1"
    },
    {
        "ASIN": "B08FSTBRVG",
        "title": "AROMATICA Orange Cleansing Sherbet 150g - Makeup Removing Balm - Melts Away Stubborn Impurities",
        "price": "$28.04 ($5.29 / Ounce)",
        "listPrice": "$29.95 ($5.65 / Ounce)",
        "imageUrl": "https://m.media-amazon.com/images/I/31bWTwGZKnL._SL160_.jpg",
        "detailPageURL": "https://www.amazon.com/dp/B08FSTBRVG",
        "rating": "4.5",
        "totalReviews": "976",
        "subtitle": "AROMATICA",
        "isPrimeEligible": "1"
    },
    {
        "ASIN": "B09RKTMFDG",
        "title": "Farmacy Makeup Remover Cleansing Balm - Clearly Clean Fragrance-Free Makeup Melting Balm - Great Balm Cleanser for Sensitive Skin (50ml)",
        "price": "$24.00 ($14.12 / Ounce)",
        "listPrice": "",
        "imageUrl": "https://m.media-amazon.com/images/I/41A67J7d6pL._SL160_.jpg",
        "detailPageURL": "https://www.amazon.com/dp/B09RKTMFDG",
        "rating": "4.2",
        "totalReviews": "111",
        "subtitle": "Farmacy",
        "isPrimeEligible": "1"
    },
    {
        "ASIN": "B0C3T7HNLX",
        "title": "Real Techniques Real Clean Face Erase Makeup Removing Balm, Hydrating Cleansing Balm, Melt Away Stubborn Makeup, With Hyaluronic Acid & Vitamin A, 2 fl. oz/56.7 g Jar",
        "price": "$9.34",
        "listPrice": "$12.99",
        "imageUrl": "https://m.media-amazon.com/images/I/31XJDS+1n-L._SL160_.jpg",
        "detailPageURL": "https://www.amazon.com/dp/B0C3T7HNLX",
        "rating": "4.4",
        "totalReviews": "204",
        "subtitle": "Real Techniques",
        "isPrimeEligible": "1"
    },
    {
        "ASIN": "B08PSX1LW2",
        "title": "CLINIQUE'S by Clinique Take The Day Off Cleansing Balm -30ml",
        "price": "$11.46 ($11.35 / Fl Oz)",
        "listPrice": "",
        "imageUrl": "https://m.media-amazon.com/images/I/31v+CKRP0tL._SL160_.jpg",
        "detailPageURL": "https://www.amazon.com/dp/B08PSX1LW2",
        "rating": "4.5",
        "totalReviews": "50",
        "subtitle": "Clinique",
        "isPrimeEligible": "1"
    },
    {
        "ASIN": "B0BFDZ2694",
        "title": "HOMEXCEL Makeup Remover Cloth 12 Pack,Reusable Pads,Washable Ultra Soft Facial Cleansing Cloths For All Skin Types,5 X 5 In,Pink",
        "price": "$6.29 ($0.52 / Count)",
        "listPrice": "$6.99 ($0.58 / Count)",
        "imageUrl": "https://m.media-amazon.com/images/I/51kJTBpgafL._SL160_.jpg",
        "detailPageURL": "https://www.amazon.com/dp/B0BFDZ2694",
        "rating": "4.5",
        "totalReviews": "818",
        "subtitle": "HOMEXCEL",
        "isPrimeEligible": "1"
    },
    {
        "ASIN": "B0C673PKK3",
        "title": "La Roche-Posay NEW Lipikar AP+ Gentle Foaming Cleansing Oil | Gentle Oil Cleanser for Face and Body Formulated with Niacinamide | Long-Lasting 24-hour Hydration | Fragrance-Free & Soap Free",
        "price": "$16.99 ($1.26 / Fl Oz)",
        "listPrice": "",
        "imageUrl": "https://m.media-amazon.com/images/I/41RRhed4IfL._SL160_.jpg",
        "detailPageURL": "https://www.amazon.com/dp/B0C673PKK3",
        "rating": "4.5",
        "totalReviews": "165",
        "subtitle": "",
        "isPrimeEligible": "1"
    },
    {
        "ASIN": "B0CBP57936",
        "title": "Kimtrue Makeup remover cleansing Balm and Gentle Eye and Lip Makeup Remover and makeup cleansing oil (Travel Size x 2, 15g*2)",
        "price": "$7.99 ($15.10 / Ounce)",
        "listPrice": "",
        "imageUrl": "https://m.media-amazon.com/images/I/31p34lOXsoL._SL160_.jpg",
        "detailPageURL": "https://www.amazon.com/dp/B0CBP57936",
        "rating": "4.5",
        "totalReviews": "585",
        "subtitle": "Kimtrue",
        "isPrimeEligible": "1"
    },
    {
        "ASIN": "B0BGT6WTJW",
        "title": "BANILA Clean It Zero 3-in-1 cleansing balm original 25ml",
        "price": "$13.00 ($2.17 / Ounce)",
        "listPrice": "",
        "imageUrl": "https://m.media-amazon.com/images/I/31WoMBfh5bL._SL160_.jpg",
        "detailPageURL": "https://www.amazon.com/dp/B0BGT6WTJW",
        "rating": "4.2",
        "totalReviews": "30",
        "subtitle": "Generic",
        "isPrimeEligible": "1"
    },
    {
        "ASIN": "B0BS4JT9NN",
        "title": "Phoera Makeup Remover Cleansing Balm with Sweet Orange Essential Oil Makeup Meltaway Cleansing Balm (20g Balm)",
        "price": "$8.49 ($0.42 / Ounce)",
        "listPrice": "$8.99 ($0.45 / Ounce)",
        "imageUrl": "https://m.media-amazon.com/images/I/41chrPbZglL._SL160_.jpg",
        "detailPageURL": "https://www.amazon.com/dp/B0BS4JT9NN",
        "rating": "4.8",
        "totalReviews": "7",
        "subtitle": "Phoera",
        "isPrimeEligible": "1"
    },
    {
        "ASIN": "B08FSTBRVG",
        "title": "AROMATICA Orange Cleansing Sherbet 150g - Makeup Removing Balm - Melts Away Stubborn Impurities",
        "price": "$28.04 ($5.29 / Ounce)",
        "listPrice": "$29.95 ($5.65 / Ounce)",
        "imageUrl": "https://m.media-amazon.com/images/I/31bWTwGZKnL._SL160_.jpg",
        "detailPageURL": "https://www.amazon.com/dp/B08FSTBRVG",
        "rating": "4.5",
        "totalReviews": "976",
        "subtitle": "AROMATICA",
        "isPrimeEligible": "1"
    },
    {
        "ASIN": "B09RKTMFDG",
        "title": "Farmacy Makeup Remover Cleansing Balm - Clearly Clean Fragrance-Free Makeup Melting Balm - Great Balm Cleanser for Sensitive Skin (50ml)",
        "price": "$24.00 ($14.12 / Ounce)",
        "listPrice": "",
        "imageUrl": "https://m.media-amazon.com/images/I/41A67J7d6pL._SL160_.jpg",
        "detailPageURL": "https://www.amazon.com/dp/B09RKTMFDG",
        "rating": "4.2",
        "totalReviews": "111",
        "subtitle": "Farmacy",
        "isPrimeEligible": "1"
    },
    {
        "ASIN": "B0C3T7HNLX",
        "title": "Real Techniques Real Clean Face Erase Makeup Removing Balm, Hydrating Cleansing Balm, Melt Away Stubborn Makeup, With Hyaluronic Acid & Vitamin A, 2 fl. oz/56.7 g Jar",
        "price": "$9.34",
        "listPrice": "$12.99",
        "imageUrl": "https://m.media-amazon.com/images/I/31XJDS+1n-L._SL160_.jpg",
        "detailPageURL": "https://www.amazon.com/dp/B0C3T7HNLX",
        "rating": "4.4",
        "totalReviews": "204",
        "subtitle": "Real Techniques",
        "isPrimeEligible": "1"
    },
    {
        "ASIN": "B08PSX1LW2",
        "title": "CLINIQUE'S by Clinique Take The Day Off Cleansing Balm -30ml",
        "price": "$11.46 ($11.35 / Fl Oz)",
        "listPrice": "",
        "imageUrl": "https://m.media-amazon.com/images/I/31v+CKRP0tL._SL160_.jpg",
        "detailPageURL": "https://www.amazon.com/dp/B08PSX1LW2",
        "rating": "4.5",
        "totalReviews": "50",
        "subtitle": "Clinique",
        "isPrimeEligible": "1"
    },
    {
        "ASIN": "B07D5C86RX",
        "title": "Clinique Take The Day Off Cleansing Balm, Clear, 3.8 Fl Oz",
        "price": "$22.88 ($6.02 / Fl Oz)",
        "listPrice": "$29.50 ($7.76 / Fl Oz)",
        "imageUrl": "https://m.media-amazon.com/images/I/31LC8eaBCkL._SL160_.jpg",
        "detailPageURL": "https://www.amazon.com/dp/B07D5C86RX",
        "rating": "4.7",
        "totalReviews": "1358",
        "subtitle": "Clinique",
        "isPrimeEligible": "0"
    },
    {
        "ASIN": "B0C673PKK3",
        "title": "La Roche-Posay NEW Lipikar AP+ Gentle Foaming Cleansing Oil | Gentle Oil Cleanser for Face and Body Formulated with Niacinamide | Long-Lasting 24-hour Hydration | Fragrance-Free & Soap Free",
        "price": "$16.99 ($1.26 / Fl Oz)",
        "listPrice": "",
        "imageUrl": "https://m.media-amazon.com/images/I/41RRhed4IfL._SL160_.jpg",
        "detailPageURL": "https://www.amazon.com/dp/B0C673PKK3",
        "rating": "4.5",
        "totalReviews": "165",
        "subtitle": "",
        "isPrimeEligible": "1"
    },
    {
        "ASIN": "B0CBP57936",
        "title": "Kimtrue Makeup remover cleansing Balm and Gentle Eye and Lip Makeup Remover and makeup cleansing oil (Travel Size x 2, 15g*2)",
        "price": "$7.99 ($15.10 / Ounce)",
        "listPrice": "",
        "imageUrl": "https://m.media-amazon.com/images/I/31p34lOXsoL._SL160_.jpg",
        "detailPageURL": "https://www.amazon.com/dp/B0CBP57936",
        "rating": "4.5",
        "totalReviews": "585",
        "subtitle": "Kimtrue",
        "isPrimeEligible": "1"
    },
    {
        "ASIN": "B0BGT6WTJW",
        "title": "BANILA Clean It Zero 3-in-1 cleansing balm original 25ml",
        "price": "$13.00 ($2.17 / Ounce)",
        "listPrice": "",
        "imageUrl": "https://m.media-amazon.com/images/I/31WoMBfh5bL._SL160_.jpg",
        "detailPageURL": "https://www.amazon.com/dp/B0BGT6WTJW",
        "rating": "4.2",
        "totalReviews": "30",
        "subtitle": "Generic",
        "isPrimeEligible": "1"
    },
    {
        "ASIN": "B0BS4JT9NN",
        "title": "Phoera Makeup Remover Cleansing Balm with Sweet Orange Essential Oil Makeup Meltaway Cleansing Balm (20g Balm)",
        "price": "$8.49 ($0.42 / Ounce)",
        "listPrice": "$8.99 ($0.45 / Ounce)",
        "imageUrl": "https://m.media-amazon.com/images/I/41chrPbZglL._SL160_.jpg",
        "detailPageURL": "https://www.amazon.com/dp/B0BS4JT9NN",
        "rating": "4.8",
        "totalReviews": "7",
        "subtitle": "Phoera",
        "isPrimeEligible": "1"
    },
    {
        "ASIN": "B08FSTBRVG",
        "title": "AROMATICA Orange Cleansing Sherbet 150g - Makeup Removing Balm - Melts Away Stubborn Impurities",
        "price": "$28.04 ($5.29 / Ounce)",
        "listPrice": "$29.95 ($5.65 / Ounce)",
        "imageUrl": "https://m.media-amazon.com/images/I/31bWTwGZKnL._SL160_.jpg",
        "detailPageURL": "https://www.amazon.com/dp/B08FSTBRVG",
        "rating": "4.5",
        "totalReviews": "976",
        "subtitle": "AROMATICA",
        "isPrimeEligible": "1"
    },
    {
        "ASIN": "B09RKTMFDG",
        "title": "Farmacy Makeup Remover Cleansing Balm - Clearly Clean Fragrance-Free Makeup Melting Balm - Great Balm Cleanser for Sensitive Skin (50ml)",
        "price": "$24.00 ($14.12 / Ounce)",
        "listPrice": "",
        "imageUrl": "https://m.media-amazon.com/images/I/41A67J7d6pL._SL160_.jpg",
        "detailPageURL": "https://www.amazon.com/dp/B09RKTMFDG",
        "rating": "4.2",
        "totalReviews": "111",
        "subtitle": "Farmacy",
        "isPrimeEligible": "1"
    },
    {
        "ASIN": "B0C3T7HNLX",
        "title": "Real Techniques Real Clean Face Erase Makeup Removing Balm, Hydrating Cleansing Balm, Melt Away Stubborn Makeup, With Hyaluronic Acid & Vitamin A, 2 fl. oz/56.7 g Jar",
        "price": "$9.34",
        "listPrice": "$12.99",
        "imageUrl": "https://m.media-amazon.com/images/I/31XJDS+1n-L._SL160_.jpg",
        "detailPageURL": "https://www.amazon.com/dp/B0C3T7HNLX",
        "rating": "4.4",
        "totalReviews": "204",
        "subtitle": "Real Techniques",
        "isPrimeEligible": "1"
    },
    {
        "ASIN": "B08PSX1LW2",
        "title": "CLINIQUE'S by Clinique Take The Day Off Cleansing Balm -30ml",
        "price": "$11.46 ($11.35 / Fl Oz)",
        "listPrice": "",
        "imageUrl": "https://m.media-amazon.com/images/I/31v+CKRP0tL._SL160_.jpg",
        "detailPageURL": "https://www.amazon.com/dp/B08PSX1LW2",
        "rating": "4.5",
        "totalReviews": "50",
        "subtitle": "Clinique",
        "isPrimeEligible": "1"
    },
    {
        "ASIN": "B07D5C86RX",
        "title": "Clinique Take The Day Off Cleansing Balm, Clear, 3.8 Fl Oz",
        "price": "$22.88 ($6.02 / Fl Oz)",
        "listPrice": "$29.50 ($7.76 / Fl Oz)",
        "imageUrl": "https://m.media-amazon.com/images/I/31LC8eaBCkL._SL160_.jpg",
        "detailPageURL": "https://www.amazon.com/dp/B07D5C86RX",
        "rating": "4.7",
        "totalReviews": "1358",
        "subtitle": "Clinique",
        "isPrimeEligible": "0"
    },
    {
        "ASIN": "B0BJ6D1H6R",
        "title": "Dr.Ceuracle Hyal Reyouth Multi Cleansing Balm\u3163Balm to Foam, All-in-one Double Cleanser\u316310 Types of Hyaluronic Acid\u3163Cleansing Sherbet for Soothing & Hydrating, Sebum Care\u3163Makeup Remover, Face Wash",
        "price": "$12.99 ($3.84 / Fl Oz)",
        "listPrice": "",
        "imageUrl": "https://m.media-amazon.com/images/I/41-6Ap4rWcL._SL160_.jpg",
        "detailPageURL": "https://www.amazon.com/dp/B0BJ6D1H6R",
        "rating": "3.9",
        "totalReviews": "37",
        "subtitle": "leegeehaam",
        "isPrimeEligible": "1"
    },
    {
        "ASIN": "B0CBP57936",
        "title": "Kimtrue Makeup remover cleansing Balm and Gentle Eye and Lip Makeup Remover and makeup cleansing oil (Travel Size x 2, 15g*2)",
        "price": "$7.99 ($15.10 / Ounce)",
        "listPrice": "",
        "imageUrl": "https://m.media-amazon.com/images/I/31p34lOXsoL._SL160_.jpg",
        "detailPageURL": "https://www.amazon.com/dp/B0CBP57936",
        "rating": "4.5",
        "totalReviews": "585",
        "subtitle": "Kimtrue",
        "isPrimeEligible": "1"
    },
    {
        "ASIN": "B0BGT6WTJW",
        "title": "BANILA Clean It Zero 3-in-1 cleansing balm original 25ml",
        "price": "$13.00 ($2.17 / Ounce)",
        "listPrice": "",
        "imageUrl": "https://m.media-amazon.com/images/I/31WoMBfh5bL._SL160_.jpg",
        "detailPageURL": "https://www.amazon.com/dp/B0BGT6WTJW",
        "rating": "4.2",
        "totalReviews": "30",
        "subtitle": "Generic",
        "isPrimeEligible": "1"
    },
    {
        "ASIN": "B0BS4JT9NN",
        "title": "Phoera Makeup Remover Cleansing Balm with Sweet Orange Essential Oil Makeup Meltaway Cleansing Balm (20g Balm)",
        "price": "$8.49 ($0.42 / Ounce)",
        "listPrice": "$8.99 ($0.45 / Ounce)",
        "imageUrl": "https://m.media-amazon.com/images/I/41chrPbZglL._SL160_.jpg",
        "detailPageURL": "https://www.amazon.com/dp/B0BS4JT9NN",
        "rating": "4.8",
        "totalReviews": "7",
        "subtitle": "Phoera",
        "isPrimeEligible": "1"
    },
    {
        "ASIN": "B08FSTBRVG",
        "title": "AROMATICA Orange Cleansing Sherbet 150g - Makeup Removing Balm - Melts Away Stubborn Impurities",
        "price": "$28.04 ($5.29 / Ounce)",
        "listPrice": "$29.95 ($5.65 / Ounce)",
        "imageUrl": "https://m.media-amazon.com/images/I/31bWTwGZKnL._SL160_.jpg",
        "detailPageURL": "https://www.amazon.com/dp/B08FSTBRVG",
        "rating": "4.5",
        "totalReviews": "976",
        "subtitle": "AROMATICA",
        "isPrimeEligible": "1"
    },
    {
        "ASIN": "B09RKTMFDG",
        "title": "Farmacy Makeup Remover Cleansing Balm - Clearly Clean Fragrance-Free Makeup Melting Balm - Great Balm Cleanser for Sensitive Skin (50ml)",
        "price": "$24.00 ($14.12 / Ounce)",
        "listPrice": "",
        "imageUrl": "https://m.media-amazon.com/images/I/41A67J7d6pL._SL160_.jpg",
        "detailPageURL": "https://www.amazon.com/dp/B09RKTMFDG",
        "rating": "4.2",
        "totalReviews": "111",
        "subtitle": "Farmacy",
        "isPrimeEligible": "1"
    },
    {
        "ASIN": "B0C3T7HNLX",
        "title": "Real Techniques Real Clean Face Erase Makeup Removing Balm, Hydrating Cleansing Balm, Melt Away Stubborn Makeup, With Hyaluronic Acid & Vitamin A, 2 fl. oz/56.7 g Jar",
        "price": "$9.34",
        "listPrice": "$12.99",
        "imageUrl": "https://m.media-amazon.com/images/I/31XJDS+1n-L._SL160_.jpg",
        "detailPageURL": "https://www.amazon.com/dp/B0C3T7HNLX",
        "rating": "4.4",
        "totalReviews": "204",
        "subtitle": "Real Techniques",
        "isPrimeEligible": "1"
    },
    {
        "ASIN": "B08PSX1LW2",
        "title": "CLINIQUE'S by Clinique Take The Day Off Cleansing Balm -30ml",
        "price": "$11.46 ($11.35 / Fl Oz)",
        "listPrice": "",
        "imageUrl": "https://m.media-amazon.com/images/I/31v+CKRP0tL._SL160_.jpg",
        "detailPageURL": "https://www.amazon.com/dp/B08PSX1LW2",
        "rating": "4.5",
        "totalReviews": "50",
        "subtitle": "Clinique",
        "isPrimeEligible": "1"
    },
    {
        "ASIN": "B07D5C86RX",
        "title": "Clinique Take The Day Off Cleansing Balm, Clear, 3.8 Fl Oz",
        "price": "$22.88 ($6.02 / Fl Oz)",
        "listPrice": "$29.50 ($7.76 / Fl Oz)",
        "imageUrl": "https://m.media-amazon.com/images/I/31LC8eaBCkL._SL160_.jpg",
        "detailPageURL": "https://www.amazon.com/dp/B07D5C86RX",
        "rating": "4.7",
        "totalReviews": "1358",
        "subtitle": "Clinique",
        "isPrimeEligible": "0"
    },
    {
        "ASIN": "B0BJ6D1H6R",
        "title": "Dr.Ceuracle Hyal Reyouth Multi Cleansing Balm\u3163Balm to Foam, All-in-one Double Cleanser\u316310 Types of Hyaluronic Acid\u3163Cleansing Sherbet for Soothing & Hydrating, Sebum Care\u3163Makeup Remover, Face Wash",
        "price": "$12.99 ($3.84 / Fl Oz)",
        "listPrice": "",
        "imageUrl": "https://m.media-amazon.com/images/I/41-6Ap4rWcL._SL160_.jpg",
        "detailPageURL": "https://www.amazon.com/dp/B0BJ6D1H6R",
        "rating": "3.9",
        "totalReviews": "37",
        "subtitle": "leegeehaam",
        "isPrimeEligible": "1"
    },
    {
        "ASIN": "B08543B63M",
        "title": "Hanskin BHA Pore Cleansing Oil and PHA Cleansing Balm, Sample Trial Size, Travel Size Mini Makeup Remover Set, Gentle Blackhead Cleanser for Combination and Oily Skin [30 ml/Pack of 2] + [8g/PHA Balm]",
        "price": "$11.99 ($5.19 / Fl Oz)",
        "listPrice": "",
        "imageUrl": "https://m.media-amazon.com/images/I/41ZwIH0UKGL._SL160_.jpg",
        "detailPageURL": "https://www.amazon.com/dp/B08543B63M",
        "rating": "4.4",
        "totalReviews": "645",
        "subtitle": "Hanskin",
        "isPrimeEligible": "1"
    },
    {
        "ASIN": "B0BGT6WTJW",
        "title": "BANILA Clean It Zero 3-in-1 cleansing balm original 25ml",
        "price": "$13.00 ($2.17 / Ounce)",
        "listPrice": "",
        "imageUrl": "https://m.media-amazon.com/images/I/31WoMBfh5bL._SL160_.jpg",
        "detailPageURL": "https://www.amazon.com/dp/B0BGT6WTJW",
        "rating": "4.2",
        "totalReviews": "30",
        "subtitle": "Generic",
        "isPrimeEligible": "1"
    },
    {
        "ASIN": "B0BS4JT9NN",
        "title": "Phoera Makeup Remover Cleansing Balm with Sweet Orange Essential Oil Makeup Meltaway Cleansing Balm (20g Balm)",
        "price": "$8.49 ($0.42 / Ounce)",
        "listPrice": "$8.99 ($0.45 / Ounce)",
        "imageUrl": "https://m.media-amazon.com/images/I/41chrPbZglL._SL160_.jpg",
        "detailPageURL": "https://www.amazon.com/dp/B0BS4JT9NN",
        "rating": "4.8",
        "totalReviews": "7",
        "subtitle": "Phoera",
        "isPrimeEligible": "1"
    },
    {
        "ASIN": "B08FSTBRVG",
        "title": "AROMATICA Orange Cleansing Sherbet 150g - Makeup Removing Balm - Melts Away Stubborn Impurities",
        "price": "$28.04 ($5.29 / Ounce)",
        "listPrice": "$29.95 ($5.65 / Ounce)",
        "imageUrl": "https://m.media-amazon.com/images/I/31bWTwGZKnL._SL160_.jpg",
        "detailPageURL": "https://www.amazon.com/dp/B08FSTBRVG",
        "rating": "4.5",
        "totalReviews": "976",
        "subtitle": "AROMATICA",
        "isPrimeEligible": "1"
    },
    {
        "ASIN": "B09RKTMFDG",
        "title": "Farmacy Makeup Remover Cleansing Balm - Clearly Clean Fragrance-Free Makeup Melting Balm - Great Balm Cleanser for Sensitive Skin (50ml)",
        "price": "$24.00 ($14.12 / Ounce)",
        "listPrice": "",
        "imageUrl": "https://m.media-amazon.com/images/I/41A67J7d6pL._SL160_.jpg",
        "detailPageURL": "https://www.amazon.com/dp/B09RKTMFDG",
        "rating": "4.2",
        "totalReviews": "111",
        "subtitle": "Farmacy",
        "isPrimeEligible": "1"
    },
    {
        "ASIN": "B0C3T7HNLX",
        "title": "Real Techniques Real Clean Face Erase Makeup Removing Balm, Hydrating Cleansing Balm, Melt Away Stubborn Makeup, With Hyaluronic Acid & Vitamin A, 2 fl. oz/56.7 g Jar",
        "price": "$9.34",
        "listPrice": "$12.99",
        "imageUrl": "https://m.media-amazon.com/images/I/31XJDS+1n-L._SL160_.jpg",
        "detailPageURL": "https://www.amazon.com/dp/B0C3T7HNLX",
        "rating": "4.4",
        "totalReviews": "204",
        "subtitle": "Real Techniques",
        "isPrimeEligible": "1"
    },
    {
        "ASIN": "B08PSX1LW2",
        "title": "CLINIQUE'S by Clinique Take The Day Off Cleansing Balm -30ml",
        "price": "$11.46 ($11.35 / Fl Oz)",
        "listPrice": "",
        "imageUrl": "https://m.media-amazon.com/images/I/31v+CKRP0tL._SL160_.jpg",
        "detailPageURL": "https://www.amazon.com/dp/B08PSX1LW2",
        "rating": "4.5",
        "totalReviews": "50",
        "subtitle": "Clinique",
        "isPrimeEligible": "1"
    },
    {
        "ASIN": "B07D5C86RX",
        "title": "Clinique Take The Day Off Cleansing Balm, Clear, 3.8 Fl Oz",
        "price": "$22.88 ($6.02 / Fl Oz)",
        "listPrice": "$29.50 ($7.76 / Fl Oz)",
        "imageUrl": "https://m.media-amazon.com/images/I/31LC8eaBCkL._SL160_.jpg",
        "detailPageURL": "https://www.amazon.com/dp/B07D5C86RX",
        "rating": "4.7",
        "totalReviews": "1358",
        "subtitle": "Clinique",
        "isPrimeEligible": "0"
    },
    {
        "ASIN": "B0BJ6D1H6R",
        "title": "Dr.Ceuracle Hyal Reyouth Multi Cleansing Balm\u3163Balm to Foam, All-in-one Double Cleanser\u316310 Types of Hyaluronic Acid\u3163Cleansing Sherbet for Soothing & Hydrating, Sebum Care\u3163Makeup Remover, Face Wash",
        "price": "$12.99 ($3.84 / Fl Oz)",
        "listPrice": "",
        "imageUrl": "https://m.media-amazon.com/images/I/41-6Ap4rWcL._SL160_.jpg",
        "detailPageURL": "https://www.amazon.com/dp/B0BJ6D1H6R",
        "rating": "3.9",
        "totalReviews": "37",
        "subtitle": "leegeehaam",
        "isPrimeEligible": "1"
    },
    {
        "ASIN": "B08543B63M",
        "title": "Hanskin BHA Pore Cleansing Oil and PHA Cleansing Balm, Sample Trial Size, Travel Size Mini Makeup Remover Set, Gentle Blackhead Cleanser for Combination and Oily Skin [30 ml/Pack of 2] + [8g/PHA Balm]",
        "price": "$11.99 ($5.19 / Fl Oz)",
        "listPrice": "",
        "imageUrl": "https://m.media-amazon.com/images/I/41ZwIH0UKGL._SL160_.jpg",
        "detailPageURL": "https://www.amazon.com/dp/B08543B63M",
        "rating": "4.4",
        "totalReviews": "645",
        "subtitle": "Hanskin",
        "isPrimeEligible": "1"
    },
    {
        "ASIN": "B0BJVP4Y2X",
        "title": "BANILA CO Clean it Zero Mandarin-C Cleansing Balm Brightening",
        "price": "$24.00 ($7.10 / Ounce)",
        "listPrice": "",
        "imageUrl": "https://m.media-amazon.com/images/I/213WUOko6HL._SL160_.jpg",
        "detailPageURL": "https://www.amazon.com/dp/B0BJVP4Y2X",
        "rating": "4.6",
        "totalReviews": "67",
        "subtitle": "BANILA CO",
        "isPrimeEligible": "1"
    },
    {
        "ASIN": "B0BS4JT9NN",
        "title": "Phoera Makeup Remover Cleansing Balm with Sweet Orange Essential Oil Makeup Meltaway Cleansing Balm (20g Balm)",
        "price": "$8.49 ($0.42 / Ounce)",
        "listPrice": "$8.99 ($0.45 / Ounce)",
        "imageUrl": "https://m.media-amazon.com/images/I/41chrPbZglL._SL160_.jpg",
        "detailPageURL": "https://www.amazon.com/dp/B0BS4JT9NN",
        "rating": "4.8",
        "totalReviews": "7",
        "subtitle": "Phoera",
        "isPrimeEligible": "1"
    },
    {
        "ASIN": "B08FSTBRVG",
        "title": "AROMATICA Orange Cleansing Sherbet 150g - Makeup Removing Balm - Melts Away Stubborn Impurities",
        "price": "$28.04 ($5.29 / Ounce)",
        "listPrice": "$29.95 ($5.65 / Ounce)",
        "imageUrl": "https://m.media-amazon.com/images/I/31bWTwGZKnL._SL160_.jpg",
        "detailPageURL": "https://www.amazon.com/dp/B08FSTBRVG",
        "rating": "4.5",
        "totalReviews": "976",
        "subtitle": "AROMATICA",
        "isPrimeEligible": "1"
    },
    {
        "ASIN": "B09RKTMFDG",
        "title": "Farmacy Makeup Remover Cleansing Balm - Clearly Clean Fragrance-Free Makeup Melting Balm - Great Balm Cleanser for Sensitive Skin (50ml)",
        "price": "$24.00 ($14.12 / Ounce)",
        "listPrice": "",
        "imageUrl": "https://m.media-amazon.com/images/I/41A67J7d6pL._SL160_.jpg",
        "detailPageURL": "https://www.amazon.com/dp/B09RKTMFDG",
        "rating": "4.2",
        "totalReviews": "111",
        "subtitle": "Farmacy",
        "isPrimeEligible": "1"
    },
    {
        "ASIN": "B0C3T7HNLX",
        "title": "Real Techniques Real Clean Face Erase Makeup Removing Balm, Hydrating Cleansing Balm, Melt Away Stubborn Makeup, With Hyaluronic Acid & Vitamin A, 2 fl. oz/56.7 g Jar",
        "price": "$9.34",
        "listPrice": "$12.99",
        "imageUrl": "https://m.media-amazon.com/images/I/31XJDS+1n-L._SL160_.jpg",
        "detailPageURL": "https://www.amazon.com/dp/B0C3T7HNLX",
        "rating": "4.4",
        "totalReviews": "204",
        "subtitle": "Real Techniques",
        "isPrimeEligible": "1"
    },
    {
        "ASIN": "B08PSX1LW2",
        "title": "CLINIQUE'S by Clinique Take The Day Off Cleansing Balm -30ml",
        "price": "$11.46 ($11.35 / Fl Oz)",
        "listPrice": "",
        "imageUrl": "https://m.media-amazon.com/images/I/31v+CKRP0tL._SL160_.jpg",
        "detailPageURL": "https://www.amazon.com/dp/B08PSX1LW2",
        "rating": "4.5",
        "totalReviews": "50",
        "subtitle": "Clinique",
        "isPrimeEligible": "1"
    },
    {
        "ASIN": "B07D5C86RX",
        "title": "Clinique Take The Day Off Cleansing Balm, Clear, 3.8 Fl Oz",
        "price": "$22.88 ($6.02 / Fl Oz)",
        "listPrice": "$29.50 ($7.76 / Fl Oz)",
        "imageUrl": "https://m.media-amazon.com/images/I/31LC8eaBCkL._SL160_.jpg",
        "detailPageURL": "https://www.amazon.com/dp/B07D5C86RX",
        "rating": "4.7",
        "totalReviews": "1358",
        "subtitle": "Clinique",
        "isPrimeEligible": "0"
    },
    {
        "ASIN": "B0BJ6D1H6R",
        "title": "Dr.Ceuracle Hyal Reyouth Multi Cleansing Balm\u3163Balm to Foam, All-in-one Double Cleanser\u316310 Types of Hyaluronic Acid\u3163Cleansing Sherbet for Soothing & Hydrating, Sebum Care\u3163Makeup Remover, Face Wash",
        "price": "$12.99 ($3.84 / Fl Oz)",
        "listPrice": "",
        "imageUrl": "https://m.media-amazon.com/images/I/41-6Ap4rWcL._SL160_.jpg",
        "detailPageURL": "https://www.amazon.com/dp/B0BJ6D1H6R",
        "rating": "3.9",
        "totalReviews": "37",
        "subtitle": "leegeehaam",
        "isPrimeEligible": "1"
    },
    {
        "ASIN": "B08543B63M",
        "title": "Hanskin BHA Pore Cleansing Oil and PHA Cleansing Balm, Sample Trial Size, Travel Size Mini Makeup Remover Set, Gentle Blackhead Cleanser for Combination and Oily Skin [30 ml/Pack of 2] + [8g/PHA Balm]",
        "price": "$11.99 ($5.19 / Fl Oz)",
        "listPrice": "",
        "imageUrl": "https://m.media-amazon.com/images/I/41ZwIH0UKGL._SL160_.jpg",
        "detailPageURL": "https://www.amazon.com/dp/B08543B63M",
        "rating": "4.4",
        "totalReviews": "645",
        "subtitle": "Hanskin",
        "isPrimeEligible": "1"
    },
    {
        "ASIN": "B0BJVP4Y2X",
        "title": "BANILA CO Clean it Zero Mandarin-C Cleansing Balm Brightening",
        "price": "$24.00 ($7.10 / Ounce)",
        "listPrice": "",
        "imageUrl": "https://m.media-amazon.com/images/I/213WUOko6HL._SL160_.jpg",
        "detailPageURL": "https://www.amazon.com/dp/B0BJVP4Y2X",
        "rating": "4.6",
        "totalReviews": "67",
        "subtitle": "BANILA CO",
        "isPrimeEligible": "1"
    },
    {
        "ASIN": "B0BX1MXD36",
        "title": "numbuzin No.3 Pore & Makeup Cleansing Balm with Green Tea and Charcoal | Quick & Easy Cleansing, Reduces Blackheads, No Fragrance, 2.99 oz",
        "price": "$19.90 ($6.66 / Ounce)",
        "listPrice": "",
        "imageUrl": "https://m.media-amazon.com/images/I/31bWnQvu7jL._SL160_.jpg",
        "detailPageURL": "https://www.amazon.com/dp/B0BX1MXD36",
        "rating": "4.3",
        "totalReviews": "102",
        "subtitle": "numbuzin",
        "isPrimeEligible": "1"
    },
    {
        "ASIN": "B08FSTBRVG",
        "title": "AROMATICA Orange Cleansing Sherbet 150g - Makeup Removing Balm - Melts Away Stubborn Impurities",
        "price": "$28.04 ($5.29 / Ounce)",
        "listPrice": "$29.95 ($5.65 / Ounce)",
        "imageUrl": "https://m.media-amazon.com/images/I/31bWTwGZKnL._SL160_.jpg",
        "detailPageURL": "https://www.amazon.com/dp/B08FSTBRVG",
        "rating": "4.5",
        "totalReviews": "976",
        "subtitle": "AROMATICA",
        "isPrimeEligible": "1"
    },
    {
        "ASIN": "B09RKTMFDG",
        "title": "Farmacy Makeup Remover Cleansing Balm - Clearly Clean Fragrance-Free Makeup Melting Balm - Great Balm Cleanser for Sensitive Skin (50ml)",
        "price": "$24.00 ($14.12 / Ounce)",
        "listPrice": "",
        "imageUrl": "https://m.media-amazon.com/images/I/41A67J7d6pL._SL160_.jpg",
        "detailPageURL": "https://www.amazon.com/dp/B09RKTMFDG",
        "rating": "4.2",
        "totalReviews": "111",
        "subtitle": "Farmacy",
        "isPrimeEligible": "1"
    },
    {
        "ASIN": "B0C3T7HNLX",
        "title": "Real Techniques Real Clean Face Erase Makeup Removing Balm, Hydrating Cleansing Balm, Melt Away Stubborn Makeup, With Hyaluronic Acid & Vitamin A, 2 fl. oz/56.7 g Jar",
        "price": "$9.34",
        "listPrice": "$12.99",
        "imageUrl": "https://m.media-amazon.com/images/I/31XJDS+1n-L._SL160_.jpg",
        "detailPageURL": "https://www.amazon.com/dp/B0C3T7HNLX",
        "rating": "4.4",
        "totalReviews": "204",
        "subtitle": "Real Techniques",
        "isPrimeEligible": "1"
    },
    {
        "ASIN": "B08PSX1LW2",
        "title": "CLINIQUE'S by Clinique Take The Day Off Cleansing Balm -30ml",
        "price": "$11.46 ($11.35 / Fl Oz)",
        "listPrice": "",
        "imageUrl": "https://m.media-amazon.com/images/I/31v+CKRP0tL._SL160_.jpg",
        "detailPageURL": "https://www.amazon.com/dp/B08PSX1LW2",
        "rating": "4.5",
        "totalReviews": "50",
        "subtitle": "Clinique",
        "isPrimeEligible": "1"
    },
    {
        "ASIN": "B07D5C86RX",
        "title": "Clinique Take The Day Off Cleansing Balm, Clear, 3.8 Fl Oz",
        "price": "$22.88 ($6.02 / Fl Oz)",
        "listPrice": "$29.50 ($7.76 / Fl Oz)",
        "imageUrl": "https://m.media-amazon.com/images/I/31LC8eaBCkL._SL160_.jpg",
        "detailPageURL": "https://www.amazon.com/dp/B07D5C86RX",
        "rating": "4.7",
        "totalReviews": "1358",
        "subtitle": "Clinique",
        "isPrimeEligible": "0"
    },
    {
        "ASIN": "B0BJ6D1H6R",
        "title": "Dr.Ceuracle Hyal Reyouth Multi Cleansing Balm\u3163Balm to Foam, All-in-one Double Cleanser\u316310 Types of Hyaluronic Acid\u3163Cleansing Sherbet for Soothing & Hydrating, Sebum Care\u3163Makeup Remover, Face Wash",
        "price": "$12.99 ($3.84 / Fl Oz)",
        "listPrice": "",
        "imageUrl": "https://m.media-amazon.com/images/I/41-6Ap4rWcL._SL160_.jpg",
        "detailPageURL": "https://www.amazon.com/dp/B0BJ6D1H6R",
        "rating": "3.9",
        "totalReviews": "37",
        "subtitle": "leegeehaam",
        "isPrimeEligible": "1"
    },
    {
        "ASIN": "B08543B63M",
        "title": "Hanskin BHA Pore Cleansing Oil and PHA Cleansing Balm, Sample Trial Size, Travel Size Mini Makeup Remover Set, Gentle Blackhead Cleanser for Combination and Oily Skin [30 ml/Pack of 2] + [8g/PHA Balm]",
        "price": "$11.99 ($5.19 / Fl Oz)",
        "listPrice": "",
        "imageUrl": "https://m.media-amazon.com/images/I/41ZwIH0UKGL._SL160_.jpg",
        "detailPageURL": "https://www.amazon.com/dp/B08543B63M",
        "rating": "4.4",
        "totalReviews": "645",
        "subtitle": "Hanskin",
        "isPrimeEligible": "1"
    },
    {
        "ASIN": "B0BJVP4Y2X",
        "title": "BANILA CO Clean it Zero Mandarin-C Cleansing Balm Brightening",
        "price": "$24.00 ($7.10 / Ounce)",
        "listPrice": "",
        "imageUrl": "https://m.media-amazon.com/images/I/213WUOko6HL._SL160_.jpg",
        "detailPageURL": "https://www.amazon.com/dp/B0BJVP4Y2X",
        "rating": "4.6",
        "totalReviews": "67",
        "subtitle": "BANILA CO",
        "isPrimeEligible": "1"
    },
    {
        "ASIN": "B0BX1MXD36",
        "title": "numbuzin No.3 Pore & Makeup Cleansing Balm with Green Tea and Charcoal | Quick & Easy Cleansing, Reduces Blackheads, No Fragrance, 2.99 oz",
        "price": "$19.90 ($6.66 / Ounce)",
        "listPrice": "",
        "imageUrl": "https://m.media-amazon.com/images/I/31bWnQvu7jL._SL160_.jpg",
        "detailPageURL": "https://www.amazon.com/dp/B0BX1MXD36",
        "rating": "4.3",
        "totalReviews": "102",
        "subtitle": "numbuzin",
        "isPrimeEligible": "1"
    },
    {
        "ASIN": "B06X6NLTJX",
        "title": "Clinique Take the Day Off Cleansing Balm .5 oz Makeup Remover",
        "price": "$6.90 ($13.80 / Ounce)",
        "listPrice": "$9.92 ($19.84 / Ounce)",
        "imageUrl": "https://m.media-amazon.com/images/I/41M4q-9slpL._SL160_.jpg",
        "detailPageURL": "https://www.amazon.com/dp/B06X6NLTJX",
        "rating": "4.5",
        "totalReviews": "624",
        "subtitle": "Clinique",
        "isPrimeEligible": "1"
    },
    {
        "ASIN": "B09RKTMFDG",
        "title": "Farmacy Makeup Remover Cleansing Balm - Clearly Clean Fragrance-Free Makeup Melting Balm - Great Balm Cleanser for Sensitive Skin (50ml)",
        "price": "$24.00 ($14.12 / Ounce)",
        "listPrice": "",
        "imageUrl": "https://m.media-amazon.com/images/I/41A67J7d6pL._SL160_.jpg",
        "detailPageURL": "https://www.amazon.com/dp/B09RKTMFDG",
        "rating": "4.2",
        "totalReviews": "111",
        "subtitle": "Farmacy",
        "isPrimeEligible": "1"
    },
    {
        "ASIN": "B0C3T7HNLX",
        "title": "Real Techniques Real Clean Face Erase Makeup Removing Balm, Hydrating Cleansing Balm, Melt Away Stubborn Makeup, With Hyaluronic Acid & Vitamin A, 2 fl. oz/56.7 g Jar",
        "price": "$9.34",
        "listPrice": "$12.99",
        "imageUrl": "https://m.media-amazon.com/images/I/31XJDS+1n-L._SL160_.jpg",
        "detailPageURL": "https://www.amazon.com/dp/B0C3T7HNLX",
        "rating": "4.4",
        "totalReviews": "204",
        "subtitle": "Real Techniques",
        "isPrimeEligible": "1"
    },
    {
        "ASIN": "B08PSX1LW2",
        "title": "CLINIQUE'S by Clinique Take The Day Off Cleansing Balm -30ml",
        "price": "$11.46 ($11.35 / Fl Oz)",
        "listPrice": "",
        "imageUrl": "https://m.media-amazon.com/images/I/31v+CKRP0tL._SL160_.jpg",
        "detailPageURL": "https://www.amazon.com/dp/B08PSX1LW2",
        "rating": "4.5",
        "totalReviews": "50",
        "subtitle": "Clinique",
        "isPrimeEligible": "1"
    },
    {
        "ASIN": "B07D5C86RX",
        "title": "Clinique Take The Day Off Cleansing Balm, Clear, 3.8 Fl Oz",
        "price": "$22.88 ($6.02 / Fl Oz)",
        "listPrice": "$29.50 ($7.76 / Fl Oz)",
        "imageUrl": "https://m.media-amazon.com/images/I/31LC8eaBCkL._SL160_.jpg",
        "detailPageURL": "https://www.amazon.com/dp/B07D5C86RX",
        "rating": "4.7",
        "totalReviews": "1358",
        "subtitle": "Clinique",
        "isPrimeEligible": "0"
    },
    {
        "ASIN": "B0BJ6D1H6R",
        "title": "Dr.Ceuracle Hyal Reyouth Multi Cleansing Balm\u3163Balm to Foam, All-in-one Double Cleanser\u316310 Types of Hyaluronic Acid\u3163Cleansing Sherbet for Soothing & Hydrating, Sebum Care\u3163Makeup Remover, Face Wash",
        "price": "$12.99 ($3.84 / Fl Oz)",
        "listPrice": "",
        "imageUrl": "https://m.media-amazon.com/images/I/41-6Ap4rWcL._SL160_.jpg",
        "detailPageURL": "https://www.amazon.com/dp/B0BJ6D1H6R",
        "rating": "3.9",
        "totalReviews": "37",
        "subtitle": "leegeehaam",
        "isPrimeEligible": "1"
    },
    {
        "ASIN": "B08543B63M",
        "title": "Hanskin BHA Pore Cleansing Oil and PHA Cleansing Balm, Sample Trial Size, Travel Size Mini Makeup Remover Set, Gentle Blackhead Cleanser for Combination and Oily Skin [30 ml/Pack of 2] + [8g/PHA Balm]",
        "price": "$11.99 ($5.19 / Fl Oz)",
        "listPrice": "",
        "imageUrl": "https://m.media-amazon.com/images/I/41ZwIH0UKGL._SL160_.jpg",
        "detailPageURL": "https://www.amazon.com/dp/B08543B63M",
        "rating": "4.4",
        "totalReviews": "645",
        "subtitle": "Hanskin",
        "isPrimeEligible": "1"
    },
    {
        "ASIN": "B0BJVP4Y2X",
        "title": "BANILA CO Clean it Zero Mandarin-C Cleansing Balm Brightening",
        "price": "$24.00 ($7.10 / Ounce)",
        "listPrice": "",
        "imageUrl": "https://m.media-amazon.com/images/I/213WUOko6HL._SL160_.jpg",
        "detailPageURL": "https://www.amazon.com/dp/B0BJVP4Y2X",
        "rating": "4.6",
        "totalReviews": "67",
        "subtitle": "BANILA CO",
        "isPrimeEligible": "1"
    },
    {
        "ASIN": "B0BX1MXD36",
        "title": "numbuzin No.3 Pore & Makeup Cleansing Balm with Green Tea and Charcoal | Quick & Easy Cleansing, Reduces Blackheads, No Fragrance, 2.99 oz",
        "price": "$19.90 ($6.66 / Ounce)",
        "listPrice": "",
        "imageUrl": "https://m.media-amazon.com/images/I/31bWnQvu7jL._SL160_.jpg",
        "detailPageURL": "https://www.amazon.com/dp/B0BX1MXD36",
        "rating": "4.3",
        "totalReviews": "102",
        "subtitle": "numbuzin",
        "isPrimeEligible": "1"
    },
    {
        "ASIN": "B06X6NLTJX",
        "title": "Clinique Take the Day Off Cleansing Balm .5 oz Makeup Remover",
        "price": "$6.90 ($13.80 / Ounce)",
        "listPrice": "$9.92 ($19.84 / Ounce)",
        "imageUrl": "https://m.media-amazon.com/images/I/41M4q-9slpL._SL160_.jpg",
        "detailPageURL": "https://www.amazon.com/dp/B06X6NLTJX",
        "rating": "4.5",
        "totalReviews": "624",
        "subtitle": "Clinique",
        "isPrimeEligible": "1"
    },
    {
        "ASIN": "B00KA5R3E6",
        "title": "CAILYN Cailyn Dizzolv'it Makeup Melt Cleansing Balm, 1.7 Oz",
        "price": "$24.00 ($14.12 / Ounce)",
        "listPrice": "",
        "imageUrl": "https://m.media-amazon.com/images/I/31-qAV2zMaL._SL160_.jpg",
        "detailPageURL": "https://www.amazon.com/dp/B00KA5R3E6",
        "rating": "4.8",
        "totalReviews": "121",
        "subtitle": "",
        "isPrimeEligible": "1"
    },
    {
        "ASIN": "B0C3T7HNLX",
        "title": "Real Techniques Real Clean Face Erase Makeup Removing Balm, Hydrating Cleansing Balm, Melt Away Stubborn Makeup, With Hyaluronic Acid & Vitamin A, 2 fl. oz/56.7 g Jar",
        "price": "$9.34",
        "listPrice": "$12.99",
        "imageUrl": "https://m.media-amazon.com/images/I/31XJDS+1n-L._SL160_.jpg",
        "detailPageURL": "https://www.amazon.com/dp/B0C3T7HNLX",
        "rating": "4.4",
        "totalReviews": "204",
        "subtitle": "Real Techniques",
        "isPrimeEligible": "1"
    },
    {
        "ASIN": "B08PSX1LW2",
        "title": "CLINIQUE'S by Clinique Take The Day Off Cleansing Balm -30ml",
        "price": "$11.46 ($11.35 / Fl Oz)",
        "listPrice": "",
        "imageUrl": "https://m.media-amazon.com/images/I/31v+CKRP0tL._SL160_.jpg",
        "detailPageURL": "https://www.amazon.com/dp/B08PSX1LW2",
        "rating": "4.5",
        "totalReviews": "50",
        "subtitle": "Clinique",
        "isPrimeEligible": "1"
    },
    {
        "ASIN": "B07D5C86RX",
        "title": "Clinique Take The Day Off Cleansing Balm, Clear, 3.8 Fl Oz",
        "price": "$22.88 ($6.02 / Fl Oz)",
        "listPrice": "$29.50 ($7.76 / Fl Oz)",
        "imageUrl": "https://m.media-amazon.com/images/I/31LC8eaBCkL._SL160_.jpg",
        "detailPageURL": "https://www.amazon.com/dp/B07D5C86RX",
        "rating": "4.7",
        "totalReviews": "1358",
        "subtitle": "Clinique",
        "isPrimeEligible": "0"
    },
    {
        "ASIN": "B0BJ6D1H6R",
        "title": "Dr.Ceuracle Hyal Reyouth Multi Cleansing Balm\u3163Balm to Foam, All-in-one Double Cleanser\u316310 Types of Hyaluronic Acid\u3163Cleansing Sherbet for Soothing & Hydrating, Sebum Care\u3163Makeup Remover, Face Wash",
        "price": "$12.99 ($3.84 / Fl Oz)",
        "listPrice": "",
        "imageUrl": "https://m.media-amazon.com/images/I/41-6Ap4rWcL._SL160_.jpg",
        "detailPageURL": "https://www.amazon.com/dp/B0BJ6D1H6R",
        "rating": "3.9",
        "totalReviews": "37",
        "subtitle": "leegeehaam",
        "isPrimeEligible": "1"
    },
    {
        "ASIN": "B08543B63M",
        "title": "Hanskin BHA Pore Cleansing Oil and PHA Cleansing Balm, Sample Trial Size, Travel Size Mini Makeup Remover Set, Gentle Blackhead Cleanser for Combination and Oily Skin [30 ml/Pack of 2] + [8g/PHA Balm]",
        "price": "$11.99 ($5.19 / Fl Oz)",
        "listPrice": "",
        "imageUrl": "https://m.media-amazon.com/images/I/41ZwIH0UKGL._SL160_.jpg",
        "detailPageURL": "https://www.amazon.com/dp/B08543B63M",
        "rating": "4.4",
        "totalReviews": "645",
        "subtitle": "Hanskin",
        "isPrimeEligible": "1"
    },
    {
        "ASIN": "B0BJVP4Y2X",
        "title": "BANILA CO Clean it Zero Mandarin-C Cleansing Balm Brightening",
        "price": "$24.00 ($7.10 / Ounce)",
        "listPrice": "",
        "imageUrl": "https://m.media-amazon.com/images/I/213WUOko6HL._SL160_.jpg",
        "detailPageURL": "https://www.amazon.com/dp/B0BJVP4Y2X",
        "rating": "4.6",
        "totalReviews": "67",
        "subtitle": "BANILA CO",
        "isPrimeEligible": "1"
    },
    {
        "ASIN": "B0BX1MXD36",
        "title": "numbuzin No.3 Pore & Makeup Cleansing Balm with Green Tea and Charcoal | Quick & Easy Cleansing, Reduces Blackheads, No Fragrance, 2.99 oz",
        "price": "$19.90 ($6.66 / Ounce)",
        "listPrice": "",
        "imageUrl": "https://m.media-amazon.com/images/I/31bWnQvu7jL._SL160_.jpg",
        "detailPageURL": "https://www.amazon.com/dp/B0BX1MXD36",
        "rating": "4.3",
        "totalReviews": "102",
        "subtitle": "numbuzin",
        "isPrimeEligible": "1"
    },
    {
        "ASIN": "B06X6NLTJX",
        "title": "Clinique Take the Day Off Cleansing Balm .5 oz Makeup Remover",
        "price": "$6.90 ($13.80 / Ounce)",
        "listPrice": "$9.92 ($19.84 / Ounce)",
        "imageUrl": "https://m.media-amazon.com/images/I/41M4q-9slpL._SL160_.jpg",
        "detailPageURL": "https://www.amazon.com/dp/B06X6NLTJX",
        "rating": "4.5",
        "totalReviews": "624",
        "subtitle": "Clinique",
        "isPrimeEligible": "1"
    },
    {
        "ASIN": "B00KA5R3E6",
        "title": "CAILYN Cailyn Dizzolv'it Makeup Melt Cleansing Balm, 1.7 Oz",
        "price": "$24.00 ($14.12 / Ounce)",
        "listPrice": "",
        "imageUrl": "https://m.media-amazon.com/images/I/31-qAV2zMaL._SL160_.jpg",
        "detailPageURL": "https://www.amazon.com/dp/B00KA5R3E6",
        "rating": "4.8",
        "totalReviews": "121",
        "subtitle": "",
        "isPrimeEligible": "1"
    },
    {
        "ASIN": "B0BL8GVS91",
        "title": "Madeca Botanic Cleansing Balm (4.1fl oz) - Gentle Makeup Removal (Face Wash) for Women with Sensitive Skin by Dongkook. Green Veggie Complex, AHA & BHA, Moringa, Tea Tree.",
        "price": "$21.99 ($5.36 / Ounce)",
        "listPrice": "",
        "imageUrl": "https://m.media-amazon.com/images/I/4113fWyFbhL._SL160_.jpg",
        "detailPageURL": "https://www.amazon.com/dp/B0BL8GVS91",
        "rating": "4.7",
        "totalReviews": "52",
        "subtitle": "Madeca",
        "isPrimeEligible": "1"
    },
    {
        "ASIN": "B08PSX1LW2",
        "title": "CLINIQUE'S by Clinique Take The Day Off Cleansing Balm -30ml",
        "price": "$11.46 ($11.35 / Fl Oz)",
        "listPrice": "",
        "imageUrl": "https://m.media-amazon.com/images/I/31v+CKRP0tL._SL160_.jpg",
        "detailPageURL": "https://www.amazon.com/dp/B08PSX1LW2",
        "rating": "4.5",
        "totalReviews": "50",
        "subtitle": "Clinique",
        "isPrimeEligible": "1"
    },
    {
        "ASIN": "B07D5C86RX",
        "title": "Clinique Take The Day Off Cleansing Balm, Clear, 3.8 Fl Oz",
        "price": "$22.88 ($6.02 / Fl Oz)",
        "listPrice": "$29.50 ($7.76 / Fl Oz)",
        "imageUrl": "https://m.media-amazon.com/images/I/31LC8eaBCkL._SL160_.jpg",
        "detailPageURL": "https://www.amazon.com/dp/B07D5C86RX",
        "rating": "4.7",
        "totalReviews": "1358",
        "subtitle": "Clinique",
        "isPrimeEligible": "0"
    },
    {
        "ASIN": "B0BJ6D1H6R",
        "title": "Dr.Ceuracle Hyal Reyouth Multi Cleansing Balm\u3163Balm to Foam, All-in-one Double Cleanser\u316310 Types of Hyaluronic Acid\u3163Cleansing Sherbet for Soothing & Hydrating, Sebum Care\u3163Makeup Remover, Face Wash",
        "price": "$12.99 ($3.84 / Fl Oz)",
        "listPrice": "",
        "imageUrl": "https://m.media-amazon.com/images/I/41-6Ap4rWcL._SL160_.jpg",
        "detailPageURL": "https://www.amazon.com/dp/B0BJ6D1H6R",
        "rating": "3.9",
        "totalReviews": "37",
        "subtitle": "leegeehaam",
        "isPrimeEligible": "1"
    },
    {
        "ASIN": "B08543B63M",
        "title": "Hanskin BHA Pore Cleansing Oil and PHA Cleansing Balm, Sample Trial Size, Travel Size Mini Makeup Remover Set, Gentle Blackhead Cleanser for Combination and Oily Skin [30 ml/Pack of 2] + [8g/PHA Balm]",
        "price": "$11.99 ($5.19 / Fl Oz)",
        "listPrice": "",
        "imageUrl": "https://m.media-amazon.com/images/I/41ZwIH0UKGL._SL160_.jpg",
        "detailPageURL": "https://www.amazon.com/dp/B08543B63M",
        "rating": "4.4",
        "totalReviews": "645",
        "subtitle": "Hanskin",
        "isPrimeEligible": "1"
    },
    {
        "ASIN": "B0BJVP4Y2X",
        "title": "BANILA CO Clean it Zero Mandarin-C Cleansing Balm Brightening",
        "price": "$24.00 ($7.10 / Ounce)",
        "listPrice": "",
        "imageUrl": "https://m.media-amazon.com/images/I/213WUOko6HL._SL160_.jpg",
        "detailPageURL": "https://www.amazon.com/dp/B0BJVP4Y2X",
        "rating": "4.6",
        "totalReviews": "67",
        "subtitle": "BANILA CO",
        "isPrimeEligible": "1"
    },
    {
        "ASIN": "B0BX1MXD36",
        "title": "numbuzin No.3 Pore & Makeup Cleansing Balm with Green Tea and Charcoal | Quick & Easy Cleansing, Reduces Blackheads, No Fragrance, 2.99 oz",
        "price": "$19.90 ($6.66 / Ounce)",
        "listPrice": "",
        "imageUrl": "https://m.media-amazon.com/images/I/31bWnQvu7jL._SL160_.jpg",
        "detailPageURL": "https://www.amazon.com/dp/B0BX1MXD36",
        "rating": "4.3",
        "totalReviews": "102",
        "subtitle": "numbuzin",
        "isPrimeEligible": "1"
    },
    {
        "ASIN": "B06X6NLTJX",
        "title": "Clinique Take the Day Off Cleansing Balm .5 oz Makeup Remover",
        "price": "$6.90 ($13.80 / Ounce)",
        "listPrice": "$9.92 ($19.84 / Ounce)",
        "imageUrl": "https://m.media-amazon.com/images/I/41M4q-9slpL._SL160_.jpg",
        "detailPageURL": "https://www.amazon.com/dp/B06X6NLTJX",
        "rating": "4.5",
        "totalReviews": "624",
        "subtitle": "Clinique",
        "isPrimeEligible": "1"
    },
    {
        "ASIN": "B00KA5R3E6",
        "title": "CAILYN Cailyn Dizzolv'it Makeup Melt Cleansing Balm, 1.7 Oz",
        "price": "$24.00 ($14.12 / Ounce)",
        "listPrice": "",
        "imageUrl": "https://m.media-amazon.com/images/I/31-qAV2zMaL._SL160_.jpg",
        "detailPageURL": "https://www.amazon.com/dp/B00KA5R3E6",
        "rating": "4.8",
        "totalReviews": "121",
        "subtitle": "",
        "isPrimeEligible": "1"
    },
    {
        "ASIN": "B0BL8GVS91",
        "title": "Madeca Botanic Cleansing Balm (4.1fl oz) - Gentle Makeup Removal (Face Wash) for Women with Sensitive Skin by Dongkook. Green Veggie Complex, AHA & BHA, Moringa, Tea Tree.",
        "price": "$21.99 ($5.36 / Ounce)",
        "listPrice": "",
        "imageUrl": "https://m.media-amazon.com/images/I/4113fWyFbhL._SL160_.jpg",
        "detailPageURL": "https://www.amazon.com/dp/B0BL8GVS91",
        "rating": "4.7",
        "totalReviews": "52",
        "subtitle": "Madeca",
        "isPrimeEligible": "1"
    },
    {
        "ASIN": "B0C8X5YKZF",
        "title": "Burt's Bees Fermented Honey Facial Cleansing Balm, With Prebiotic and Postbiotic Blend, Contains Fermented Honey and Green Tea, Natural Origin Skin Care, 1 Tin, 3 oz.",
        "price": "$16.17 ($5.39 / Ounce)",
        "listPrice": "$18.99 ($6.33 / Ounce)",
        "imageUrl": "https://m.media-amazon.com/images/I/41HCzpRX5yL._SL160_.jpg",
        "detailPageURL": "https://www.amazon.com/dp/B0C8X5YKZF",
        "rating": "3.9",
        "totalReviews": "21",
        "subtitle": "Burt's Bees",
        "isPrimeEligible": "1"
    },
    {
        "ASIN": "B07D5C86RX",
        "title": "Clinique Take The Day Off Cleansing Balm, Clear, 3.8 Fl Oz",
        "price": "$22.88 ($6.02 / Fl Oz)",
        "listPrice": "$29.50 ($7.76 / Fl Oz)",
        "imageUrl": "https://m.media-amazon.com/images/I/31LC8eaBCkL._SL160_.jpg",
        "detailPageURL": "https://www.amazon.com/dp/B07D5C86RX",
        "rating": "4.7",
        "totalReviews": "1358",
        "subtitle": "Clinique",
        "isPrimeEligible": "0"
    },
    {
        "ASIN": "B0BJ6D1H6R",
        "title": "Dr.Ceuracle Hyal Reyouth Multi Cleansing Balm\u3163Balm to Foam, All-in-one Double Cleanser\u316310 Types of Hyaluronic Acid\u3163Cleansing Sherbet for Soothing & Hydrating, Sebum Care\u3163Makeup Remover, Face Wash",
        "price": "$12.99 ($3.84 / Fl Oz)",
        "listPrice": "",
        "imageUrl": "https://m.media-amazon.com/images/I/41-6Ap4rWcL._SL160_.jpg",
        "detailPageURL": "https://www.amazon.com/dp/B0BJ6D1H6R",
        "rating": "3.9",
        "totalReviews": "37",
        "subtitle": "leegeehaam",
        "isPrimeEligible": "1"
    },
    {
        "ASIN": "B08543B63M",
        "title": "Hanskin BHA Pore Cleansing Oil and PHA Cleansing Balm, Sample Trial Size, Travel Size Mini Makeup Remover Set, Gentle Blackhead Cleanser for Combination and Oily Skin [30 ml/Pack of 2] + [8g/PHA Balm]",
        "price": "$11.99 ($5.19 / Fl Oz)",
        "listPrice": "",
        "imageUrl": "https://m.media-amazon.com/images/I/41ZwIH0UKGL._SL160_.jpg",
        "detailPageURL": "https://www.amazon.com/dp/B08543B63M",
        "rating": "4.4",
        "totalReviews": "645",
        "subtitle": "Hanskin",
        "isPrimeEligible": "1"
    },
    {
        "ASIN": "B0BJVP4Y2X",
        "title": "BANILA CO Clean it Zero Mandarin-C Cleansing Balm Brightening",
        "price": "$24.00 ($7.10 / Ounce)",
        "listPrice": "",
        "imageUrl": "https://m.media-amazon.com/images/I/213WUOko6HL._SL160_.jpg",
        "detailPageURL": "https://www.amazon.com/dp/B0BJVP4Y2X",
        "rating": "4.6",
        "totalReviews": "67",
        "subtitle": "BANILA CO",
        "isPrimeEligible": "1"
    },
    {
        "ASIN": "B0BX1MXD36",
        "title": "numbuzin No.3 Pore & Makeup Cleansing Balm with Green Tea and Charcoal | Quick & Easy Cleansing, Reduces Blackheads, No Fragrance, 2.99 oz",
        "price": "$19.90 ($6.66 / Ounce)",
        "listPrice": "",
        "imageUrl": "https://m.media-amazon.com/images/I/31bWnQvu7jL._SL160_.jpg",
        "detailPageURL": "https://www.amazon.com/dp/B0BX1MXD36",
        "rating": "4.3",
        "totalReviews": "102",
        "subtitle": "numbuzin",
        "isPrimeEligible": "1"
    },
    {
        "ASIN": "B06X6NLTJX",
        "title": "Clinique Take the Day Off Cleansing Balm .5 oz Makeup Remover",
        "price": "$6.90 ($13.80 / Ounce)",
        "listPrice": "$9.92 ($19.84 / Ounce)",
        "imageUrl": "https://m.media-amazon.com/images/I/41M4q-9slpL._SL160_.jpg",
        "detailPageURL": "https://www.amazon.com/dp/B06X6NLTJX",
        "rating": "4.5",
        "totalReviews": "624",
        "subtitle": "Clinique",
        "isPrimeEligible": "1"
    },
    {
        "ASIN": "B00KA5R3E6",
        "title": "CAILYN Cailyn Dizzolv'it Makeup Melt Cleansing Balm, 1.7 Oz",
        "price": "$24.00 ($14.12 / Ounce)",
        "listPrice": "",
        "imageUrl": "https://m.media-amazon.com/images/I/31-qAV2zMaL._SL160_.jpg",
        "detailPageURL": "https://www.amazon.com/dp/B00KA5R3E6",
        "rating": "4.8",
        "totalReviews": "121",
        "subtitle": "",
        "isPrimeEligible": "1"
    },
    {
        "ASIN": "B0BL8GVS91",
        "title": "Madeca Botanic Cleansing Balm (4.1fl oz) - Gentle Makeup Removal (Face Wash) for Women with Sensitive Skin by Dongkook. Green Veggie Complex, AHA & BHA, Moringa, Tea Tree.",
        "price": "$21.99 ($5.36 / Ounce)",
        "listPrice": "",
        "imageUrl": "https://m.media-amazon.com/images/I/4113fWyFbhL._SL160_.jpg",
        "detailPageURL": "https://www.amazon.com/dp/B0BL8GVS91",
        "rating": "4.7",
        "totalReviews": "52",
        "subtitle": "Madeca",
        "isPrimeEligible": "1"
    },
    {
        "ASIN": "B0C8X5YKZF",
        "title": "Burt's Bees Fermented Honey Facial Cleansing Balm, With Prebiotic and Postbiotic Blend, Contains Fermented Honey and Green Tea, Natural Origin Skin Care, 1 Tin, 3 oz.",
        "price": "$16.17 ($5.39 / Ounce)",
        "listPrice": "$18.99 ($6.33 / Ounce)",
        "imageUrl": "https://m.media-amazon.com/images/I/41HCzpRX5yL._SL160_.jpg",
        "detailPageURL": "https://www.amazon.com/dp/B0C8X5YKZF",
        "rating": "3.9",
        "totalReviews": "21",
        "subtitle": "Burt's Bees",
        "isPrimeEligible": "1"
    },
    {
        "ASIN": "B0BQHT413D",
        "title": "CLINIQUE Take The Day Off\u2122 Charcoal Cleansing Balm Makeup Remover 4.2 oz / 125 mL",
        "price": "$28.31",
        "listPrice": "$30.75",
        "imageUrl": "https://m.media-amazon.com/images/I/31D1owlnzRL._SL160_.jpg",
        "detailPageURL": "https://www.amazon.com/dp/B0BQHT413D",
        "rating": "5.0",
        "totalReviews": "1",
        "subtitle": "Clinique",
        "isPrimeEligible": "1"
    },
    {
        "ASIN": "B0BJ6D1H6R",
        "title": "Dr.Ceuracle Hyal Reyouth Multi Cleansing Balm\u3163Balm to Foam, All-in-one Double Cleanser\u316310 Types of Hyaluronic Acid\u3163Cleansing Sherbet for Soothing & Hydrating, Sebum Care\u3163Makeup Remover, Face Wash",
        "price": "$12.99 ($3.84 / Fl Oz)",
        "listPrice": "",
        "imageUrl": "https://m.media-amazon.com/images/I/41-6Ap4rWcL._SL160_.jpg",
        "detailPageURL": "https://www.amazon.com/dp/B0BJ6D1H6R",
        "rating": "3.9",
        "totalReviews": "37",
        "subtitle": "leegeehaam",
        "isPrimeEligible": "1"
    },
    {
        "ASIN": "B08543B63M",
        "title": "Hanskin BHA Pore Cleansing Oil and PHA Cleansing Balm, Sample Trial Size, Travel Size Mini Makeup Remover Set, Gentle Blackhead Cleanser for Combination and Oily Skin [30 ml/Pack of 2] + [8g/PHA Balm]",
        "price": "$11.99 ($5.19 / Fl Oz)",
        "listPrice": "",
        "imageUrl": "https://m.media-amazon.com/images/I/41ZwIH0UKGL._SL160_.jpg",
        "detailPageURL": "https://www.amazon.com/dp/B08543B63M",
        "rating": "4.4",
        "totalReviews": "645",
        "subtitle": "Hanskin",
        "isPrimeEligible": "1"
    },
    {
        "ASIN": "B0BJVP4Y2X",
        "title": "BANILA CO Clean it Zero Mandarin-C Cleansing Balm Brightening",
        "price": "$24.00 ($7.10 / Ounce)",
        "listPrice": "",
        "imageUrl": "https://m.media-amazon.com/images/I/213WUOko6HL._SL160_.jpg",
        "detailPageURL": "https://www.amazon.com/dp/B0BJVP4Y2X",
        "rating": "4.6",
        "totalReviews": "67",
        "subtitle": "BANILA CO",
        "isPrimeEligible": "1"
    },
    {
        "ASIN": "B0BX1MXD36",
        "title": "numbuzin No.3 Pore & Makeup Cleansing Balm with Green Tea and Charcoal | Quick & Easy Cleansing, Reduces Blackheads, No Fragrance, 2.99 oz",
        "price": "$19.90 ($6.66 / Ounce)",
        "listPrice": "",
        "imageUrl": "https://m.media-amazon.com/images/I/31bWnQvu7jL._SL160_.jpg",
        "detailPageURL": "https://www.amazon.com/dp/B0BX1MXD36",
        "rating": "4.3",
        "totalReviews": "102",
        "subtitle": "numbuzin",
        "isPrimeEligible": "1"
    },
    {
        "ASIN": "B06X6NLTJX",
        "title": "Clinique Take the Day Off Cleansing Balm .5 oz Makeup Remover",
        "price": "$6.90 ($13.80 / Ounce)",
        "listPrice": "$9.92 ($19.84 / Ounce)",
        "imageUrl": "https://m.media-amazon.com/images/I/41M4q-9slpL._SL160_.jpg",
        "detailPageURL": "https://www.amazon.com/dp/B06X6NLTJX",
        "rating": "4.5",
        "totalReviews": "624",
        "subtitle": "Clinique",
        "isPrimeEligible": "1"
    },
    {
        "ASIN": "B00KA5R3E6",
        "title": "CAILYN Cailyn Dizzolv'it Makeup Melt Cleansing Balm, 1.7 Oz",
        "price": "$24.00 ($14.12 / Ounce)",
        "listPrice": "",
        "imageUrl": "https://m.media-amazon.com/images/I/31-qAV2zMaL._SL160_.jpg",
        "detailPageURL": "https://www.amazon.com/dp/B00KA5R3E6",
        "rating": "4.8",
        "totalReviews": "121",
        "subtitle": "",
        "isPrimeEligible": "1"
    },
    {
        "ASIN": "B0BL8GVS91",
        "title": "Madeca Botanic Cleansing Balm (4.1fl oz) - Gentle Makeup Removal (Face Wash) for Women with Sensitive Skin by Dongkook. Green Veggie Complex, AHA & BHA, Moringa, Tea Tree.",
        "price": "$21.99 ($5.36 / Ounce)",
        "listPrice": "",
        "imageUrl": "https://m.media-amazon.com/images/I/4113fWyFbhL._SL160_.jpg",
        "detailPageURL": "https://www.amazon.com/dp/B0BL8GVS91",
        "rating": "4.7",
        "totalReviews": "52",
        "subtitle": "Madeca",
        "isPrimeEligible": "1"
    },
    {
        "ASIN": "B0C8X5YKZF",
        "title": "Burt's Bees Fermented Honey Facial Cleansing Balm, With Prebiotic and Postbiotic Blend, Contains Fermented Honey and Green Tea, Natural Origin Skin Care, 1 Tin, 3 oz.",
        "price": "$16.17 ($5.39 / Ounce)",
        "listPrice": "$18.99 ($6.33 / Ounce)",
        "imageUrl": "https://m.media-amazon.com/images/I/41HCzpRX5yL._SL160_.jpg",
        "detailPageURL": "https://www.amazon.com/dp/B0C8X5YKZF",
        "rating": "3.9",
        "totalReviews": "21",
        "subtitle": "Burt's Bees",
        "isPrimeEligible": "1"
    },
    {
        "ASIN": "B0BQHT413D",
        "title": "CLINIQUE Take The Day Off\u2122 Charcoal Cleansing Balm Makeup Remover 4.2 oz / 125 mL",
        "price": "$28.31",
        "listPrice": "$30.75",
        "imageUrl": "https://m.media-amazon.com/images/I/31D1owlnzRL._SL160_.jpg",
        "detailPageURL": "https://www.amazon.com/dp/B0BQHT413D",
        "rating": "5.0",
        "totalReviews": "1",
        "subtitle": "Clinique",
        "isPrimeEligible": "1"
    },
    {
        "ASIN": "B07Y2HQ5RS",
        "title": "Eminence Organic Skincare Wildflower Cleansing Balm, 4 Fl Oz",
        "price": "$41.94 ($10.48 / Fl Oz)",
        "listPrice": "",
        "imageUrl": "https://m.media-amazon.com/images/I/31jRHMdoijL._SL160_.jpg",
        "detailPageURL": "https://www.amazon.com/dp/B07Y2HQ5RS",
        "rating": "4.3",
        "totalReviews": "23",
        "subtitle": "Eminence",
        "isPrimeEligible": "1"
    },
    {
        "ASIN": "B08543B63M",
        "title": "Hanskin BHA Pore Cleansing Oil and PHA Cleansing Balm, Sample Trial Size, Travel Size Mini Makeup Remover Set, Gentle Blackhead Cleanser for Combination and Oily Skin [30 ml/Pack of 2] + [8g/PHA Balm]",
        "price": "$11.99 ($5.19 / Fl Oz)",
        "listPrice": "",
        "imageUrl": "https://m.media-amazon.com/images/I/41ZwIH0UKGL._SL160_.jpg",
        "detailPageURL": "https://www.amazon.com/dp/B08543B63M",
        "rating": "4.4",
        "totalReviews": "645",
        "subtitle": "Hanskin",
        "isPrimeEligible": "1"
    },
    {
        "ASIN": "B0BJVP4Y2X",
        "title": "BANILA CO Clean it Zero Mandarin-C Cleansing Balm Brightening",
        "price": "$24.00 ($7.10 / Ounce)",
        "listPrice": "",
        "imageUrl": "https://m.media-amazon.com/images/I/213WUOko6HL._SL160_.jpg",
        "detailPageURL": "https://www.amazon.com/dp/B0BJVP4Y2X",
        "rating": "4.6",
        "totalReviews": "67",
        "subtitle": "BANILA CO",
        "isPrimeEligible": "1"
    },
    {
        "ASIN": "B0BX1MXD36",
        "title": "numbuzin No.3 Pore & Makeup Cleansing Balm with Green Tea and Charcoal | Quick & Easy Cleansing, Reduces Blackheads, No Fragrance, 2.99 oz",
        "price": "$19.90 ($6.66 / Ounce)",
        "listPrice": "",
        "imageUrl": "https://m.media-amazon.com/images/I/31bWnQvu7jL._SL160_.jpg",
        "detailPageURL": "https://www.amazon.com/dp/B0BX1MXD36",
        "rating": "4.3",
        "totalReviews": "102",
        "subtitle": "numbuzin",
        "isPrimeEligible": "1"
    },
    {
        "ASIN": "B06X6NLTJX",
        "title": "Clinique Take the Day Off Cleansing Balm .5 oz Makeup Remover",
        "price": "$6.90 ($13.80 / Ounce)",
        "listPrice": "$9.92 ($19.84 / Ounce)",
        "imageUrl": "https://m.media-amazon.com/images/I/41M4q-9slpL._SL160_.jpg",
        "detailPageURL": "https://www.amazon.com/dp/B06X6NLTJX",
        "rating": "4.5",
        "totalReviews": "624",
        "subtitle": "Clinique",
        "isPrimeEligible": "1"
    },
    {
        "ASIN": "B00KA5R3E6",
        "title": "CAILYN Cailyn Dizzolv'it Makeup Melt Cleansing Balm, 1.7 Oz",
        "price": "$24.00 ($14.12 / Ounce)",
        "listPrice": "",
        "imageUrl": "https://m.media-amazon.com/images/I/31-qAV2zMaL._SL160_.jpg",
        "detailPageURL": "https://www.amazon.com/dp/B00KA5R3E6",
        "rating": "4.8",
        "totalReviews": "121",
        "subtitle": "",
        "isPrimeEligible": "1"
    },
    {
        "ASIN": "B0BL8GVS91",
        "title": "Madeca Botanic Cleansing Balm (4.1fl oz) - Gentle Makeup Removal (Face Wash) for Women with Sensitive Skin by Dongkook. Green Veggie Complex, AHA & BHA, Moringa, Tea Tree.",
        "price": "$21.99 ($5.36 / Ounce)",
        "listPrice": "",
        "imageUrl": "https://m.media-amazon.com/images/I/4113fWyFbhL._SL160_.jpg",
        "detailPageURL": "https://www.amazon.com/dp/B0BL8GVS91",
        "rating": "4.7",
        "totalReviews": "52",
        "subtitle": "Madeca",
        "isPrimeEligible": "1"
    },
    {
        "ASIN": "B0C8X5YKZF",
        "title": "Burt's Bees Fermented Honey Facial Cleansing Balm, With Prebiotic and Postbiotic Blend, Contains Fermented Honey and Green Tea, Natural Origin Skin Care, 1 Tin, 3 oz.",
        "price": "$16.17 ($5.39 / Ounce)",
        "listPrice": "$18.99 ($6.33 / Ounce)",
        "imageUrl": "https://m.media-amazon.com/images/I/41HCzpRX5yL._SL160_.jpg",
        "detailPageURL": "https://www.amazon.com/dp/B0C8X5YKZF",
        "rating": "3.9",
        "totalReviews": "21",
        "subtitle": "Burt's Bees",
        "isPrimeEligible": "1"
    },
    {
        "ASIN": "B0BQHT413D",
        "title": "CLINIQUE Take The Day Off\u2122 Charcoal Cleansing Balm Makeup Remover 4.2 oz / 125 mL",
        "price": "$28.31",
        "listPrice": "$30.75",
        "imageUrl": "https://m.media-amazon.com/images/I/31D1owlnzRL._SL160_.jpg",
        "detailPageURL": "https://www.amazon.com/dp/B0BQHT413D",
        "rating": "5.0",
        "totalReviews": "1",
        "subtitle": "Clinique",
        "isPrimeEligible": "1"
    },
    {
        "ASIN": "B07Y2HQ5RS",
        "title": "Eminence Organic Skincare Wildflower Cleansing Balm, 4 Fl Oz",
        "price": "$41.94 ($10.48 / Fl Oz)",
        "listPrice": "",
        "imageUrl": "https://m.media-amazon.com/images/I/31jRHMdoijL._SL160_.jpg",
        "detailPageURL": "https://www.amazon.com/dp/B07Y2HQ5RS",
        "rating": "4.3",
        "totalReviews": "23",
        "subtitle": "Eminence",
        "isPrimeEligible": "1"
    },
    {
        "ASIN": "B09GF23JSY",
        "title": "True Botanicals - Natural Ginger Turmeric Cleansing Balm | Clean, Non-Toxic, Natural Skincare (3.4 oz | 100 ml)",
        "price": "$48.00 ($14.12 / Ounce)",
        "listPrice": "",
        "imageUrl": "https://m.media-amazon.com/images/I/31tJnjjiAoL._SL160_.jpg",
        "detailPageURL": "https://www.amazon.com/dp/B09GF23JSY",
        "rating": "4.4",
        "totalReviews": "87",
        "subtitle": "True Botanicals",
        "isPrimeEligible": "1"
    },
    {
        "ASIN": "B0BJVP4Y2X",
        "title": "BANILA CO Clean it Zero Mandarin-C Cleansing Balm Brightening",
        "price": "$24.00 ($7.10 / Ounce)",
        "listPrice": "",
        "imageUrl": "https://m.media-amazon.com/images/I/213WUOko6HL._SL160_.jpg",
        "detailPageURL": "https://www.amazon.com/dp/B0BJVP4Y2X",
        "rating": "4.6",
        "totalReviews": "67",
        "subtitle": "BANILA CO",
        "isPrimeEligible": "1"
    },
    {
        "ASIN": "B0BX1MXD36",
        "title": "numbuzin No.3 Pore & Makeup Cleansing Balm with Green Tea and Charcoal | Quick & Easy Cleansing, Reduces Blackheads, No Fragrance, 2.99 oz",
        "price": "$19.90 ($6.66 / Ounce)",
        "listPrice": "",
        "imageUrl": "https://m.media-amazon.com/images/I/31bWnQvu7jL._SL160_.jpg",
        "detailPageURL": "https://www.amazon.com/dp/B0BX1MXD36",
        "rating": "4.3",
        "totalReviews": "102",
        "subtitle": "numbuzin",
        "isPrimeEligible": "1"
    },
    {
        "ASIN": "B06X6NLTJX",
        "title": "Clinique Take the Day Off Cleansing Balm .5 oz Makeup Remover",
        "price": "$6.90 ($13.80 / Ounce)",
        "listPrice": "$9.92 ($19.84 / Ounce)",
        "imageUrl": "https://m.media-amazon.com/images/I/41M4q-9slpL._SL160_.jpg",
        "detailPageURL": "https://www.amazon.com/dp/B06X6NLTJX",
        "rating": "4.5",
        "totalReviews": "624",
        "subtitle": "Clinique",
        "isPrimeEligible": "1"
    },
    {
        "ASIN": "B00KA5R3E6",
        "title": "CAILYN Cailyn Dizzolv'it Makeup Melt Cleansing Balm, 1.7 Oz",
        "price": "$24.00 ($14.12 / Ounce)",
        "listPrice": "",
        "imageUrl": "https://m.media-amazon.com/images/I/31-qAV2zMaL._SL160_.jpg",
        "detailPageURL": "https://www.amazon.com/dp/B00KA5R3E6",
        "rating": "4.8",
        "totalReviews": "121",
        "subtitle": "",
        "isPrimeEligible": "1"
    },
    {
        "ASIN": "B0BL8GVS91",
        "title": "Madeca Botanic Cleansing Balm (4.1fl oz) - Gentle Makeup Removal (Face Wash) for Women with Sensitive Skin by Dongkook. Green Veggie Complex, AHA & BHA, Moringa, Tea Tree.",
        "price": "$21.99 ($5.36 / Ounce)",
        "listPrice": "",
        "imageUrl": "https://m.media-amazon.com/images/I/4113fWyFbhL._SL160_.jpg",
        "detailPageURL": "https://www.amazon.com/dp/B0BL8GVS91",
        "rating": "4.7",
        "totalReviews": "52",
        "subtitle": "Madeca",
        "isPrimeEligible": "1"
    },
    {
        "ASIN": "B0C8X5YKZF",
        "title": "Burt's Bees Fermented Honey Facial Cleansing Balm, With Prebiotic and Postbiotic Blend, Contains Fermented Honey and Green Tea, Natural Origin Skin Care, 1 Tin, 3 oz.",
        "price": "$16.17 ($5.39 / Ounce)",
        "listPrice": "$18.99 ($6.33 / Ounce)",
        "imageUrl": "https://m.media-amazon.com/images/I/41HCzpRX5yL._SL160_.jpg",
        "detailPageURL": "https://www.amazon.com/dp/B0C8X5YKZF",
        "rating": "3.9",
        "totalReviews": "21",
        "subtitle": "Burt's Bees",
        "isPrimeEligible": "1"
    },
    {
        "ASIN": "B0BQHT413D",
        "title": "CLINIQUE Take The Day Off\u2122 Charcoal Cleansing Balm Makeup Remover 4.2 oz / 125 mL",
        "price": "$28.31",
        "listPrice": "$30.75",
        "imageUrl": "https://m.media-amazon.com/images/I/31D1owlnzRL._SL160_.jpg",
        "detailPageURL": "https://www.amazon.com/dp/B0BQHT413D",
        "rating": "5.0",
        "totalReviews": "1",
        "subtitle": "Clinique",
        "isPrimeEligible": "1"
    },
    {
        "ASIN": "B07Y2HQ5RS",
        "title": "Eminence Organic Skincare Wildflower Cleansing Balm, 4 Fl Oz",
        "price": "$41.94 ($10.48 / Fl Oz)",
        "listPrice": "",
        "imageUrl": "https://m.media-amazon.com/images/I/31jRHMdoijL._SL160_.jpg",
        "detailPageURL": "https://www.amazon.com/dp/B07Y2HQ5RS",
        "rating": "4.3",
        "totalReviews": "23",
        "subtitle": "Eminence",
        "isPrimeEligible": "1"
    },
    {
        "ASIN": "B09GF23JSY",
        "title": "True Botanicals - Natural Ginger Turmeric Cleansing Balm | Clean, Non-Toxic, Natural Skincare (3.4 oz | 100 ml)",
        "price": "$48.00 ($14.12 / Ounce)",
        "listPrice": "",
        "imageUrl": "https://m.media-amazon.com/images/I/31tJnjjiAoL._SL160_.jpg",
        "detailPageURL": "https://www.amazon.com/dp/B09GF23JSY",
        "rating": "4.4",
        "totalReviews": "87",
        "subtitle": "True Botanicals",
        "isPrimeEligible": "1"
    },
    {
        "ASIN": "B09QKM7JWV",
        "title": "[SKIN&LAB] Porebarrier Face Cleansing Balm | Vegan Makeup Remover for Waterproof Makeup | Balm to Oil to Milk | Gentle for Eyelash Extensions | Made in Korea | 3.38 Fl Oz",
        "price": "$20.00 ($5.92 / Ounce)",
        "listPrice": "",
        "imageUrl": "https://m.media-amazon.com/images/I/31zstOvKNWL._SL160_.jpg",
        "detailPageURL": "https://www.amazon.com/dp/B09QKM7JWV",
        "rating": "4.5",
        "totalReviews": "181",
        "subtitle": "SKIN & LAB SKIN SCIENCE SOLUTION",
        "isPrimeEligible": "1"
    },
    {
        "ASIN": "B0BX1MXD36",
        "title": "numbuzin No.3 Pore & Makeup Cleansing Balm with Green Tea and Charcoal | Quick & Easy Cleansing, Reduces Blackheads, No Fragrance, 2.99 oz",
        "price": "$19.90 ($6.66 / Ounce)",
        "listPrice": "",
        "imageUrl": "https://m.media-amazon.com/images/I/31bWnQvu7jL._SL160_.jpg",
        "detailPageURL": "https://www.amazon.com/dp/B0BX1MXD36",
        "rating": "4.3",
        "totalReviews": "102",
        "subtitle": "numbuzin",
        "isPrimeEligible": "1"
    },
    {
        "ASIN": "B06X6NLTJX",
        "title": "Clinique Take the Day Off Cleansing Balm .5 oz Makeup Remover",
        "price": "$6.90 ($13.80 / Ounce)",
        "listPrice": "$9.92 ($19.84 / Ounce)",
        "imageUrl": "https://m.media-amazon.com/images/I/41M4q-9slpL._SL160_.jpg",
        "detailPageURL": "https://www.amazon.com/dp/B06X6NLTJX",
        "rating": "4.5",
        "totalReviews": "624",
        "subtitle": "Clinique",
        "isPrimeEligible": "1"
    },
    {
        "ASIN": "B00KA5R3E6",
        "title": "CAILYN Cailyn Dizzolv'it Makeup Melt Cleansing Balm, 1.7 Oz",
        "price": "$24.00 ($14.12 / Ounce)",
        "listPrice": "",
        "imageUrl": "https://m.media-amazon.com/images/I/31-qAV2zMaL._SL160_.jpg",
        "detailPageURL": "https://www.amazon.com/dp/B00KA5R3E6",
        "rating": "4.8",
        "totalReviews": "121",
        "subtitle": "",
        "isPrimeEligible": "1"
    },
    {
        "ASIN": "B0BL8GVS91",
        "title": "Madeca Botanic Cleansing Balm (4.1fl oz) - Gentle Makeup Removal (Face Wash) for Women with Sensitive Skin by Dongkook. Green Veggie Complex, AHA & BHA, Moringa, Tea Tree.",
        "price": "$21.99 ($5.36 / Ounce)",
        "listPrice": "",
        "imageUrl": "https://m.media-amazon.com/images/I/4113fWyFbhL._SL160_.jpg",
        "detailPageURL": "https://www.amazon.com/dp/B0BL8GVS91",
        "rating": "4.7",
        "totalReviews": "52",
        "subtitle": "Madeca",
        "isPrimeEligible": "1"
    },
    {
        "ASIN": "B0C8X5YKZF",
        "title": "Burt's Bees Fermented Honey Facial Cleansing Balm, With Prebiotic and Postbiotic Blend, Contains Fermented Honey and Green Tea, Natural Origin Skin Care, 1 Tin, 3 oz.",
        "price": "$16.17 ($5.39 / Ounce)",
        "listPrice": "$18.99 ($6.33 / Ounce)",
        "imageUrl": "https://m.media-amazon.com/images/I/41HCzpRX5yL._SL160_.jpg",
        "detailPageURL": "https://www.amazon.com/dp/B0C8X5YKZF",
        "rating": "3.9",
        "totalReviews": "21",
        "subtitle": "Burt's Bees",
        "isPrimeEligible": "1"
    },
    {
        "ASIN": "B0BQHT413D",
        "title": "CLINIQUE Take The Day Off\u2122 Charcoal Cleansing Balm Makeup Remover 4.2 oz / 125 mL",
        "price": "$28.31",
        "listPrice": "$30.75",
        "imageUrl": "https://m.media-amazon.com/images/I/31D1owlnzRL._SL160_.jpg",
        "detailPageURL": "https://www.amazon.com/dp/B0BQHT413D",
        "rating": "5.0",
        "totalReviews": "1",
        "subtitle": "Clinique",
        "isPrimeEligible": "1"
    },
    {
        "ASIN": "B07Y2HQ5RS",
        "title": "Eminence Organic Skincare Wildflower Cleansing Balm, 4 Fl Oz",
        "price": "$41.94 ($10.48 / Fl Oz)",
        "listPrice": "",
        "imageUrl": "https://m.media-amazon.com/images/I/31jRHMdoijL._SL160_.jpg",
        "detailPageURL": "https://www.amazon.com/dp/B07Y2HQ5RS",
        "rating": "4.3",
        "totalReviews": "23",
        "subtitle": "Eminence",
        "isPrimeEligible": "1"
    },
    {
        "ASIN": "B09GF23JSY",
        "title": "True Botanicals - Natural Ginger Turmeric Cleansing Balm | Clean, Non-Toxic, Natural Skincare (3.4 oz | 100 ml)",
        "price": "$48.00 ($14.12 / Ounce)",
        "listPrice": "",
        "imageUrl": "https://m.media-amazon.com/images/I/31tJnjjiAoL._SL160_.jpg",
        "detailPageURL": "https://www.amazon.com/dp/B09GF23JSY",
        "rating": "4.4",
        "totalReviews": "87",
        "subtitle": "True Botanicals",
        "isPrimeEligible": "1"
    },
    {
        "ASIN": "B09QKM7JWV",
        "title": "[SKIN&LAB] Porebarrier Face Cleansing Balm | Vegan Makeup Remover for Waterproof Makeup | Balm to Oil to Milk | Gentle for Eyelash Extensions | Made in Korea | 3.38 Fl Oz",
        "price": "$20.00 ($5.92 / Ounce)",
        "listPrice": "",
        "imageUrl": "https://m.media-amazon.com/images/I/31zstOvKNWL._SL160_.jpg",
        "detailPageURL": "https://www.amazon.com/dp/B09QKM7JWV",
        "rating": "4.5",
        "totalReviews": "181",
        "subtitle": "SKIN & LAB SKIN SCIENCE SOLUTION",
        "isPrimeEligible": "1"
    },
    {
        "ASIN": "B001IIM5TC",
        "title": "EVE LOM The Original Balm Cleanser | Facial cleansing balm that provides a deep cleanse, removes waterproof make-up, tones, and gentle exfoliates to enable skin cell regeneration - 100 ml",
        "price": "$42.30 ($42.30 / Count)",
        "listPrice": "$45.90 ($45.90 / Count)",
        "imageUrl": "https://m.media-amazon.com/images/I/31X1m+faWQL._SL160_.jpg",
        "detailPageURL": "https://www.amazon.com/dp/B001IIM5TC",
        "rating": "4.3",
        "totalReviews": "401",
        "subtitle": "",
        "isPrimeEligible": "1"
    },
    {
        "ASIN": "B06X6NLTJX",
        "title": "Clinique Take the Day Off Cleansing Balm .5 oz Makeup Remover",
        "price": "$6.90 ($13.80 / Ounce)",
        "listPrice": "$9.92 ($19.84 / Ounce)",
        "imageUrl": "https://m.media-amazon.com/images/I/41M4q-9slpL._SL160_.jpg",
        "detailPageURL": "https://www.amazon.com/dp/B06X6NLTJX",
        "rating": "4.5",
        "totalReviews": "624",
        "subtitle": "Clinique",
        "isPrimeEligible": "1"
    },
    {
        "ASIN": "B00KA5R3E6",
        "title": "CAILYN Cailyn Dizzolv'it Makeup Melt Cleansing Balm, 1.7 Oz",
        "price": "$24.00 ($14.12 / Ounce)",
        "listPrice": "",
        "imageUrl": "https://m.media-amazon.com/images/I/31-qAV2zMaL._SL160_.jpg",
        "detailPageURL": "https://www.amazon.com/dp/B00KA5R3E6",
        "rating": "4.8",
        "totalReviews": "121",
        "subtitle": "",
        "isPrimeEligible": "1"
    },
    {
        "ASIN": "B0BL8GVS91",
        "title": "Madeca Botanic Cleansing Balm (4.1fl oz) - Gentle Makeup Removal (Face Wash) for Women with Sensitive Skin by Dongkook. Green Veggie Complex, AHA & BHA, Moringa, Tea Tree.",
        "price": "$21.99 ($5.36 / Ounce)",
        "listPrice": "",
        "imageUrl": "https://m.media-amazon.com/images/I/4113fWyFbhL._SL160_.jpg",
        "detailPageURL": "https://www.amazon.com/dp/B0BL8GVS91",
        "rating": "4.7",
        "totalReviews": "52",
        "subtitle": "Madeca",
        "isPrimeEligible": "1"
    },
    {
        "ASIN": "B0C8X5YKZF",
        "title": "Burt's Bees Fermented Honey Facial Cleansing Balm, With Prebiotic and Postbiotic Blend, Contains Fermented Honey and Green Tea, Natural Origin Skin Care, 1 Tin, 3 oz.",
        "price": "$16.17 ($5.39 / Ounce)",
        "listPrice": "$18.99 ($6.33 / Ounce)",
        "imageUrl": "https://m.media-amazon.com/images/I/41HCzpRX5yL._SL160_.jpg",
        "detailPageURL": "https://www.amazon.com/dp/B0C8X5YKZF",
        "rating": "3.9",
        "totalReviews": "21",
        "subtitle": "Burt's Bees",
        "isPrimeEligible": "1"
    },
    {
        "ASIN": "B0BQHT413D",
        "title": "CLINIQUE Take The Day Off\u2122 Charcoal Cleansing Balm Makeup Remover 4.2 oz / 125 mL",
        "price": "$28.31",
        "listPrice": "$30.75",
        "imageUrl": "https://m.media-amazon.com/images/I/31D1owlnzRL._SL160_.jpg",
        "detailPageURL": "https://www.amazon.com/dp/B0BQHT413D",
        "rating": "5.0",
        "totalReviews": "1",
        "subtitle": "Clinique",
        "isPrimeEligible": "1"
    },
    {
        "ASIN": "B07Y2HQ5RS",
        "title": "Eminence Organic Skincare Wildflower Cleansing Balm, 4 Fl Oz",
        "price": "$41.94 ($10.48 / Fl Oz)",
        "listPrice": "",
        "imageUrl": "https://m.media-amazon.com/images/I/31jRHMdoijL._SL160_.jpg",
        "detailPageURL": "https://www.amazon.com/dp/B07Y2HQ5RS",
        "rating": "4.3",
        "totalReviews": "23",
        "subtitle": "Eminence",
        "isPrimeEligible": "1"
    },
    {
        "ASIN": "B09GF23JSY",
        "title": "True Botanicals - Natural Ginger Turmeric Cleansing Balm | Clean, Non-Toxic, Natural Skincare (3.4 oz | 100 ml)",
        "price": "$48.00 ($14.12 / Ounce)",
        "listPrice": "",
        "imageUrl": "https://m.media-amazon.com/images/I/31tJnjjiAoL._SL160_.jpg",
        "detailPageURL": "https://www.amazon.com/dp/B09GF23JSY",
        "rating": "4.4",
        "totalReviews": "87",
        "subtitle": "True Botanicals",
        "isPrimeEligible": "1"
    },
    {
        "ASIN": "B09QKM7JWV",
        "title": "[SKIN&LAB] Porebarrier Face Cleansing Balm | Vegan Makeup Remover for Waterproof Makeup | Balm to Oil to Milk | Gentle for Eyelash Extensions | Made in Korea | 3.38 Fl Oz",
        "price": "$20.00 ($5.92 / Ounce)",
        "listPrice": "",
        "imageUrl": "https://m.media-amazon.com/images/I/31zstOvKNWL._SL160_.jpg",
        "detailPageURL": "https://www.amazon.com/dp/B09QKM7JWV",
        "rating": "4.5",
        "totalReviews": "181",
        "subtitle": "SKIN & LAB SKIN SCIENCE SOLUTION",
        "isPrimeEligible": "1"
    },
    {
        "ASIN": "B001IIM5TC",
        "title": "EVE LOM The Original Balm Cleanser | Facial cleansing balm that provides a deep cleanse, removes waterproof make-up, tones, and gentle exfoliates to enable skin cell regeneration - 100 ml",
        "price": "$42.30 ($42.30 / Count)",
        "listPrice": "$45.90 ($45.90 / Count)",
        "imageUrl": "https://m.media-amazon.com/images/I/31X1m+faWQL._SL160_.jpg",
        "detailPageURL": "https://www.amazon.com/dp/B001IIM5TC",
        "rating": "4.3",
        "totalReviews": "401",
        "subtitle": "",
        "isPrimeEligible": "1"
    },
    {
        "ASIN": "B0BTYFF8S1",
        "title": "Easilydays Makeup Cleansing Stick, Face Makeup Remover Creams Nourishing Cleansing Balm, 2 in-1 Cleansing & nourishing Makeup Remover Stick, Balm To Oil Nourishes Skin for Face, Eye and Lip, Gentle and Soothing Facial Skin",
        "price": "$6.99 ($28.31 / Ounce)",
        "listPrice": "",
        "imageUrl": "https://m.media-amazon.com/images/I/41qojrI+WSL._SL160_.jpg",
        "detailPageURL": "https://www.amazon.com/dp/B0BTYFF8S1",
        "rating": "3.3",
        "totalReviews": "6",
        "subtitle": "Easilydays",
        "isPrimeEligible": "1"
    },
    {
        "ASIN": "B00KA5R3E6",
        "title": "CAILYN Cailyn Dizzolv'it Makeup Melt Cleansing Balm, 1.7 Oz",
        "price": "$24.00 ($14.12 / Ounce)",
        "listPrice": "",
        "imageUrl": "https://m.media-amazon.com/images/I/31-qAV2zMaL._SL160_.jpg",
        "detailPageURL": "https://www.amazon.com/dp/B00KA5R3E6",
        "rating": "4.8",
        "totalReviews": "121",
        "subtitle": "",
        "isPrimeEligible": "1"
    },
    {
        "ASIN": "B0BL8GVS91",
        "title": "Madeca Botanic Cleansing Balm (4.1fl oz) - Gentle Makeup Removal (Face Wash) for Women with Sensitive Skin by Dongkook. Green Veggie Complex, AHA & BHA, Moringa, Tea Tree.",
        "price": "$21.99 ($5.36 / Ounce)",
        "listPrice": "",
        "imageUrl": "https://m.media-amazon.com/images/I/4113fWyFbhL._SL160_.jpg",
        "detailPageURL": "https://www.amazon.com/dp/B0BL8GVS91",
        "rating": "4.7",
        "totalReviews": "52",
        "subtitle": "Madeca",
        "isPrimeEligible": "1"
    },
    {
        "ASIN": "B0C8X5YKZF",
        "title": "Burt's Bees Fermented Honey Facial Cleansing Balm, With Prebiotic and Postbiotic Blend, Contains Fermented Honey and Green Tea, Natural Origin Skin Care, 1 Tin, 3 oz.",
        "price": "$16.17 ($5.39 / Ounce)",
        "listPrice": "$18.99 ($6.33 / Ounce)",
        "imageUrl": "https://m.media-amazon.com/images/I/41HCzpRX5yL._SL160_.jpg",
        "detailPageURL": "https://www.amazon.com/dp/B0C8X5YKZF",
        "rating": "3.9",
        "totalReviews": "21",
        "subtitle": "Burt's Bees",
        "isPrimeEligible": "1"
    },
    {
        "ASIN": "B0BQHT413D",
        "title": "CLINIQUE Take The Day Off\u2122 Charcoal Cleansing Balm Makeup Remover 4.2 oz / 125 mL",
        "price": "$28.31",
        "listPrice": "$30.75",
        "imageUrl": "https://m.media-amazon.com/images/I/31D1owlnzRL._SL160_.jpg",
        "detailPageURL": "https://www.amazon.com/dp/B0BQHT413D",
        "rating": "5.0",
        "totalReviews": "1",
        "subtitle": "Clinique",
        "isPrimeEligible": "1"
    },
    {
        "ASIN": "B07Y2HQ5RS",
        "title": "Eminence Organic Skincare Wildflower Cleansing Balm, 4 Fl Oz",
        "price": "$41.94 ($10.48 / Fl Oz)",
        "listPrice": "",
        "imageUrl": "https://m.media-amazon.com/images/I/31jRHMdoijL._SL160_.jpg",
        "detailPageURL": "https://www.amazon.com/dp/B07Y2HQ5RS",
        "rating": "4.3",
        "totalReviews": "23",
        "subtitle": "Eminence",
        "isPrimeEligible": "1"
    },
    {
        "ASIN": "B09GF23JSY",
        "title": "True Botanicals - Natural Ginger Turmeric Cleansing Balm | Clean, Non-Toxic, Natural Skincare (3.4 oz | 100 ml)",
        "price": "$48.00 ($14.12 / Ounce)",
        "listPrice": "",
        "imageUrl": "https://m.media-amazon.com/images/I/31tJnjjiAoL._SL160_.jpg",
        "detailPageURL": "https://www.amazon.com/dp/B09GF23JSY",
        "rating": "4.4",
        "totalReviews": "87",
        "subtitle": "True Botanicals",
        "isPrimeEligible": "1"
    },
    {
        "ASIN": "B09QKM7JWV",
        "title": "[SKIN&LAB] Porebarrier Face Cleansing Balm | Vegan Makeup Remover for Waterproof Makeup | Balm to Oil to Milk | Gentle for Eyelash Extensions | Made in Korea | 3.38 Fl Oz",
        "price": "$20.00 ($5.92 / Ounce)",
        "listPrice": "",
        "imageUrl": "https://m.media-amazon.com/images/I/31zstOvKNWL._SL160_.jpg",
        "detailPageURL": "https://www.amazon.com/dp/B09QKM7JWV",
        "rating": "4.5",
        "totalReviews": "181",
        "subtitle": "SKIN & LAB SKIN SCIENCE SOLUTION",
        "isPrimeEligible": "1"
    },
    {
        "ASIN": "B001IIM5TC",
        "title": "EVE LOM The Original Balm Cleanser | Facial cleansing balm that provides a deep cleanse, removes waterproof make-up, tones, and gentle exfoliates to enable skin cell regeneration - 100 ml",
        "price": "$42.30 ($42.30 / Count)",
        "listPrice": "$45.90 ($45.90 / Count)",
        "imageUrl": "https://m.media-amazon.com/images/I/31X1m+faWQL._SL160_.jpg",
        "detailPageURL": "https://www.amazon.com/dp/B001IIM5TC",
        "rating": "4.3",
        "totalReviews": "401",
        "subtitle": "",
        "isPrimeEligible": "1"
    },
    {
        "ASIN": "B0BTYFF8S1",
        "title": "Easilydays Makeup Cleansing Stick, Face Makeup Remover Creams Nourishing Cleansing Balm, 2 in-1 Cleansing & nourishing Makeup Remover Stick, Balm To Oil Nourishes Skin for Face, Eye and Lip, Gentle and Soothing Facial Skin",
        "price": "$6.99 ($28.31 / Ounce)",
        "listPrice": "",
        "imageUrl": "https://m.media-amazon.com/images/I/41qojrI+WSL._SL160_.jpg",
        "detailPageURL": "https://www.amazon.com/dp/B0BTYFF8S1",
        "rating": "3.3",
        "totalReviews": "6",
        "subtitle": "Easilydays",
        "isPrimeEligible": "1"
    },
    {
        "ASIN": "B0B3JZZC23",
        "title": "Dr. Hauschka Cleansing Balm, 2.5 Fl. Oz.",
        "price": "$24.00 ($9.60 / Fl Oz)",
        "listPrice": "",
        "imageUrl": "https://m.media-amazon.com/images/I/21DH8RqqvTL._SL160_.jpg",
        "detailPageURL": "https://www.amazon.com/dp/B0B3JZZC23",
        "rating": "4.5",
        "totalReviews": "2",
        "subtitle": "Dr. Hauschka",
        "isPrimeEligible": "1"
    },
    {
        "ASIN": "B0BL8GVS91",
        "title": "Madeca Botanic Cleansing Balm (4.1fl oz) - Gentle Makeup Removal (Face Wash) for Women with Sensitive Skin by Dongkook. Green Veggie Complex, AHA & BHA, Moringa, Tea Tree.",
        "price": "$21.99 ($5.36 / Ounce)",
        "listPrice": "",
        "imageUrl": "https://m.media-amazon.com/images/I/4113fWyFbhL._SL160_.jpg",
        "detailPageURL": "https://www.amazon.com/dp/B0BL8GVS91",
        "rating": "4.7",
        "totalReviews": "52",
        "subtitle": "Madeca",
        "isPrimeEligible": "1"
    },
    {
        "ASIN": "B0C8X5YKZF",
        "title": "Burt's Bees Fermented Honey Facial Cleansing Balm, With Prebiotic and Postbiotic Blend, Contains Fermented Honey and Green Tea, Natural Origin Skin Care, 1 Tin, 3 oz.",
        "price": "$16.17 ($5.39 / Ounce)",
        "listPrice": "$18.99 ($6.33 / Ounce)",
        "imageUrl": "https://m.media-amazon.com/images/I/41HCzpRX5yL._SL160_.jpg",
        "detailPageURL": "https://www.amazon.com/dp/B0C8X5YKZF",
        "rating": "3.9",
        "totalReviews": "21",
        "subtitle": "Burt's Bees",
        "isPrimeEligible": "1"
    },
    {
        "ASIN": "B0BQHT413D",
        "title": "CLINIQUE Take The Day Off\u2122 Charcoal Cleansing Balm Makeup Remover 4.2 oz / 125 mL",
        "price": "$28.31",
        "listPrice": "$30.75",
        "imageUrl": "https://m.media-amazon.com/images/I/31D1owlnzRL._SL160_.jpg",
        "detailPageURL": "https://www.amazon.com/dp/B0BQHT413D",
        "rating": "5.0",
        "totalReviews": "1",
        "subtitle": "Clinique",
        "isPrimeEligible": "1"
    },
    {
        "ASIN": "B07Y2HQ5RS",
        "title": "Eminence Organic Skincare Wildflower Cleansing Balm, 4 Fl Oz",
        "price": "$41.94 ($10.48 / Fl Oz)",
        "listPrice": "",
        "imageUrl": "https://m.media-amazon.com/images/I/31jRHMdoijL._SL160_.jpg",
        "detailPageURL": "https://www.amazon.com/dp/B07Y2HQ5RS",
        "rating": "4.3",
        "totalReviews": "23",
        "subtitle": "Eminence",
        "isPrimeEligible": "1"
    },
    {
        "ASIN": "B09GF23JSY",
        "title": "True Botanicals - Natural Ginger Turmeric Cleansing Balm | Clean, Non-Toxic, Natural Skincare (3.4 oz | 100 ml)",
        "price": "$48.00 ($14.12 / Ounce)",
        "listPrice": "",
        "imageUrl": "https://m.media-amazon.com/images/I/31tJnjjiAoL._SL160_.jpg",
        "detailPageURL": "https://www.amazon.com/dp/B09GF23JSY",
        "rating": "4.4",
        "totalReviews": "87",
        "subtitle": "True Botanicals",
        "isPrimeEligible": "1"
    },
    {
        "ASIN": "B09QKM7JWV",
        "title": "[SKIN&LAB] Porebarrier Face Cleansing Balm | Vegan Makeup Remover for Waterproof Makeup | Balm to Oil to Milk | Gentle for Eyelash Extensions | Made in Korea | 3.38 Fl Oz",
        "price": "$20.00 ($5.92 / Ounce)",
        "listPrice": "",
        "imageUrl": "https://m.media-amazon.com/images/I/31zstOvKNWL._SL160_.jpg",
        "detailPageURL": "https://www.amazon.com/dp/B09QKM7JWV",
        "rating": "4.5",
        "totalReviews": "181",
        "subtitle": "SKIN & LAB SKIN SCIENCE SOLUTION",
        "isPrimeEligible": "1"
    },
    {
        "ASIN": "B001IIM5TC",
        "title": "EVE LOM The Original Balm Cleanser | Facial cleansing balm that provides a deep cleanse, removes waterproof make-up, tones, and gentle exfoliates to enable skin cell regeneration - 100 ml",
        "price": "$42.30 ($42.30 / Count)",
        "listPrice": "$45.90 ($45.90 / Count)",
        "imageUrl": "https://m.media-amazon.com/images/I/31X1m+faWQL._SL160_.jpg",
        "detailPageURL": "https://www.amazon.com/dp/B001IIM5TC",
        "rating": "4.3",
        "totalReviews": "401",
        "subtitle": "",
        "isPrimeEligible": "1"
    },
    {
        "ASIN": "B0BTYFF8S1",
        "title": "Easilydays Makeup Cleansing Stick, Face Makeup Remover Creams Nourishing Cleansing Balm, 2 in-1 Cleansing & nourishing Makeup Remover Stick, Balm To Oil Nourishes Skin for Face, Eye and Lip, Gentle and Soothing Facial Skin",
        "price": "$6.99 ($28.31 / Ounce)",
        "listPrice": "",
        "imageUrl": "https://m.media-amazon.com/images/I/41qojrI+WSL._SL160_.jpg",
        "detailPageURL": "https://www.amazon.com/dp/B0BTYFF8S1",
        "rating": "3.3",
        "totalReviews": "6",
        "subtitle": "Easilydays",
        "isPrimeEligible": "1"
    },
    {
        "ASIN": "B0B3JZZC23",
        "title": "Dr. Hauschka Cleansing Balm, 2.5 Fl. Oz.",
        "price": "$24.00 ($9.60 / Fl Oz)",
        "listPrice": "",
        "imageUrl": "https://m.media-amazon.com/images/I/21DH8RqqvTL._SL160_.jpg",
        "detailPageURL": "https://www.amazon.com/dp/B0B3JZZC23",
        "rating": "4.5",
        "totalReviews": "2",
        "subtitle": "Dr. Hauschka",
        "isPrimeEligible": "1"
    },
    {
        "ASIN": "B094B5KZ91",
        "title": "Naturium Camellia Creamy Cleansing Oil, Fermented Camellia Oil & Extract Plus Linoleic-Rich Oils, 3.5 oz",
        "price": "$19.99 ($5.71 / Ounce)",
        "listPrice": "",
        "imageUrl": "https://m.media-amazon.com/images/I/414ve1Rs9pS._SL160_.jpg",
        "detailPageURL": "https://www.amazon.com/dp/B094B5KZ91",
        "rating": "4.2",
        "totalReviews": "310",
        "subtitle": "Naturium",
        "isPrimeEligible": "1"
    },
    {
        "ASIN": "B0C8X5YKZF",
        "title": "Burt's Bees Fermented Honey Facial Cleansing Balm, With Prebiotic and Postbiotic Blend, Contains Fermented Honey and Green Tea, Natural Origin Skin Care, 1 Tin, 3 oz.",
        "price": "$16.17 ($5.39 / Ounce)",
        "listPrice": "$18.99 ($6.33 / Ounce)",
        "imageUrl": "https://m.media-amazon.com/images/I/41HCzpRX5yL._SL160_.jpg",
        "detailPageURL": "https://www.amazon.com/dp/B0C8X5YKZF",
        "rating": "3.9",
        "totalReviews": "21",
        "subtitle": "Burt's Bees",
        "isPrimeEligible": "1"
    },
    {
        "ASIN": "B0BQHT413D",
        "title": "CLINIQUE Take The Day Off\u2122 Charcoal Cleansing Balm Makeup Remover 4.2 oz / 125 mL",
        "price": "$28.31",
        "listPrice": "$30.75",
        "imageUrl": "https://m.media-amazon.com/images/I/31D1owlnzRL._SL160_.jpg",
        "detailPageURL": "https://www.amazon.com/dp/B0BQHT413D",
        "rating": "5.0",
        "totalReviews": "1",
        "subtitle": "Clinique",
        "isPrimeEligible": "1"
    },
    {
        "ASIN": "B07Y2HQ5RS",
        "title": "Eminence Organic Skincare Wildflower Cleansing Balm, 4 Fl Oz",
        "price": "$41.94 ($10.48 / Fl Oz)",
        "listPrice": "",
        "imageUrl": "https://m.media-amazon.com/images/I/31jRHMdoijL._SL160_.jpg",
        "detailPageURL": "https://www.amazon.com/dp/B07Y2HQ5RS",
        "rating": "4.3",
        "totalReviews": "23",
        "subtitle": "Eminence",
        "isPrimeEligible": "1"
    },
    {
        "ASIN": "B09GF23JSY",
        "title": "True Botanicals - Natural Ginger Turmeric Cleansing Balm | Clean, Non-Toxic, Natural Skincare (3.4 oz | 100 ml)",
        "price": "$48.00 ($14.12 / Ounce)",
        "listPrice": "",
        "imageUrl": "https://m.media-amazon.com/images/I/31tJnjjiAoL._SL160_.jpg",
        "detailPageURL": "https://www.amazon.com/dp/B09GF23JSY",
        "rating": "4.4",
        "totalReviews": "87",
        "subtitle": "True Botanicals",
        "isPrimeEligible": "1"
    },
    {
        "ASIN": "B09QKM7JWV",
        "title": "[SKIN&LAB] Porebarrier Face Cleansing Balm | Vegan Makeup Remover for Waterproof Makeup | Balm to Oil to Milk | Gentle for Eyelash Extensions | Made in Korea | 3.38 Fl Oz",
        "price": "$20.00 ($5.92 / Ounce)",
        "listPrice": "",
        "imageUrl": "https://m.media-amazon.com/images/I/31zstOvKNWL._SL160_.jpg",
        "detailPageURL": "https://www.amazon.com/dp/B09QKM7JWV",
        "rating": "4.5",
        "totalReviews": "181",
        "subtitle": "SKIN & LAB SKIN SCIENCE SOLUTION",
        "isPrimeEligible": "1"
    },
    {
        "ASIN": "B001IIM5TC",
        "title": "EVE LOM The Original Balm Cleanser | Facial cleansing balm that provides a deep cleanse, removes waterproof make-up, tones, and gentle exfoliates to enable skin cell regeneration - 100 ml",
        "price": "$42.30 ($42.30 / Count)",
        "listPrice": "$45.90 ($45.90 / Count)",
        "imageUrl": "https://m.media-amazon.com/images/I/31X1m+faWQL._SL160_.jpg",
        "detailPageURL": "https://www.amazon.com/dp/B001IIM5TC",
        "rating": "4.3",
        "totalReviews": "401",
        "subtitle": "",
        "isPrimeEligible": "1"
    },
    {
        "ASIN": "B0BTYFF8S1",
        "title": "Easilydays Makeup Cleansing Stick, Face Makeup Remover Creams Nourishing Cleansing Balm, 2 in-1 Cleansing & nourishing Makeup Remover Stick, Balm To Oil Nourishes Skin for Face, Eye and Lip, Gentle and Soothing Facial Skin",
        "price": "$6.99 ($28.31 / Ounce)",
        "listPrice": "",
        "imageUrl": "https://m.media-amazon.com/images/I/41qojrI+WSL._SL160_.jpg",
        "detailPageURL": "https://www.amazon.com/dp/B0BTYFF8S1",
        "rating": "3.3",
        "totalReviews": "6",
        "subtitle": "Easilydays",
        "isPrimeEligible": "1"
    },
    {
        "ASIN": "B0B3JZZC23",
        "title": "Dr. Hauschka Cleansing Balm, 2.5 Fl. Oz.",
        "price": "$24.00 ($9.60 / Fl Oz)",
        "listPrice": "",
        "imageUrl": "https://m.media-amazon.com/images/I/21DH8RqqvTL._SL160_.jpg",
        "detailPageURL": "https://www.amazon.com/dp/B0B3JZZC23",
        "rating": "4.5",
        "totalReviews": "2",
        "subtitle": "Dr. Hauschka",
        "isPrimeEligible": "1"
    },
    {
        "ASIN": "B094B5KZ91",
        "title": "Naturium Camellia Creamy Cleansing Oil, Fermented Camellia Oil & Extract Plus Linoleic-Rich Oils, 3.5 oz",
        "price": "$19.99 ($5.71 / Ounce)",
        "listPrice": "",
        "imageUrl": "https://m.media-amazon.com/images/I/414ve1Rs9pS._SL160_.jpg",
        "detailPageURL": "https://www.amazon.com/dp/B094B5KZ91",
        "rating": "4.2",
        "totalReviews": "310",
        "subtitle": "Naturium",
        "isPrimeEligible": "1"
    },
    {
        "ASIN": "B0BR5WC6VJ",
        "title": "100g Makeup Remover, Avocado Makup Cleansing Balm with Digging Spoon, Makeup Cleansing Balm for Home Travel and Beauty Salon Use",
        "price": "$9.02 ($9.02 / Count)",
        "listPrice": "",
        "imageUrl": "https://m.media-amazon.com/images/I/31Rz0r78OUL._SL160_.jpg",
        "detailPageURL": "https://www.amazon.com/dp/B0BR5WC6VJ",
        "rating": "4.1",
        "totalReviews": "68",
        "subtitle": "Sonew",
        "isPrimeEligible": "1"
    },
    {
        "ASIN": "B0BQHT413D",
        "title": "CLINIQUE Take The Day Off\u2122 Charcoal Cleansing Balm Makeup Remover 4.2 oz / 125 mL",
        "price": "$28.31",
        "listPrice": "$30.75",
        "imageUrl": "https://m.media-amazon.com/images/I/31D1owlnzRL._SL160_.jpg",
        "detailPageURL": "https://www.amazon.com/dp/B0BQHT413D",
        "rating": "5.0",
        "totalReviews": "1",
        "subtitle": "Clinique",
        "isPrimeEligible": "1"
    },
    {
        "ASIN": "B07Y2HQ5RS",
        "title": "Eminence Organic Skincare Wildflower Cleansing Balm, 4 Fl Oz",
        "price": "$41.94 ($10.48 / Fl Oz)",
        "listPrice": "",
        "imageUrl": "https://m.media-amazon.com/images/I/31jRHMdoijL._SL160_.jpg",
        "detailPageURL": "https://www.amazon.com/dp/B07Y2HQ5RS",
        "rating": "4.3",
        "totalReviews": "23",
        "subtitle": "Eminence",
        "isPrimeEligible": "1"
    },
    {
        "ASIN": "B09GF23JSY",
        "title": "True Botanicals - Natural Ginger Turmeric Cleansing Balm | Clean, Non-Toxic, Natural Skincare (3.4 oz | 100 ml)",
        "price": "$48.00 ($14.12 / Ounce)",
        "listPrice": "",
        "imageUrl": "https://m.media-amazon.com/images/I/31tJnjjiAoL._SL160_.jpg",
        "detailPageURL": "https://www.amazon.com/dp/B09GF23JSY",
        "rating": "4.4",
        "totalReviews": "87",
        "subtitle": "True Botanicals",
        "isPrimeEligible": "1"
    },
    {
        "ASIN": "B09QKM7JWV",
        "title": "[SKIN&LAB] Porebarrier Face Cleansing Balm | Vegan Makeup Remover for Waterproof Makeup | Balm to Oil to Milk | Gentle for Eyelash Extensions | Made in Korea | 3.38 Fl Oz",
        "price": "$20.00 ($5.92 / Ounce)",
        "listPrice": "",
        "imageUrl": "https://m.media-amazon.com/images/I/31zstOvKNWL._SL160_.jpg",
        "detailPageURL": "https://www.amazon.com/dp/B09QKM7JWV",
        "rating": "4.5",
        "totalReviews": "181",
        "subtitle": "SKIN & LAB SKIN SCIENCE SOLUTION",
        "isPrimeEligible": "1"
    },
    {
        "ASIN": "B001IIM5TC",
        "title": "EVE LOM The Original Balm Cleanser | Facial cleansing balm that provides a deep cleanse, removes waterproof make-up, tones, and gentle exfoliates to enable skin cell regeneration - 100 ml",
        "price": "$42.30 ($42.30 / Count)",
        "listPrice": "$45.90 ($45.90 / Count)",
        "imageUrl": "https://m.media-amazon.com/images/I/31X1m+faWQL._SL160_.jpg",
        "detailPageURL": "https://www.amazon.com/dp/B001IIM5TC",
        "rating": "4.3",
        "totalReviews": "401",
        "subtitle": "",
        "isPrimeEligible": "1"
    },
    {
        "ASIN": "B0BTYFF8S1",
        "title": "Easilydays Makeup Cleansing Stick, Face Makeup Remover Creams Nourishing Cleansing Balm, 2 in-1 Cleansing & nourishing Makeup Remover Stick, Balm To Oil Nourishes Skin for Face, Eye and Lip, Gentle and Soothing Facial Skin",
        "price": "$6.99 ($28.31 / Ounce)",
        "listPrice": "",
        "imageUrl": "https://m.media-amazon.com/images/I/41qojrI+WSL._SL160_.jpg",
        "detailPageURL": "https://www.amazon.com/dp/B0BTYFF8S1",
        "rating": "3.3",
        "totalReviews": "6",
        "subtitle": "Easilydays",
        "isPrimeEligible": "1"
    },
    {
        "ASIN": "B0B3JZZC23",
        "title": "Dr. Hauschka Cleansing Balm, 2.5 Fl. Oz.",
        "price": "$24.00 ($9.60 / Fl Oz)",
        "listPrice": "",
        "imageUrl": "https://m.media-amazon.com/images/I/21DH8RqqvTL._SL160_.jpg",
        "detailPageURL": "https://www.amazon.com/dp/B0B3JZZC23",
        "rating": "4.5",
        "totalReviews": "2",
        "subtitle": "Dr. Hauschka",
        "isPrimeEligible": "1"
    },
    {
        "ASIN": "B094B5KZ91",
        "title": "Naturium Camellia Creamy Cleansing Oil, Fermented Camellia Oil & Extract Plus Linoleic-Rich Oils, 3.5 oz",
        "price": "$19.99 ($5.71 / Ounce)",
        "listPrice": "",
        "imageUrl": "https://m.media-amazon.com/images/I/414ve1Rs9pS._SL160_.jpg",
        "detailPageURL": "https://www.amazon.com/dp/B094B5KZ91",
        "rating": "4.2",
        "totalReviews": "310",
        "subtitle": "Naturium",
        "isPrimeEligible": "1"
    },
    {
        "ASIN": "B0BR5WC6VJ",
        "title": "100g Makeup Remover, Avocado Makup Cleansing Balm with Digging Spoon, Makeup Cleansing Balm for Home Travel and Beauty Salon Use",
        "price": "$9.02 ($9.02 / Count)",
        "listPrice": "",
        "imageUrl": "https://m.media-amazon.com/images/I/31Rz0r78OUL._SL160_.jpg",
        "detailPageURL": "https://www.amazon.com/dp/B0BR5WC6VJ",
        "rating": "4.1",
        "totalReviews": "68",
        "subtitle": "Sonew",
        "isPrimeEligible": "1"
    },
    {
        "ASIN": "B09QS1FPMR",
        "title": "Naturium Purple Ginseng Cleansing Balm Plus Plant-Based Esters & Linoleic-Rich Oils, Smoothing Face Wash, 3.1 oz",
        "price": "$32.19 ($10.29 / Ounce)",
        "listPrice": "",
        "imageUrl": "https://m.media-amazon.com/images/I/3119wZvfWKL._SL160_.jpg",
        "detailPageURL": "https://www.amazon.com/dp/B09QS1FPMR",
        "rating": "4.4",
        "totalReviews": "672",
        "subtitle": "Naturium",
        "isPrimeEligible": "0"
    },
    {
        "ASIN": "B07Y2HQ5RS",
        "title": "Eminence Organic Skincare Wildflower Cleansing Balm, 4 Fl Oz",
        "price": "$41.94 ($10.48 / Fl Oz)",
        "listPrice": "",
        "imageUrl": "https://m.media-amazon.com/images/I/31jRHMdoijL._SL160_.jpg",
        "detailPageURL": "https://www.amazon.com/dp/B07Y2HQ5RS",
        "rating": "4.3",
        "totalReviews": "23",
        "subtitle": "Eminence",
        "isPrimeEligible": "1"
    },
    {
        "ASIN": "B09GF23JSY",
        "title": "True Botanicals - Natural Ginger Turmeric Cleansing Balm | Clean, Non-Toxic, Natural Skincare (3.4 oz | 100 ml)",
        "price": "$48.00 ($14.12 / Ounce)",
        "listPrice": "",
        "imageUrl": "https://m.media-amazon.com/images/I/31tJnjjiAoL._SL160_.jpg",
        "detailPageURL": "https://www.amazon.com/dp/B09GF23JSY",
        "rating": "4.4",
        "totalReviews": "87",
        "subtitle": "True Botanicals",
        "isPrimeEligible": "1"
    },
    {
        "ASIN": "B09QKM7JWV",
        "title": "[SKIN&LAB] Porebarrier Face Cleansing Balm | Vegan Makeup Remover for Waterproof Makeup | Balm to Oil to Milk | Gentle for Eyelash Extensions | Made in Korea | 3.38 Fl Oz",
        "price": "$20.00 ($5.92 / Ounce)",
        "listPrice": "",
        "imageUrl": "https://m.media-amazon.com/images/I/31zstOvKNWL._SL160_.jpg",
        "detailPageURL": "https://www.amazon.com/dp/B09QKM7JWV",
        "rating": "4.5",
        "totalReviews": "181",
        "subtitle": "SKIN & LAB SKIN SCIENCE SOLUTION",
        "isPrimeEligible": "1"
    },
    {
        "ASIN": "B001IIM5TC",
        "title": "EVE LOM The Original Balm Cleanser | Facial cleansing balm that provides a deep cleanse, removes waterproof make-up, tones, and gentle exfoliates to enable skin cell regeneration - 100 ml",
        "price": "$42.30 ($42.30 / Count)",
        "listPrice": "$45.90 ($45.90 / Count)",
        "imageUrl": "https://m.media-amazon.com/images/I/31X1m+faWQL._SL160_.jpg",
        "detailPageURL": "https://www.amazon.com/dp/B001IIM5TC",
        "rating": "4.3",
        "totalReviews": "401",
        "subtitle": "",
        "isPrimeEligible": "1"
    },
    {
        "ASIN": "B0BTYFF8S1",
        "title": "Easilydays Makeup Cleansing Stick, Face Makeup Remover Creams Nourishing Cleansing Balm, 2 in-1 Cleansing & nourishing Makeup Remover Stick, Balm To Oil Nourishes Skin for Face, Eye and Lip, Gentle and Soothing Facial Skin",
        "price": "$6.99 ($28.31 / Ounce)",
        "listPrice": "",
        "imageUrl": "https://m.media-amazon.com/images/I/41qojrI+WSL._SL160_.jpg",
        "detailPageURL": "https://www.amazon.com/dp/B0BTYFF8S1",
        "rating": "3.3",
        "totalReviews": "6",
        "subtitle": "Easilydays",
        "isPrimeEligible": "1"
    },
    {
        "ASIN": "B0B3JZZC23",
        "title": "Dr. Hauschka Cleansing Balm, 2.5 Fl. Oz.",
        "price": "$24.00 ($9.60 / Fl Oz)",
        "listPrice": "",
        "imageUrl": "https://m.media-amazon.com/images/I/21DH8RqqvTL._SL160_.jpg",
        "detailPageURL": "https://www.amazon.com/dp/B0B3JZZC23",
        "rating": "4.5",
        "totalReviews": "2",
        "subtitle": "Dr. Hauschka",
        "isPrimeEligible": "1"
    },
    {
        "ASIN": "B094B5KZ91",
        "title": "Naturium Camellia Creamy Cleansing Oil, Fermented Camellia Oil & Extract Plus Linoleic-Rich Oils, 3.5 oz",
        "price": "$19.99 ($5.71 / Ounce)",
        "listPrice": "",
        "imageUrl": "https://m.media-amazon.com/images/I/414ve1Rs9pS._SL160_.jpg",
        "detailPageURL": "https://www.amazon.com/dp/B094B5KZ91",
        "rating": "4.2",
        "totalReviews": "310",
        "subtitle": "Naturium",
        "isPrimeEligible": "1"
    },
    {
        "ASIN": "B0BR5WC6VJ",
        "title": "100g Makeup Remover, Avocado Makup Cleansing Balm with Digging Spoon, Makeup Cleansing Balm for Home Travel and Beauty Salon Use",
        "price": "$9.02 ($9.02 / Count)",
        "listPrice": "",
        "imageUrl": "https://m.media-amazon.com/images/I/31Rz0r78OUL._SL160_.jpg",
        "detailPageURL": "https://www.amazon.com/dp/B0BR5WC6VJ",
        "rating": "4.1",
        "totalReviews": "68",
        "subtitle": "Sonew",
        "isPrimeEligible": "1"
    },
    {
        "ASIN": "B09QS1FPMR",
        "title": "Naturium Purple Ginseng Cleansing Balm Plus Plant-Based Esters & Linoleic-Rich Oils, Smoothing Face Wash, 3.1 oz",
        "price": "$32.19 ($10.29 / Ounce)",
        "listPrice": "",
        "imageUrl": "https://m.media-amazon.com/images/I/3119wZvfWKL._SL160_.jpg",
        "detailPageURL": "https://www.amazon.com/dp/B09QS1FPMR",
        "rating": "4.4",
        "totalReviews": "672",
        "subtitle": "Naturium",
        "isPrimeEligible": "0"
    },
    {
        "ASIN": "B09RND9RRY",
        "title": "IT Cosmetics Bye Bye Makeup Cleansing Balm - 3-in-1 Makeup Remover, Facial Cleanser & Hydrating Facial Mask - With Vitamin C, Ceramides, Shea Butter & Rosehip Oil - 4 oz",
        "price": "$46.00 ($11.50 / Ounce)",
        "listPrice": "",
        "imageUrl": "https://m.media-amazon.com/images/I/31HlkK+Y0iL._SL160_.jpg",
        "detailPageURL": "https://www.amazon.com/dp/B09RND9RRY",
        "rating": "4.5",
        "totalReviews": "147",
        "subtitle": "",
        "isPrimeEligible": "1"
    },
    {
        "ASIN": "B09GF23JSY",
        "title": "True Botanicals - Natural Ginger Turmeric Cleansing Balm | Clean, Non-Toxic, Natural Skincare (3.4 oz | 100 ml)",
        "price": "$48.00 ($14.12 / Ounce)",
        "listPrice": "",
        "imageUrl": "https://m.media-amazon.com/images/I/31tJnjjiAoL._SL160_.jpg",
        "detailPageURL": "https://www.amazon.com/dp/B09GF23JSY",
        "rating": "4.4",
        "totalReviews": "87",
        "subtitle": "True Botanicals",
        "isPrimeEligible": "1"
    },
    {
        "ASIN": "B09QKM7JWV",
        "title": "[SKIN&LAB] Porebarrier Face Cleansing Balm | Vegan Makeup Remover for Waterproof Makeup | Balm to Oil to Milk | Gentle for Eyelash Extensions | Made in Korea | 3.38 Fl Oz",
        "price": "$20.00 ($5.92 / Ounce)",
        "listPrice": "",
        "imageUrl": "https://m.media-amazon.com/images/I/31zstOvKNWL._SL160_.jpg",
        "detailPageURL": "https://www.amazon.com/dp/B09QKM7JWV",
        "rating": "4.5",
        "totalReviews": "181",
        "subtitle": "SKIN & LAB SKIN SCIENCE SOLUTION",
        "isPrimeEligible": "1"
    },
    {
        "ASIN": "B001IIM5TC",
        "title": "EVE LOM The Original Balm Cleanser | Facial cleansing balm that provides a deep cleanse, removes waterproof make-up, tones, and gentle exfoliates to enable skin cell regeneration - 100 ml",
        "price": "$42.30 ($42.30 / Count)",
        "listPrice": "$45.90 ($45.90 / Count)",
        "imageUrl": "https://m.media-amazon.com/images/I/31X1m+faWQL._SL160_.jpg",
        "detailPageURL": "https://www.amazon.com/dp/B001IIM5TC",
        "rating": "4.3",
        "totalReviews": "401",
        "subtitle": "",
        "isPrimeEligible": "1"
    },
    {
        "ASIN": "B0BTYFF8S1",
        "title": "Easilydays Makeup Cleansing Stick, Face Makeup Remover Creams Nourishing Cleansing Balm, 2 in-1 Cleansing & nourishing Makeup Remover Stick, Balm To Oil Nourishes Skin for Face, Eye and Lip, Gentle and Soothing Facial Skin",
        "price": "$6.99 ($28.31 / Ounce)",
        "listPrice": "",
        "imageUrl": "https://m.media-amazon.com/images/I/41qojrI+WSL._SL160_.jpg",
        "detailPageURL": "https://www.amazon.com/dp/B0BTYFF8S1",
        "rating": "3.3",
        "totalReviews": "6",
        "subtitle": "Easilydays",
        "isPrimeEligible": "1"
    },
    {
        "ASIN": "B0B3JZZC23",
        "title": "Dr. Hauschka Cleansing Balm, 2.5 Fl. Oz.",
        "price": "$24.00 ($9.60 / Fl Oz)",
        "listPrice": "",
        "imageUrl": "https://m.media-amazon.com/images/I/21DH8RqqvTL._SL160_.jpg",
        "detailPageURL": "https://www.amazon.com/dp/B0B3JZZC23",
        "rating": "4.5",
        "totalReviews": "2",
        "subtitle": "Dr. Hauschka",
        "isPrimeEligible": "1"
    },
    {
        "ASIN": "B094B5KZ91",
        "title": "Naturium Camellia Creamy Cleansing Oil, Fermented Camellia Oil & Extract Plus Linoleic-Rich Oils, 3.5 oz",
        "price": "$19.99 ($5.71 / Ounce)",
        "listPrice": "",
        "imageUrl": "https://m.media-amazon.com/images/I/414ve1Rs9pS._SL160_.jpg",
        "detailPageURL": "https://www.amazon.com/dp/B094B5KZ91",
        "rating": "4.2",
        "totalReviews": "310",
        "subtitle": "Naturium",
        "isPrimeEligible": "1"
    },
    {
        "ASIN": "B0BR5WC6VJ",
        "title": "100g Makeup Remover, Avocado Makup Cleansing Balm with Digging Spoon, Makeup Cleansing Balm for Home Travel and Beauty Salon Use",
        "price": "$9.02 ($9.02 / Count)",
        "listPrice": "",
        "imageUrl": "https://m.media-amazon.com/images/I/31Rz0r78OUL._SL160_.jpg",
        "detailPageURL": "https://www.amazon.com/dp/B0BR5WC6VJ",
        "rating": "4.1",
        "totalReviews": "68",
        "subtitle": "Sonew",
        "isPrimeEligible": "1"
    },
    {
        "ASIN": "B09QS1FPMR",
        "title": "Naturium Purple Ginseng Cleansing Balm Plus Plant-Based Esters & Linoleic-Rich Oils, Smoothing Face Wash, 3.1 oz",
        "price": "$32.19 ($10.29 / Ounce)",
        "listPrice": "",
        "imageUrl": "https://m.media-amazon.com/images/I/3119wZvfWKL._SL160_.jpg",
        "detailPageURL": "https://www.amazon.com/dp/B09QS1FPMR",
        "rating": "4.4",
        "totalReviews": "672",
        "subtitle": "Naturium",
        "isPrimeEligible": "0"
    },
    {
        "ASIN": "B09RND9RRY",
        "title": "IT Cosmetics Bye Bye Makeup Cleansing Balm - 3-in-1 Makeup Remover, Facial Cleanser & Hydrating Facial Mask - With Vitamin C, Ceramides, Shea Butter & Rosehip Oil - 4 oz",
        "price": "$46.00 ($11.50 / Ounce)",
        "listPrice": "",
        "imageUrl": "https://m.media-amazon.com/images/I/31HlkK+Y0iL._SL160_.jpg",
        "detailPageURL": "https://www.amazon.com/dp/B09RND9RRY",
        "rating": "4.5",
        "totalReviews": "147",
        "subtitle": "",
        "isPrimeEligible": "1"
    },
    {
        "ASIN": "B0BBNBLFLV",
        "title": "MILK MAKEUP Hydro Ungrip Makeup Removing Cleansing Balm 3.2 oz / 94 mL",
        "price": "$24.71 ($7.72 / Fl Oz)",
        "listPrice": "$36.00 ($11.25 / Fl Oz)",
        "imageUrl": "https://m.media-amazon.com/images/I/31whIIxetSL._SL160_.jpg",
        "detailPageURL": "https://www.amazon.com/dp/B0BBNBLFLV",
        "rating": "4.3",
        "totalReviews": "13",
        "subtitle": "Milk Makeup",
        "isPrimeEligible": "1"
    },
    {
        "ASIN": "B09QKM7JWV",
        "title": "[SKIN&LAB] Porebarrier Face Cleansing Balm | Vegan Makeup Remover for Waterproof Makeup | Balm to Oil to Milk | Gentle for Eyelash Extensions | Made in Korea | 3.38 Fl Oz",
        "price": "$20.00 ($5.92 / Ounce)",
        "listPrice": "",
        "imageUrl": "https://m.media-amazon.com/images/I/31zstOvKNWL._SL160_.jpg",
        "detailPageURL": "https://www.amazon.com/dp/B09QKM7JWV",
        "rating": "4.5",
        "totalReviews": "181",
        "subtitle": "SKIN & LAB SKIN SCIENCE SOLUTION",
        "isPrimeEligible": "1"
    },
    {
        "ASIN": "B001IIM5TC",
        "title": "EVE LOM The Original Balm Cleanser | Facial cleansing balm that provides a deep cleanse, removes waterproof make-up, tones, and gentle exfoliates to enable skin cell regeneration - 100 ml",
        "price": "$42.30 ($42.30 / Count)",
        "listPrice": "$45.90 ($45.90 / Count)",
        "imageUrl": "https://m.media-amazon.com/images/I/31X1m+faWQL._SL160_.jpg",
        "detailPageURL": "https://www.amazon.com/dp/B001IIM5TC",
        "rating": "4.3",
        "totalReviews": "401",
        "subtitle": "",
        "isPrimeEligible": "1"
    },
    {
        "ASIN": "B0BTYFF8S1",
        "title": "Easilydays Makeup Cleansing Stick, Face Makeup Remover Creams Nourishing Cleansing Balm, 2 in-1 Cleansing & nourishing Makeup Remover Stick, Balm To Oil Nourishes Skin for Face, Eye and Lip, Gentle and Soothing Facial Skin",
        "price": "$6.99 ($28.31 / Ounce)",
        "listPrice": "",
        "imageUrl": "https://m.media-amazon.com/images/I/41qojrI+WSL._SL160_.jpg",
        "detailPageURL": "https://www.amazon.com/dp/B0BTYFF8S1",
        "rating": "3.3",
        "totalReviews": "6",
        "subtitle": "Easilydays",
        "isPrimeEligible": "1"
    },
    {
        "ASIN": "B0B3JZZC23",
        "title": "Dr. Hauschka Cleansing Balm, 2.5 Fl. Oz.",
        "price": "$24.00 ($9.60 / Fl Oz)",
        "listPrice": "",
        "imageUrl": "https://m.media-amazon.com/images/I/21DH8RqqvTL._SL160_.jpg",
        "detailPageURL": "https://www.amazon.com/dp/B0B3JZZC23",
        "rating": "4.5",
        "totalReviews": "2",
        "subtitle": "Dr. Hauschka",
        "isPrimeEligible": "1"
    },
    {
        "ASIN": "B094B5KZ91",
        "title": "Naturium Camellia Creamy Cleansing Oil, Fermented Camellia Oil & Extract Plus Linoleic-Rich Oils, 3.5 oz",
        "price": "$19.99 ($5.71 / Ounce)",
        "listPrice": "",
        "imageUrl": "https://m.media-amazon.com/images/I/414ve1Rs9pS._SL160_.jpg",
        "detailPageURL": "https://www.amazon.com/dp/B094B5KZ91",
        "rating": "4.2",
        "totalReviews": "310",
        "subtitle": "Naturium",
        "isPrimeEligible": "1"
    },
    {
        "ASIN": "B0BR5WC6VJ",
        "title": "100g Makeup Remover, Avocado Makup Cleansing Balm with Digging Spoon, Makeup Cleansing Balm for Home Travel and Beauty Salon Use",
        "price": "$9.02 ($9.02 / Count)",
        "listPrice": "",
        "imageUrl": "https://m.media-amazon.com/images/I/31Rz0r78OUL._SL160_.jpg",
        "detailPageURL": "https://www.amazon.com/dp/B0BR5WC6VJ",
        "rating": "4.1",
        "totalReviews": "68",
        "subtitle": "Sonew",
        "isPrimeEligible": "1"
    },
    {
        "ASIN": "B09QS1FPMR",
        "title": "Naturium Purple Ginseng Cleansing Balm Plus Plant-Based Esters & Linoleic-Rich Oils, Smoothing Face Wash, 3.1 oz",
        "price": "$32.19 ($10.29 / Ounce)",
        "listPrice": "",
        "imageUrl": "https://m.media-amazon.com/images/I/3119wZvfWKL._SL160_.jpg",
        "detailPageURL": "https://www.amazon.com/dp/B09QS1FPMR",
        "rating": "4.4",
        "totalReviews": "672",
        "subtitle": "Naturium",
        "isPrimeEligible": "0"
    },
    {
        "ASIN": "B09RND9RRY",
        "title": "IT Cosmetics Bye Bye Makeup Cleansing Balm - 3-in-1 Makeup Remover, Facial Cleanser & Hydrating Facial Mask - With Vitamin C, Ceramides, Shea Butter & Rosehip Oil - 4 oz",
        "price": "$46.00 ($11.50 / Ounce)",
        "listPrice": "",
        "imageUrl": "https://m.media-amazon.com/images/I/31HlkK+Y0iL._SL160_.jpg",
        "detailPageURL": "https://www.amazon.com/dp/B09RND9RRY",
        "rating": "4.5",
        "totalReviews": "147",
        "subtitle": "",
        "isPrimeEligible": "1"
    },
    {
        "ASIN": "B0BBNBLFLV",
        "title": "MILK MAKEUP Hydro Ungrip Makeup Removing Cleansing Balm 3.2 oz / 94 mL",
        "price": "$24.71 ($7.72 / Fl Oz)",
        "listPrice": "$36.00 ($11.25 / Fl Oz)",
        "imageUrl": "https://m.media-amazon.com/images/I/31whIIxetSL._SL160_.jpg",
        "detailPageURL": "https://www.amazon.com/dp/B0BBNBLFLV",
        "rating": "4.3",
        "totalReviews": "13",
        "subtitle": "Milk Makeup",
        "isPrimeEligible": "1"
    },
    {
        "ASIN": "B0854GYN24",
        "title": "Hanskin PHA Pore Cleansing Oil and PHA Cleansing Balm, Sample Trial Size, Travel Size Mini Makeup Remover Set, Gentle Blackhead Cleanser for Sensitive Skin [30 ml/Pack of 2] + [8g/PHA Balm]",
        "price": "$11.99 ($5.21 / Fl Oz)",
        "listPrice": "",
        "imageUrl": "https://m.media-amazon.com/images/I/41jVWtrXAlL._SL160_.jpg",
        "detailPageURL": "https://www.amazon.com/dp/B0854GYN24",
        "rating": "4.4",
        "totalReviews": "303",
        "subtitle": "Hanskin",
        "isPrimeEligible": "1"
    },
    {
        "ASIN": "B001IIM5TC",
        "title": "EVE LOM The Original Balm Cleanser | Facial cleansing balm that provides a deep cleanse, removes waterproof make-up, tones, and gentle exfoliates to enable skin cell regeneration - 100 ml",
        "price": "$42.30 ($42.30 / Count)",
        "listPrice": "$45.90 ($45.90 / Count)",
        "imageUrl": "https://m.media-amazon.com/images/I/31X1m+faWQL._SL160_.jpg",
        "detailPageURL": "https://www.amazon.com/dp/B001IIM5TC",
        "rating": "4.3",
        "totalReviews": "401",
        "subtitle": "",
        "isPrimeEligible": "1"
    },
    {
        "ASIN": "B0BTYFF8S1",
        "title": "Easilydays Makeup Cleansing Stick, Face Makeup Remover Creams Nourishing Cleansing Balm, 2 in-1 Cleansing & nourishing Makeup Remover Stick, Balm To Oil Nourishes Skin for Face, Eye and Lip, Gentle and Soothing Facial Skin",
        "price": "$6.99 ($28.31 / Ounce)",
        "listPrice": "",
        "imageUrl": "https://m.media-amazon.com/images/I/41qojrI+WSL._SL160_.jpg",
        "detailPageURL": "https://www.amazon.com/dp/B0BTYFF8S1",
        "rating": "3.3",
        "totalReviews": "6",
        "subtitle": "Easilydays",
        "isPrimeEligible": "1"
    },
    {
        "ASIN": "B0B3JZZC23",
        "title": "Dr. Hauschka Cleansing Balm, 2.5 Fl. Oz.",
        "price": "$24.00 ($9.60 / Fl Oz)",
        "listPrice": "",
        "imageUrl": "https://m.media-amazon.com/images/I/21DH8RqqvTL._SL160_.jpg",
        "detailPageURL": "https://www.amazon.com/dp/B0B3JZZC23",
        "rating": "4.5",
        "totalReviews": "2",
        "subtitle": "Dr. Hauschka",
        "isPrimeEligible": "1"
    },
    {
        "ASIN": "B094B5KZ91",
        "title": "Naturium Camellia Creamy Cleansing Oil, Fermented Camellia Oil & Extract Plus Linoleic-Rich Oils, 3.5 oz",
        "price": "$19.99 ($5.71 / Ounce)",
        "listPrice": "",
        "imageUrl": "https://m.media-amazon.com/images/I/414ve1Rs9pS._SL160_.jpg",
        "detailPageURL": "https://www.amazon.com/dp/B094B5KZ91",
        "rating": "4.2",
        "totalReviews": "310",
        "subtitle": "Naturium",
        "isPrimeEligible": "1"
    },
    {
        "ASIN": "B0BR5WC6VJ",
        "title": "100g Makeup Remover, Avocado Makup Cleansing Balm with Digging Spoon, Makeup Cleansing Balm for Home Travel and Beauty Salon Use",
        "price": "$9.02 ($9.02 / Count)",
        "listPrice": "",
        "imageUrl": "https://m.media-amazon.com/images/I/31Rz0r78OUL._SL160_.jpg",
        "detailPageURL": "https://www.amazon.com/dp/B0BR5WC6VJ",
        "rating": "4.1",
        "totalReviews": "68",
        "subtitle": "Sonew",
        "isPrimeEligible": "1"
    },
    {
        "ASIN": "B09QS1FPMR",
        "title": "Naturium Purple Ginseng Cleansing Balm Plus Plant-Based Esters & Linoleic-Rich Oils, Smoothing Face Wash, 3.1 oz",
        "price": "$32.19 ($10.29 / Ounce)",
        "listPrice": "",
        "imageUrl": "https://m.media-amazon.com/images/I/3119wZvfWKL._SL160_.jpg",
        "detailPageURL": "https://www.amazon.com/dp/B09QS1FPMR",
        "rating": "4.4",
        "totalReviews": "672",
        "subtitle": "Naturium",
        "isPrimeEligible": "0"
    },
    {
        "ASIN": "B09RND9RRY",
        "title": "IT Cosmetics Bye Bye Makeup Cleansing Balm - 3-in-1 Makeup Remover, Facial Cleanser & Hydrating Facial Mask - With Vitamin C, Ceramides, Shea Butter & Rosehip Oil - 4 oz",
        "price": "$46.00 ($11.50 / Ounce)",
        "listPrice": "",
        "imageUrl": "https://m.media-amazon.com/images/I/31HlkK+Y0iL._SL160_.jpg",
        "detailPageURL": "https://www.amazon.com/dp/B09RND9RRY",
        "rating": "4.5",
        "totalReviews": "147",
        "subtitle": "",
        "isPrimeEligible": "1"
    },
    {
        "ASIN": "B0BBNBLFLV",
        "title": "MILK MAKEUP Hydro Ungrip Makeup Removing Cleansing Balm 3.2 oz / 94 mL",
        "price": "$24.71 ($7.72 / Fl Oz)",
        "listPrice": "$36.00 ($11.25 / Fl Oz)",
        "imageUrl": "https://m.media-amazon.com/images/I/31whIIxetSL._SL160_.jpg",
        "detailPageURL": "https://www.amazon.com/dp/B0BBNBLFLV",
        "rating": "4.3",
        "totalReviews": "13",
        "subtitle": "Milk Makeup",
        "isPrimeEligible": "1"
    },
    {
        "ASIN": "B0854GYN24",
        "title": "Hanskin PHA Pore Cleansing Oil and PHA Cleansing Balm, Sample Trial Size, Travel Size Mini Makeup Remover Set, Gentle Blackhead Cleanser for Sensitive Skin [30 ml/Pack of 2] + [8g/PHA Balm]",
        "price": "$11.99 ($5.21 / Fl Oz)",
        "listPrice": "",
        "imageUrl": "https://m.media-amazon.com/images/I/41jVWtrXAlL._SL160_.jpg",
        "detailPageURL": "https://www.amazon.com/dp/B0854GYN24",
        "rating": "4.4",
        "totalReviews": "303",
        "subtitle": "Hanskin",
        "isPrimeEligible": "1"
    },
    {
        "ASIN": "B08BPWRJ5D",
        "title": "ELEMIS Superfood AHA Glow Cleansing Butter, 3 Fl Oz (Pack of 1)",
        "price": "$41.45 ($13.82 / Fl Oz)",
        "listPrice": "",
        "imageUrl": "https://m.media-amazon.com/images/I/41BMlEZRxdL._SL160_.jpg",
        "detailPageURL": "https://www.amazon.com/dp/B08BPWRJ5D",
        "rating": "4.5",
        "totalReviews": "1230",
        "subtitle": "",
        "isPrimeEligible": "1"
    },
    {
        "ASIN": "B0BTYFF8S1",
        "title": "Easilydays Makeup Cleansing Stick, Face Makeup Remover Creams Nourishing Cleansing Balm, 2 in-1 Cleansing & nourishing Makeup Remover Stick, Balm To Oil Nourishes Skin for Face, Eye and Lip, Gentle and Soothing Facial Skin",
        "price": "$6.99 ($28.31 / Ounce)",
        "listPrice": "",
        "imageUrl": "https://m.media-amazon.com/images/I/41qojrI+WSL._SL160_.jpg",
        "detailPageURL": "https://www.amazon.com/dp/B0BTYFF8S1",
        "rating": "3.3",
        "totalReviews": "6",
        "subtitle": "Easilydays",
        "isPrimeEligible": "1"
    },
    {
        "ASIN": "B0B3JZZC23",
        "title": "Dr. Hauschka Cleansing Balm, 2.5 Fl. Oz.",
        "price": "$24.00 ($9.60 / Fl Oz)",
        "listPrice": "",
        "imageUrl": "https://m.media-amazon.com/images/I/21DH8RqqvTL._SL160_.jpg",
        "detailPageURL": "https://www.amazon.com/dp/B0B3JZZC23",
        "rating": "4.5",
        "totalReviews": "2",
        "subtitle": "Dr. Hauschka",
        "isPrimeEligible": "1"
    },
    {
        "ASIN": "B094B5KZ91",
        "title": "Naturium Camellia Creamy Cleansing Oil, Fermented Camellia Oil & Extract Plus Linoleic-Rich Oils, 3.5 oz",
        "price": "$19.99 ($5.71 / Ounce)",
        "listPrice": "",
        "imageUrl": "https://m.media-amazon.com/images/I/414ve1Rs9pS._SL160_.jpg",
        "detailPageURL": "https://www.amazon.com/dp/B094B5KZ91",
        "rating": "4.2",
        "totalReviews": "310",
        "subtitle": "Naturium",
        "isPrimeEligible": "1"
    },
    {
        "ASIN": "B0BR5WC6VJ",
        "title": "100g Makeup Remover, Avocado Makup Cleansing Balm with Digging Spoon, Makeup Cleansing Balm for Home Travel and Beauty Salon Use",
        "price": "$9.02 ($9.02 / Count)",
        "listPrice": "",
        "imageUrl": "https://m.media-amazon.com/images/I/31Rz0r78OUL._SL160_.jpg",
        "detailPageURL": "https://www.amazon.com/dp/B0BR5WC6VJ",
        "rating": "4.1",
        "totalReviews": "68",
        "subtitle": "Sonew",
        "isPrimeEligible": "1"
    },
    {
        "ASIN": "B09QS1FPMR",
        "title": "Naturium Purple Ginseng Cleansing Balm Plus Plant-Based Esters & Linoleic-Rich Oils, Smoothing Face Wash, 3.1 oz",
        "price": "$32.19 ($10.29 / Ounce)",
        "listPrice": "",
        "imageUrl": "https://m.media-amazon.com/images/I/3119wZvfWKL._SL160_.jpg",
        "detailPageURL": "https://www.amazon.com/dp/B09QS1FPMR",
        "rating": "4.4",
        "totalReviews": "672",
        "subtitle": "Naturium",
        "isPrimeEligible": "0"
    },
    {
        "ASIN": "B09RND9RRY",
        "title": "IT Cosmetics Bye Bye Makeup Cleansing Balm - 3-in-1 Makeup Remover, Facial Cleanser & Hydrating Facial Mask - With Vitamin C, Ceramides, Shea Butter & Rosehip Oil - 4 oz",
        "price": "$46.00 ($11.50 / Ounce)",
        "listPrice": "",
        "imageUrl": "https://m.media-amazon.com/images/I/31HlkK+Y0iL._SL160_.jpg",
        "detailPageURL": "https://www.amazon.com/dp/B09RND9RRY",
        "rating": "4.5",
        "totalReviews": "147",
        "subtitle": "",
        "isPrimeEligible": "1"
    },
    {
        "ASIN": "B0BBNBLFLV",
        "title": "MILK MAKEUP Hydro Ungrip Makeup Removing Cleansing Balm 3.2 oz / 94 mL",
        "price": "$24.71 ($7.72 / Fl Oz)",
        "listPrice": "$36.00 ($11.25 / Fl Oz)",
        "imageUrl": "https://m.media-amazon.com/images/I/31whIIxetSL._SL160_.jpg",
        "detailPageURL": "https://www.amazon.com/dp/B0BBNBLFLV",
        "rating": "4.3",
        "totalReviews": "13",
        "subtitle": "Milk Makeup",
        "isPrimeEligible": "1"
    },
    {
        "ASIN": "B0854GYN24",
        "title": "Hanskin PHA Pore Cleansing Oil and PHA Cleansing Balm, Sample Trial Size, Travel Size Mini Makeup Remover Set, Gentle Blackhead Cleanser for Sensitive Skin [30 ml/Pack of 2] + [8g/PHA Balm]",
        "price": "$11.99 ($5.21 / Fl Oz)",
        "listPrice": "",
        "imageUrl": "https://m.media-amazon.com/images/I/41jVWtrXAlL._SL160_.jpg",
        "detailPageURL": "https://www.amazon.com/dp/B0854GYN24",
        "rating": "4.4",
        "totalReviews": "303",
        "subtitle": "Hanskin",
        "isPrimeEligible": "1"
    },
    {
        "ASIN": "B08BPWRJ5D",
        "title": "ELEMIS Superfood AHA Glow Cleansing Butter, 3 Fl Oz (Pack of 1)",
        "price": "$41.45 ($13.82 / Fl Oz)",
        "listPrice": "",
        "imageUrl": "https://m.media-amazon.com/images/I/41BMlEZRxdL._SL160_.jpg",
        "detailPageURL": "https://www.amazon.com/dp/B08BPWRJ5D",
        "rating": "4.5",
        "totalReviews": "1230",
        "subtitle": "",
        "isPrimeEligible": "1"
    },
    {
        "ASIN": "B093XQJC5C",
        "title": "Pack of 3 x Clinique Take The Day Off Cleansing Balm, 0.5 oz each Sample Size Unboxed, 0.5 Ounce (Pack of 3)",
        "price": "$14.97 ($4.99 / Fl Oz)",
        "listPrice": "",
        "imageUrl": "https://m.media-amazon.com/images/I/418ii8ihVES._SL160_.jpg",
        "detailPageURL": "https://www.amazon.com/dp/B093XQJC5C",
        "rating": "4.7",
        "totalReviews": "50",
        "subtitle": "Clinique",
        "isPrimeEligible": "1"
    },
    {
        "ASIN": "B0B3JZZC23",
        "title": "Dr. Hauschka Cleansing Balm, 2.5 Fl. Oz.",
        "price": "$24.00 ($9.60 / Fl Oz)",
        "listPrice": "",
        "imageUrl": "https://m.media-amazon.com/images/I/21DH8RqqvTL._SL160_.jpg",
        "detailPageURL": "https://www.amazon.com/dp/B0B3JZZC23",
        "rating": "4.5",
        "totalReviews": "2",
        "subtitle": "Dr. Hauschka",
        "isPrimeEligible": "1"
    },
    {
        "ASIN": "B094B5KZ91",
        "title": "Naturium Camellia Creamy Cleansing Oil, Fermented Camellia Oil & Extract Plus Linoleic-Rich Oils, 3.5 oz",
        "price": "$19.99 ($5.71 / Ounce)",
        "listPrice": "",
        "imageUrl": "https://m.media-amazon.com/images/I/414ve1Rs9pS._SL160_.jpg",
        "detailPageURL": "https://www.amazon.com/dp/B094B5KZ91",
        "rating": "4.2",
        "totalReviews": "310",
        "subtitle": "Naturium",
        "isPrimeEligible": "1"
    },
    {
        "ASIN": "B0BR5WC6VJ",
        "title": "100g Makeup Remover, Avocado Makup Cleansing Balm with Digging Spoon, Makeup Cleansing Balm for Home Travel and Beauty Salon Use",
        "price": "$9.02 ($9.02 / Count)",
        "listPrice": "",
        "imageUrl": "https://m.media-amazon.com/images/I/31Rz0r78OUL._SL160_.jpg",
        "detailPageURL": "https://www.amazon.com/dp/B0BR5WC6VJ",
        "rating": "4.1",
        "totalReviews": "68",
        "subtitle": "Sonew",
        "isPrimeEligible": "1"
    },
    {
        "ASIN": "B09QS1FPMR",
        "title": "Naturium Purple Ginseng Cleansing Balm Plus Plant-Based Esters & Linoleic-Rich Oils, Smoothing Face Wash, 3.1 oz",
        "price": "$32.19 ($10.29 / Ounce)",
        "listPrice": "",
        "imageUrl": "https://m.media-amazon.com/images/I/3119wZvfWKL._SL160_.jpg",
        "detailPageURL": "https://www.amazon.com/dp/B09QS1FPMR",
        "rating": "4.4",
        "totalReviews": "672",
        "subtitle": "Naturium",
        "isPrimeEligible": "0"
    },
    {
        "ASIN": "B09RND9RRY",
        "title": "IT Cosmetics Bye Bye Makeup Cleansing Balm - 3-in-1 Makeup Remover, Facial Cleanser & Hydrating Facial Mask - With Vitamin C, Ceramides, Shea Butter & Rosehip Oil - 4 oz",
        "price": "$46.00 ($11.50 / Ounce)",
        "listPrice": "",
        "imageUrl": "https://m.media-amazon.com/images/I/31HlkK+Y0iL._SL160_.jpg",
        "detailPageURL": "https://www.amazon.com/dp/B09RND9RRY",
        "rating": "4.5",
        "totalReviews": "147",
        "subtitle": "",
        "isPrimeEligible": "1"
    },
    {
        "ASIN": "B0BBNBLFLV",
        "title": "MILK MAKEUP Hydro Ungrip Makeup Removing Cleansing Balm 3.2 oz / 94 mL",
        "price": "$24.71 ($7.72 / Fl Oz)",
        "listPrice": "$36.00 ($11.25 / Fl Oz)",
        "imageUrl": "https://m.media-amazon.com/images/I/31whIIxetSL._SL160_.jpg",
        "detailPageURL": "https://www.amazon.com/dp/B0BBNBLFLV",
        "rating": "4.3",
        "totalReviews": "13",
        "subtitle": "Milk Makeup",
        "isPrimeEligible": "1"
    },
    {
        "ASIN": "B0854GYN24",
        "title": "Hanskin PHA Pore Cleansing Oil and PHA Cleansing Balm, Sample Trial Size, Travel Size Mini Makeup Remover Set, Gentle Blackhead Cleanser for Sensitive Skin [30 ml/Pack of 2] + [8g/PHA Balm]",
        "price": "$11.99 ($5.21 / Fl Oz)",
        "listPrice": "",
        "imageUrl": "https://m.media-amazon.com/images/I/41jVWtrXAlL._SL160_.jpg",
        "detailPageURL": "https://www.amazon.com/dp/B0854GYN24",
        "rating": "4.4",
        "totalReviews": "303",
        "subtitle": "Hanskin",
        "isPrimeEligible": "1"
    },
    {
        "ASIN": "B08BPWRJ5D",
        "title": "ELEMIS Superfood AHA Glow Cleansing Butter, 3 Fl Oz (Pack of 1)",
        "price": "$41.45 ($13.82 / Fl Oz)",
        "listPrice": "",
        "imageUrl": "https://m.media-amazon.com/images/I/41BMlEZRxdL._SL160_.jpg",
        "detailPageURL": "https://www.amazon.com/dp/B08BPWRJ5D",
        "rating": "4.5",
        "totalReviews": "1230",
        "subtitle": "",
        "isPrimeEligible": "1"
    },
    {
        "ASIN": "B093XQJC5C",
        "title": "Pack of 3 x Clinique Take The Day Off Cleansing Balm, 0.5 oz each Sample Size Unboxed, 0.5 Ounce (Pack of 3)",
        "price": "$14.97 ($4.99 / Fl Oz)",
        "listPrice": "",
        "imageUrl": "https://m.media-amazon.com/images/I/418ii8ihVES._SL160_.jpg",
        "detailPageURL": "https://www.amazon.com/dp/B093XQJC5C",
        "rating": "4.7",
        "totalReviews": "50",
        "subtitle": "Clinique",
        "isPrimeEligible": "1"
    },
    {
        "ASIN": "B09WYP8QS4",
        "title": "JUNO & Co. Exfoliating Face Wash, 10 Ingredients Facial Clarifying Cleansing Powder with Hyaluronic Acid for Extra Hydration 50g / 1.76oz",
        "price": "$17.99 ($10.22 / Ounce)",
        "listPrice": "",
        "imageUrl": "https://m.media-amazon.com/images/I/21hhUD1Sh8L._SL160_.jpg",
        "detailPageURL": "https://www.amazon.com/dp/B09WYP8QS4",
        "rating": "4.4",
        "totalReviews": "531",
        "subtitle": "JUNO & Co.",
        "isPrimeEligible": "1"
    },
    {
        "ASIN": "B094B5KZ91",
        "title": "Naturium Camellia Creamy Cleansing Oil, Fermented Camellia Oil & Extract Plus Linoleic-Rich Oils, 3.5 oz",
        "price": "$19.99 ($5.71 / Ounce)",
        "listPrice": "",
        "imageUrl": "https://m.media-amazon.com/images/I/414ve1Rs9pS._SL160_.jpg",
        "detailPageURL": "https://www.amazon.com/dp/B094B5KZ91",
        "rating": "4.2",
        "totalReviews": "310",
        "subtitle": "Naturium",
        "isPrimeEligible": "1"
    },
    {
        "ASIN": "B0BR5WC6VJ",
        "title": "100g Makeup Remover, Avocado Makup Cleansing Balm with Digging Spoon, Makeup Cleansing Balm for Home Travel and Beauty Salon Use",
        "price": "$9.02 ($9.02 / Count)",
        "listPrice": "",
        "imageUrl": "https://m.media-amazon.com/images/I/31Rz0r78OUL._SL160_.jpg",
        "detailPageURL": "https://www.amazon.com/dp/B0BR5WC6VJ",
        "rating": "4.1",
        "totalReviews": "68",
        "subtitle": "Sonew",
        "isPrimeEligible": "1"
    },
    {
        "ASIN": "B09QS1FPMR",
        "title": "Naturium Purple Ginseng Cleansing Balm Plus Plant-Based Esters & Linoleic-Rich Oils, Smoothing Face Wash, 3.1 oz",
        "price": "$32.19 ($10.29 / Ounce)",
        "listPrice": "",
        "imageUrl": "https://m.media-amazon.com/images/I/3119wZvfWKL._SL160_.jpg",
        "detailPageURL": "https://www.amazon.com/dp/B09QS1FPMR",
        "rating": "4.4",
        "totalReviews": "672",
        "subtitle": "Naturium",
        "isPrimeEligible": "0"
    },
    {
        "ASIN": "B09RND9RRY",
        "title": "IT Cosmetics Bye Bye Makeup Cleansing Balm - 3-in-1 Makeup Remover, Facial Cleanser & Hydrating Facial Mask - With Vitamin C, Ceramides, Shea Butter & Rosehip Oil - 4 oz",
        "price": "$46.00 ($11.50 / Ounce)",
        "listPrice": "",
        "imageUrl": "https://m.media-amazon.com/images/I/31HlkK+Y0iL._SL160_.jpg",
        "detailPageURL": "https://www.amazon.com/dp/B09RND9RRY",
        "rating": "4.5",
        "totalReviews": "147",
        "subtitle": "",
        "isPrimeEligible": "1"
    },
    {
        "ASIN": "B0BBNBLFLV",
        "title": "MILK MAKEUP Hydro Ungrip Makeup Removing Cleansing Balm 3.2 oz / 94 mL",
        "price": "$24.71 ($7.72 / Fl Oz)",
        "listPrice": "$36.00 ($11.25 / Fl Oz)",
        "imageUrl": "https://m.media-amazon.com/images/I/31whIIxetSL._SL160_.jpg",
        "detailPageURL": "https://www.amazon.com/dp/B0BBNBLFLV",
        "rating": "4.3",
        "totalReviews": "13",
        "subtitle": "Milk Makeup",
        "isPrimeEligible": "1"
    },
    {
        "ASIN": "B0854GYN24",
        "title": "Hanskin PHA Pore Cleansing Oil and PHA Cleansing Balm, Sample Trial Size, Travel Size Mini Makeup Remover Set, Gentle Blackhead Cleanser for Sensitive Skin [30 ml/Pack of 2] + [8g/PHA Balm]",
        "price": "$11.99 ($5.21 / Fl Oz)",
        "listPrice": "",
        "imageUrl": "https://m.media-amazon.com/images/I/41jVWtrXAlL._SL160_.jpg",
        "detailPageURL": "https://www.amazon.com/dp/B0854GYN24",
        "rating": "4.4",
        "totalReviews": "303",
        "subtitle": "Hanskin",
        "isPrimeEligible": "1"
    },
    {
        "ASIN": "B08BPWRJ5D",
        "title": "ELEMIS Superfood AHA Glow Cleansing Butter, 3 Fl Oz (Pack of 1)",
        "price": "$41.45 ($13.82 / Fl Oz)",
        "listPrice": "",
        "imageUrl": "https://m.media-amazon.com/images/I/41BMlEZRxdL._SL160_.jpg",
        "detailPageURL": "https://www.amazon.com/dp/B08BPWRJ5D",
        "rating": "4.5",
        "totalReviews": "1230",
        "subtitle": "",
        "isPrimeEligible": "1"
    },
    {
        "ASIN": "B093XQJC5C",
        "title": "Pack of 3 x Clinique Take The Day Off Cleansing Balm, 0.5 oz each Sample Size Unboxed, 0.5 Ounce (Pack of 3)",
        "price": "$14.97 ($4.99 / Fl Oz)",
        "listPrice": "",
        "imageUrl": "https://m.media-amazon.com/images/I/418ii8ihVES._SL160_.jpg",
        "detailPageURL": "https://www.amazon.com/dp/B093XQJC5C",
        "rating": "4.7",
        "totalReviews": "50",
        "subtitle": "Clinique",
        "isPrimeEligible": "1"
    },
    {
        "ASIN": "B09WYP8QS4",
        "title": "JUNO & Co. Exfoliating Face Wash, 10 Ingredients Facial Clarifying Cleansing Powder with Hyaluronic Acid for Extra Hydration 50g / 1.76oz",
        "price": "$17.99 ($10.22 / Ounce)",
        "listPrice": "",
        "imageUrl": "https://m.media-amazon.com/images/I/21hhUD1Sh8L._SL160_.jpg",
        "detailPageURL": "https://www.amazon.com/dp/B09WYP8QS4",
        "rating": "4.4",
        "totalReviews": "531",
        "subtitle": "JUNO & Co.",
        "isPrimeEligible": "1"
    },
    {
        "ASIN": "B07W5MP67Z",
        "title": "Premier Anti-Aging Duo the Cleansing Balm 90g (Clear)",
        "price": "$33.99 ($33.99 / Count)",
        "listPrice": "$39.99 ($39.99 / Count)",
        "imageUrl": "https://m.media-amazon.com/images/I/31jzVVKCEkL._SL160_.jpg",
        "detailPageURL": "https://www.amazon.com/dp/B07W5MP67Z",
        "rating": "4.3",
        "totalReviews": "2881",
        "subtitle": "Duo",
        "isPrimeEligible": "1"
    },
    {
        "ASIN": "B0BR5WC6VJ",
        "title": "100g Makeup Remover, Avocado Makup Cleansing Balm with Digging Spoon, Makeup Cleansing Balm for Home Travel and Beauty Salon Use",
        "price": "$9.02 ($9.02 / Count)",
        "listPrice": "",
        "imageUrl": "https://m.media-amazon.com/images/I/31Rz0r78OUL._SL160_.jpg",
        "detailPageURL": "https://www.amazon.com/dp/B0BR5WC6VJ",
        "rating": "4.1",
        "totalReviews": "68",
        "subtitle": "Sonew",
        "isPrimeEligible": "1"
    },
    {
        "ASIN": "B09QS1FPMR",
        "title": "Naturium Purple Ginseng Cleansing Balm Plus Plant-Based Esters & Linoleic-Rich Oils, Smoothing Face Wash, 3.1 oz",
        "price": "$32.19 ($10.29 / Ounce)",
        "listPrice": "",
        "imageUrl": "https://m.media-amazon.com/images/I/3119wZvfWKL._SL160_.jpg",
        "detailPageURL": "https://www.amazon.com/dp/B09QS1FPMR",
        "rating": "4.4",
        "totalReviews": "672",
        "subtitle": "Naturium",
        "isPrimeEligible": "0"
    },
    {
        "ASIN": "B09RND9RRY",
        "title": "IT Cosmetics Bye Bye Makeup Cleansing Balm - 3-in-1 Makeup Remover, Facial Cleanser & Hydrating Facial Mask - With Vitamin C, Ceramides, Shea Butter & Rosehip Oil - 4 oz",
        "price": "$46.00 ($11.50 / Ounce)",
        "listPrice": "",
        "imageUrl": "https://m.media-amazon.com/images/I/31HlkK+Y0iL._SL160_.jpg",
        "detailPageURL": "https://www.amazon.com/dp/B09RND9RRY",
        "rating": "4.5",
        "totalReviews": "147",
        "subtitle": "",
        "isPrimeEligible": "1"
    },
    {
        "ASIN": "B0BBNBLFLV",
        "title": "MILK MAKEUP Hydro Ungrip Makeup Removing Cleansing Balm 3.2 oz / 94 mL",
        "price": "$24.71 ($7.72 / Fl Oz)",
        "listPrice": "$36.00 ($11.25 / Fl Oz)",
        "imageUrl": "https://m.media-amazon.com/images/I/31whIIxetSL._SL160_.jpg",
        "detailPageURL": "https://www.amazon.com/dp/B0BBNBLFLV",
        "rating": "4.3",
        "totalReviews": "13",
        "subtitle": "Milk Makeup",
        "isPrimeEligible": "1"
    },
    {
        "ASIN": "B0854GYN24",
        "title": "Hanskin PHA Pore Cleansing Oil and PHA Cleansing Balm, Sample Trial Size, Travel Size Mini Makeup Remover Set, Gentle Blackhead Cleanser for Sensitive Skin [30 ml/Pack of 2] + [8g/PHA Balm]",
        "price": "$11.99 ($5.21 / Fl Oz)",
        "listPrice": "",
        "imageUrl": "https://m.media-amazon.com/images/I/41jVWtrXAlL._SL160_.jpg",
        "detailPageURL": "https://www.amazon.com/dp/B0854GYN24",
        "rating": "4.4",
        "totalReviews": "303",
        "subtitle": "Hanskin",
        "isPrimeEligible": "1"
    },
    {
        "ASIN": "B08BPWRJ5D",
        "title": "ELEMIS Superfood AHA Glow Cleansing Butter, 3 Fl Oz (Pack of 1)",
        "price": "$41.45 ($13.82 / Fl Oz)",
        "listPrice": "",
        "imageUrl": "https://m.media-amazon.com/images/I/41BMlEZRxdL._SL160_.jpg",
        "detailPageURL": "https://www.amazon.com/dp/B08BPWRJ5D",
        "rating": "4.5",
        "totalReviews": "1230",
        "subtitle": "",
        "isPrimeEligible": "1"
    },
    {
        "ASIN": "B093XQJC5C",
        "title": "Pack of 3 x Clinique Take The Day Off Cleansing Balm, 0.5 oz each Sample Size Unboxed, 0.5 Ounce (Pack of 3)",
        "price": "$14.97 ($4.99 / Fl Oz)",
        "listPrice": "",
        "imageUrl": "https://m.media-amazon.com/images/I/418ii8ihVES._SL160_.jpg",
        "detailPageURL": "https://www.amazon.com/dp/B093XQJC5C",
        "rating": "4.7",
        "totalReviews": "50",
        "subtitle": "Clinique",
        "isPrimeEligible": "1"
    },
    {
        "ASIN": "B09WYP8QS4",
        "title": "JUNO & Co. Exfoliating Face Wash, 10 Ingredients Facial Clarifying Cleansing Powder with Hyaluronic Acid for Extra Hydration 50g / 1.76oz",
        "price": "$17.99 ($10.22 / Ounce)",
        "listPrice": "",
        "imageUrl": "https://m.media-amazon.com/images/I/21hhUD1Sh8L._SL160_.jpg",
        "detailPageURL": "https://www.amazon.com/dp/B09WYP8QS4",
        "rating": "4.4",
        "totalReviews": "531",
        "subtitle": "JUNO & Co.",
        "isPrimeEligible": "1"
    },
    {
        "ASIN": "B07W5MP67Z",
        "title": "Premier Anti-Aging Duo the Cleansing Balm 90g (Clear)",
        "price": "$33.99 ($33.99 / Count)",
        "listPrice": "$39.99 ($39.99 / Count)",
        "imageUrl": "https://m.media-amazon.com/images/I/31jzVVKCEkL._SL160_.jpg",
        "detailPageURL": "https://www.amazon.com/dp/B07W5MP67Z",
        "rating": "4.3",
        "totalReviews": "2881",
        "subtitle": "Duo",
        "isPrimeEligible": "1"
    },
    {
        "ASIN": "B09MZM25DP",
        "title": "SheaMoisture Even and Radiant Face Cleanser For Uneven Skin Tone and Dark Spots 3-in-1 Cleansing Balm With Raw Honey 3.2 oz",
        "price": "$9.29 ($2.90 / Ounce)",
        "listPrice": "$9.99 ($3.12 / Ounce)",
        "imageUrl": "https://m.media-amazon.com/images/I/31oPoncG7oL._SL160_.jpg",
        "detailPageURL": "https://www.amazon.com/dp/B09MZM25DP",
        "rating": "4.1",
        "totalReviews": "152",
        "subtitle": "SheaMoisture",
        "isPrimeEligible": "1"
    },
    {
        "ASIN": "B09QS1FPMR",
        "title": "Naturium Purple Ginseng Cleansing Balm Plus Plant-Based Esters & Linoleic-Rich Oils, Smoothing Face Wash, 3.1 oz",
        "price": "$32.19 ($10.29 / Ounce)",
        "listPrice": "",
        "imageUrl": "https://m.media-amazon.com/images/I/3119wZvfWKL._SL160_.jpg",
        "detailPageURL": "https://www.amazon.com/dp/B09QS1FPMR",
        "rating": "4.4",
        "totalReviews": "672",
        "subtitle": "Naturium",
        "isPrimeEligible": "0"
    },
    {
        "ASIN": "B09RND9RRY",
        "title": "IT Cosmetics Bye Bye Makeup Cleansing Balm - 3-in-1 Makeup Remover, Facial Cleanser & Hydrating Facial Mask - With Vitamin C, Ceramides, Shea Butter & Rosehip Oil - 4 oz",
        "price": "$46.00 ($11.50 / Ounce)",
        "listPrice": "",
        "imageUrl": "https://m.media-amazon.com/images/I/31HlkK+Y0iL._SL160_.jpg",
        "detailPageURL": "https://www.amazon.com/dp/B09RND9RRY",
        "rating": "4.5",
        "totalReviews": "147",
        "subtitle": "",
        "isPrimeEligible": "1"
    },
    {
        "ASIN": "B0BBNBLFLV",
        "title": "MILK MAKEUP Hydro Ungrip Makeup Removing Cleansing Balm 3.2 oz / 94 mL",
        "price": "$24.71 ($7.72 / Fl Oz)",
        "listPrice": "$36.00 ($11.25 / Fl Oz)",
        "imageUrl": "https://m.media-amazon.com/images/I/31whIIxetSL._SL160_.jpg",
        "detailPageURL": "https://www.amazon.com/dp/B0BBNBLFLV",
        "rating": "4.3",
        "totalReviews": "13",
        "subtitle": "Milk Makeup",
        "isPrimeEligible": "1"
    },
    {
        "ASIN": "B0854GYN24",
        "title": "Hanskin PHA Pore Cleansing Oil and PHA Cleansing Balm, Sample Trial Size, Travel Size Mini Makeup Remover Set, Gentle Blackhead Cleanser for Sensitive Skin [30 ml/Pack of 2] + [8g/PHA Balm]",
        "price": "$11.99 ($5.21 / Fl Oz)",
        "listPrice": "",
        "imageUrl": "https://m.media-amazon.com/images/I/41jVWtrXAlL._SL160_.jpg",
        "detailPageURL": "https://www.amazon.com/dp/B0854GYN24",
        "rating": "4.4",
        "totalReviews": "303",
        "subtitle": "Hanskin",
        "isPrimeEligible": "1"
    },
    {
        "ASIN": "B08BPWRJ5D",
        "title": "ELEMIS Superfood AHA Glow Cleansing Butter, 3 Fl Oz (Pack of 1)",
        "price": "$41.45 ($13.82 / Fl Oz)",
        "listPrice": "",
        "imageUrl": "https://m.media-amazon.com/images/I/41BMlEZRxdL._SL160_.jpg",
        "detailPageURL": "https://www.amazon.com/dp/B08BPWRJ5D",
        "rating": "4.5",
        "totalReviews": "1230",
        "subtitle": "",
        "isPrimeEligible": "1"
    },
    {
        "ASIN": "B093XQJC5C",
        "title": "Pack of 3 x Clinique Take The Day Off Cleansing Balm, 0.5 oz each Sample Size Unboxed, 0.5 Ounce (Pack of 3)",
        "price": "$14.97 ($4.99 / Fl Oz)",
        "listPrice": "",
        "imageUrl": "https://m.media-amazon.com/images/I/418ii8ihVES._SL160_.jpg",
        "detailPageURL": "https://www.amazon.com/dp/B093XQJC5C",
        "rating": "4.7",
        "totalReviews": "50",
        "subtitle": "Clinique",
        "isPrimeEligible": "1"
    },
    {
        "ASIN": "B09WYP8QS4",
        "title": "JUNO & Co. Exfoliating Face Wash, 10 Ingredients Facial Clarifying Cleansing Powder with Hyaluronic Acid for Extra Hydration 50g / 1.76oz",
        "price": "$17.99 ($10.22 / Ounce)",
        "listPrice": "",
        "imageUrl": "https://m.media-amazon.com/images/I/21hhUD1Sh8L._SL160_.jpg",
        "detailPageURL": "https://www.amazon.com/dp/B09WYP8QS4",
        "rating": "4.4",
        "totalReviews": "531",
        "subtitle": "JUNO & Co.",
        "isPrimeEligible": "1"
    },
    {
        "ASIN": "B07W5MP67Z",
        "title": "Premier Anti-Aging Duo the Cleansing Balm 90g (Clear)",
        "price": "$33.99 ($33.99 / Count)",
        "listPrice": "$39.99 ($39.99 / Count)",
        "imageUrl": "https://m.media-amazon.com/images/I/31jzVVKCEkL._SL160_.jpg",
        "detailPageURL": "https://www.amazon.com/dp/B07W5MP67Z",
        "rating": "4.3",
        "totalReviews": "2881",
        "subtitle": "Duo",
        "isPrimeEligible": "1"
    },
    {
        "ASIN": "B09MZM25DP",
        "title": "SheaMoisture Even and Radiant Face Cleanser For Uneven Skin Tone and Dark Spots 3-in-1 Cleansing Balm With Raw Honey 3.2 oz",
        "price": "$9.29 ($2.90 / Ounce)",
        "listPrice": "$9.99 ($3.12 / Ounce)",
        "imageUrl": "https://m.media-amazon.com/images/I/31oPoncG7oL._SL160_.jpg",
        "detailPageURL": "https://www.amazon.com/dp/B09MZM25DP",
        "rating": "4.1",
        "totalReviews": "152",
        "subtitle": "SheaMoisture",
        "isPrimeEligible": "1"
    },
    {
        "ASIN": "B0C89JCB7P",
        "title": "BEUKING Face Make-up Cleansing Cream Non-Greasy Face Remover Balm Make Wash Cream For Cleansing Make-up Skin Keeping Skin Softness Moisturizing (40 g)",
        "price": "$7.99 ($7.99 / Fl Oz)",
        "listPrice": "",
        "imageUrl": "https://m.media-amazon.com/images/I/31ff-3Gp9VL._SL160_.jpg",
        "detailPageURL": "https://www.amazon.com/dp/B0C89JCB7P",
        "rating": "",
        "totalReviews": "",
        "subtitle": "BEUKING",
        "isPrimeEligible": "1"
    },
    {
        "ASIN": "B09RND9RRY",
        "title": "IT Cosmetics Bye Bye Makeup Cleansing Balm - 3-in-1 Makeup Remover, Facial Cleanser & Hydrating Facial Mask - With Vitamin C, Ceramides, Shea Butter & Rosehip Oil - 4 oz",
        "price": "$46.00 ($11.50 / Ounce)",
        "listPrice": "",
        "imageUrl": "https://m.media-amazon.com/images/I/31HlkK+Y0iL._SL160_.jpg",
        "detailPageURL": "https://www.amazon.com/dp/B09RND9RRY",
        "rating": "4.5",
        "totalReviews": "147",
        "subtitle": "",
        "isPrimeEligible": "1"
    },
    {
        "ASIN": "B0BBNBLFLV",
        "title": "MILK MAKEUP Hydro Ungrip Makeup Removing Cleansing Balm 3.2 oz / 94 mL",
        "price": "$24.71 ($7.72 / Fl Oz)",
        "listPrice": "$36.00 ($11.25 / Fl Oz)",
        "imageUrl": "https://m.media-amazon.com/images/I/31whIIxetSL._SL160_.jpg",
        "detailPageURL": "https://www.amazon.com/dp/B0BBNBLFLV",
        "rating": "4.3",
        "totalReviews": "13",
        "subtitle": "Milk Makeup",
        "isPrimeEligible": "1"
    },
    {
        "ASIN": "B0854GYN24",
        "title": "Hanskin PHA Pore Cleansing Oil and PHA Cleansing Balm, Sample Trial Size, Travel Size Mini Makeup Remover Set, Gentle Blackhead Cleanser for Sensitive Skin [30 ml/Pack of 2] + [8g/PHA Balm]",
        "price": "$11.99 ($5.21 / Fl Oz)",
        "listPrice": "",
        "imageUrl": "https://m.media-amazon.com/images/I/41jVWtrXAlL._SL160_.jpg",
        "detailPageURL": "https://www.amazon.com/dp/B0854GYN24",
        "rating": "4.4",
        "totalReviews": "303",
        "subtitle": "Hanskin",
        "isPrimeEligible": "1"
    },
    {
        "ASIN": "B08BPWRJ5D",
        "title": "ELEMIS Superfood AHA Glow Cleansing Butter, 3 Fl Oz (Pack of 1)",
        "price": "$41.45 ($13.82 / Fl Oz)",
        "listPrice": "",
        "imageUrl": "https://m.media-amazon.com/images/I/41BMlEZRxdL._SL160_.jpg",
        "detailPageURL": "https://www.amazon.com/dp/B08BPWRJ5D",
        "rating": "4.5",
        "totalReviews": "1230",
        "subtitle": "",
        "isPrimeEligible": "1"
    },
    {
        "ASIN": "B093XQJC5C",
        "title": "Pack of 3 x Clinique Take The Day Off Cleansing Balm, 0.5 oz each Sample Size Unboxed, 0.5 Ounce (Pack of 3)",
        "price": "$14.97 ($4.99 / Fl Oz)",
        "listPrice": "",
        "imageUrl": "https://m.media-amazon.com/images/I/418ii8ihVES._SL160_.jpg",
        "detailPageURL": "https://www.amazon.com/dp/B093XQJC5C",
        "rating": "4.7",
        "totalReviews": "50",
        "subtitle": "Clinique",
        "isPrimeEligible": "1"
    },
    {
        "ASIN": "B09WYP8QS4",
        "title": "JUNO & Co. Exfoliating Face Wash, 10 Ingredients Facial Clarifying Cleansing Powder with Hyaluronic Acid for Extra Hydration 50g / 1.76oz",
        "price": "$17.99 ($10.22 / Ounce)",
        "listPrice": "",
        "imageUrl": "https://m.media-amazon.com/images/I/21hhUD1Sh8L._SL160_.jpg",
        "detailPageURL": "https://www.amazon.com/dp/B09WYP8QS4",
        "rating": "4.4",
        "totalReviews": "531",
        "subtitle": "JUNO & Co.",
        "isPrimeEligible": "1"
    },
    {
        "ASIN": "B07W5MP67Z",
        "title": "Premier Anti-Aging Duo the Cleansing Balm 90g (Clear)",
        "price": "$33.99 ($33.99 / Count)",
        "listPrice": "$39.99 ($39.99 / Count)",
        "imageUrl": "https://m.media-amazon.com/images/I/31jzVVKCEkL._SL160_.jpg",
        "detailPageURL": "https://www.amazon.com/dp/B07W5MP67Z",
        "rating": "4.3",
        "totalReviews": "2881",
        "subtitle": "Duo",
        "isPrimeEligible": "1"
    },
    {
        "ASIN": "B09MZM25DP",
        "title": "SheaMoisture Even and Radiant Face Cleanser For Uneven Skin Tone and Dark Spots 3-in-1 Cleansing Balm With Raw Honey 3.2 oz",
        "price": "$9.29 ($2.90 / Ounce)",
        "listPrice": "$9.99 ($3.12 / Ounce)",
        "imageUrl": "https://m.media-amazon.com/images/I/31oPoncG7oL._SL160_.jpg",
        "detailPageURL": "https://www.amazon.com/dp/B09MZM25DP",
        "rating": "4.1",
        "totalReviews": "152",
        "subtitle": "SheaMoisture",
        "isPrimeEligible": "1"
    },
    {
        "ASIN": "B0C89JCB7P",
        "title": "BEUKING Face Make-up Cleansing Cream Non-Greasy Face Remover Balm Make Wash Cream For Cleansing Make-up Skin Keeping Skin Softness Moisturizing (40 g)",
        "price": "$7.99 ($7.99 / Fl Oz)",
        "listPrice": "",
        "imageUrl": "https://m.media-amazon.com/images/I/31ff-3Gp9VL._SL160_.jpg",
        "detailPageURL": "https://www.amazon.com/dp/B0C89JCB7P",
        "rating": "",
        "totalReviews": "",
        "subtitle": "BEUKING",
        "isPrimeEligible": "1"
    },
    {
        "ASIN": "B0B6QN18T7",
        "title": "Saturday Skin Melt Cleanse Makeup Remover Balm Daily Cleansing Facial Balm to Oil Double Face Wash Vegan Remove Waterproof Makeup and Mascara",
        "price": "$30.00 ($8.88 / Ounce)",
        "listPrice": "",
        "imageUrl": "https://m.media-amazon.com/images/I/311YU5NERlL._SL160_.jpg",
        "detailPageURL": "https://www.amazon.com/dp/B0B6QN18T7",
        "rating": "4.6",
        "totalReviews": "85",
        "subtitle": "Saturday Skin",
        "isPrimeEligible": "1"
    },
    {
        "ASIN": "B0BBNBLFLV",
        "title": "MILK MAKEUP Hydro Ungrip Makeup Removing Cleansing Balm 3.2 oz / 94 mL",
        "price": "$24.71 ($7.72 / Fl Oz)",
        "listPrice": "$36.00 ($11.25 / Fl Oz)",
        "imageUrl": "https://m.media-amazon.com/images/I/31whIIxetSL._SL160_.jpg",
        "detailPageURL": "https://www.amazon.com/dp/B0BBNBLFLV",
        "rating": "4.3",
        "totalReviews": "13",
        "subtitle": "Milk Makeup",
        "isPrimeEligible": "1"
    },
    {
        "ASIN": "B0854GYN24",
        "title": "Hanskin PHA Pore Cleansing Oil and PHA Cleansing Balm, Sample Trial Size, Travel Size Mini Makeup Remover Set, Gentle Blackhead Cleanser for Sensitive Skin [30 ml/Pack of 2] + [8g/PHA Balm]",
        "price": "$11.99 ($5.21 / Fl Oz)",
        "listPrice": "",
        "imageUrl": "https://m.media-amazon.com/images/I/41jVWtrXAlL._SL160_.jpg",
        "detailPageURL": "https://www.amazon.com/dp/B0854GYN24",
        "rating": "4.4",
        "totalReviews": "303",
        "subtitle": "Hanskin",
        "isPrimeEligible": "1"
    },
    {
        "ASIN": "B08BPWRJ5D",
        "title": "ELEMIS Superfood AHA Glow Cleansing Butter, 3 Fl Oz (Pack of 1)",
        "price": "$41.45 ($13.82 / Fl Oz)",
        "listPrice": "",
        "imageUrl": "https://m.media-amazon.com/images/I/41BMlEZRxdL._SL160_.jpg",
        "detailPageURL": "https://www.amazon.com/dp/B08BPWRJ5D",
        "rating": "4.5",
        "totalReviews": "1230",
        "subtitle": "",
        "isPrimeEligible": "1"
    },
    {
        "ASIN": "B093XQJC5C",
        "title": "Pack of 3 x Clinique Take The Day Off Cleansing Balm, 0.5 oz each Sample Size Unboxed, 0.5 Ounce (Pack of 3)",
        "price": "$14.97 ($4.99 / Fl Oz)",
        "listPrice": "",
        "imageUrl": "https://m.media-amazon.com/images/I/418ii8ihVES._SL160_.jpg",
        "detailPageURL": "https://www.amazon.com/dp/B093XQJC5C",
        "rating": "4.7",
        "totalReviews": "50",
        "subtitle": "Clinique",
        "isPrimeEligible": "1"
    },
    {
        "ASIN": "B09WYP8QS4",
        "title": "JUNO & Co. Exfoliating Face Wash, 10 Ingredients Facial Clarifying Cleansing Powder with Hyaluronic Acid for Extra Hydration 50g / 1.76oz",
        "price": "$17.99 ($10.22 / Ounce)",
        "listPrice": "",
        "imageUrl": "https://m.media-amazon.com/images/I/21hhUD1Sh8L._SL160_.jpg",
        "detailPageURL": "https://www.amazon.com/dp/B09WYP8QS4",
        "rating": "4.4",
        "totalReviews": "531",
        "subtitle": "JUNO & Co.",
        "isPrimeEligible": "1"
    },
    {
        "ASIN": "B07W5MP67Z",
        "title": "Premier Anti-Aging Duo the Cleansing Balm 90g (Clear)",
        "price": "$33.99 ($33.99 / Count)",
        "listPrice": "$39.99 ($39.99 / Count)",
        "imageUrl": "https://m.media-amazon.com/images/I/31jzVVKCEkL._SL160_.jpg",
        "detailPageURL": "https://www.amazon.com/dp/B07W5MP67Z",
        "rating": "4.3",
        "totalReviews": "2881",
        "subtitle": "Duo",
        "isPrimeEligible": "1"
    },
    {
        "ASIN": "B09MZM25DP",
        "title": "SheaMoisture Even and Radiant Face Cleanser For Uneven Skin Tone and Dark Spots 3-in-1 Cleansing Balm With Raw Honey 3.2 oz",
        "price": "$9.29 ($2.90 / Ounce)",
        "listPrice": "$9.99 ($3.12 / Ounce)",
        "imageUrl": "https://m.media-amazon.com/images/I/31oPoncG7oL._SL160_.jpg",
        "detailPageURL": "https://www.amazon.com/dp/B09MZM25DP",
        "rating": "4.1",
        "totalReviews": "152",
        "subtitle": "SheaMoisture",
        "isPrimeEligible": "1"
    },
    {
        "ASIN": "B0C89JCB7P",
        "title": "BEUKING Face Make-up Cleansing Cream Non-Greasy Face Remover Balm Make Wash Cream For Cleansing Make-up Skin Keeping Skin Softness Moisturizing (40 g)",
        "price": "$7.99 ($7.99 / Fl Oz)",
        "listPrice": "",
        "imageUrl": "https://m.media-amazon.com/images/I/31ff-3Gp9VL._SL160_.jpg",
        "detailPageURL": "https://www.amazon.com/dp/B0C89JCB7P",
        "rating": "",
        "totalReviews": "",
        "subtitle": "BEUKING",
        "isPrimeEligible": "1"
    },
    {
        "ASIN": "B0B6QN18T7",
        "title": "Saturday Skin Melt Cleanse Makeup Remover Balm Daily Cleansing Facial Balm to Oil Double Face Wash Vegan Remove Waterproof Makeup and Mascara",
        "price": "$30.00 ($8.88 / Ounce)",
        "listPrice": "",
        "imageUrl": "https://m.media-amazon.com/images/I/311YU5NERlL._SL160_.jpg",
        "detailPageURL": "https://www.amazon.com/dp/B0B6QN18T7",
        "rating": "4.6",
        "totalReviews": "85",
        "subtitle": "Saturday Skin",
        "isPrimeEligible": "1"
    },
    {
        "ASIN": "B0CC4VT97W",
        "title": "Makeup Removing Balm, Face Lipstick Eye Makeup Remover, Portable Cream Makeup Remover Balm, Cleansing Balm Makeup Remover, Travel Size Makeup Cleansing Balm, Mild & Easy Melting Balm Makeup Remover, Make Up Remover Stick for All Skin Type",
        "price": "$6.99 ($6.99 / Fl Oz)",
        "listPrice": "",
        "imageUrl": "https://m.media-amazon.com/images/I/41kmBV1DLTL._SL160_.jpg",
        "detailPageURL": "https://www.amazon.com/dp/B0CC4VT97W",
        "rating": "4.2",
        "totalReviews": "15",
        "subtitle": "Rosarden",
        "isPrimeEligible": "1"
    },
    {
        "ASIN": "B0854GYN24",
        "title": "Hanskin PHA Pore Cleansing Oil and PHA Cleansing Balm, Sample Trial Size, Travel Size Mini Makeup Remover Set, Gentle Blackhead Cleanser for Sensitive Skin [30 ml/Pack of 2] + [8g/PHA Balm]",
        "price": "$11.99 ($5.21 / Fl Oz)",
        "listPrice": "",
        "imageUrl": "https://m.media-amazon.com/images/I/41jVWtrXAlL._SL160_.jpg",
        "detailPageURL": "https://www.amazon.com/dp/B0854GYN24",
        "rating": "4.4",
        "totalReviews": "303",
        "subtitle": "Hanskin",
        "isPrimeEligible": "1"
    },
    {
        "ASIN": "B08BPWRJ5D",
        "title": "ELEMIS Superfood AHA Glow Cleansing Butter, 3 Fl Oz (Pack of 1)",
        "price": "$41.45 ($13.82 / Fl Oz)",
        "listPrice": "",
        "imageUrl": "https://m.media-amazon.com/images/I/41BMlEZRxdL._SL160_.jpg",
        "detailPageURL": "https://www.amazon.com/dp/B08BPWRJ5D",
        "rating": "4.5",
        "totalReviews": "1230",
        "subtitle": "",
        "isPrimeEligible": "1"
    },
    {
        "ASIN": "B093XQJC5C",
        "title": "Pack of 3 x Clinique Take The Day Off Cleansing Balm, 0.5 oz each Sample Size Unboxed, 0.5 Ounce (Pack of 3)",
        "price": "$14.97 ($4.99 / Fl Oz)",
        "listPrice": "",
        "imageUrl": "https://m.media-amazon.com/images/I/418ii8ihVES._SL160_.jpg",
        "detailPageURL": "https://www.amazon.com/dp/B093XQJC5C",
        "rating": "4.7",
        "totalReviews": "50",
        "subtitle": "Clinique",
        "isPrimeEligible": "1"
    },
    {
        "ASIN": "B09WYP8QS4",
        "title": "JUNO & Co. Exfoliating Face Wash, 10 Ingredients Facial Clarifying Cleansing Powder with Hyaluronic Acid for Extra Hydration 50g / 1.76oz",
        "price": "$17.99 ($10.22 / Ounce)",
        "listPrice": "",
        "imageUrl": "https://m.media-amazon.com/images/I/21hhUD1Sh8L._SL160_.jpg",
        "detailPageURL": "https://www.amazon.com/dp/B09WYP8QS4",
        "rating": "4.4",
        "totalReviews": "531",
        "subtitle": "JUNO & Co.",
        "isPrimeEligible": "1"
    },
    {
        "ASIN": "B07W5MP67Z",
        "title": "Premier Anti-Aging Duo the Cleansing Balm 90g (Clear)",
        "price": "$33.99 ($33.99 / Count)",
        "listPrice": "$39.99 ($39.99 / Count)",
        "imageUrl": "https://m.media-amazon.com/images/I/31jzVVKCEkL._SL160_.jpg",
        "detailPageURL": "https://www.amazon.com/dp/B07W5MP67Z",
        "rating": "4.3",
        "totalReviews": "2881",
        "subtitle": "Duo",
        "isPrimeEligible": "1"
    },
    {
        "ASIN": "B09MZM25DP",
        "title": "SheaMoisture Even and Radiant Face Cleanser For Uneven Skin Tone and Dark Spots 3-in-1 Cleansing Balm With Raw Honey 3.2 oz",
        "price": "$9.29 ($2.90 / Ounce)",
        "listPrice": "$9.99 ($3.12 / Ounce)",
        "imageUrl": "https://m.media-amazon.com/images/I/31oPoncG7oL._SL160_.jpg",
        "detailPageURL": "https://www.amazon.com/dp/B09MZM25DP",
        "rating": "4.1",
        "totalReviews": "152",
        "subtitle": "SheaMoisture",
        "isPrimeEligible": "1"
    },
    {
        "ASIN": "B0C89JCB7P",
        "title": "BEUKING Face Make-up Cleansing Cream Non-Greasy Face Remover Balm Make Wash Cream For Cleansing Make-up Skin Keeping Skin Softness Moisturizing (40 g)",
        "price": "$7.99 ($7.99 / Fl Oz)",
        "listPrice": "",
        "imageUrl": "https://m.media-amazon.com/images/I/31ff-3Gp9VL._SL160_.jpg",
        "detailPageURL": "https://www.amazon.com/dp/B0C89JCB7P",
        "rating": "",
        "totalReviews": "",
        "subtitle": "BEUKING",
        "isPrimeEligible": "1"
    },
    {
        "ASIN": "B0B6QN18T7",
        "title": "Saturday Skin Melt Cleanse Makeup Remover Balm Daily Cleansing Facial Balm to Oil Double Face Wash Vegan Remove Waterproof Makeup and Mascara",
        "price": "$30.00 ($8.88 / Ounce)",
        "listPrice": "",
        "imageUrl": "https://m.media-amazon.com/images/I/311YU5NERlL._SL160_.jpg",
        "detailPageURL": "https://www.amazon.com/dp/B0B6QN18T7",
        "rating": "4.6",
        "totalReviews": "85",
        "subtitle": "Saturday Skin",
        "isPrimeEligible": "1"
    },
    {
        "ASIN": "B0CC4VT97W",
        "title": "Makeup Removing Balm, Face Lipstick Eye Makeup Remover, Portable Cream Makeup Remover Balm, Cleansing Balm Makeup Remover, Travel Size Makeup Cleansing Balm, Mild & Easy Melting Balm Makeup Remover, Make Up Remover Stick for All Skin Type",
        "price": "$6.99 ($6.99 / Fl Oz)",
        "listPrice": "",
        "imageUrl": "https://m.media-amazon.com/images/I/41kmBV1DLTL._SL160_.jpg",
        "detailPageURL": "https://www.amazon.com/dp/B0CC4VT97W",
        "rating": "4.2",
        "totalReviews": "15",
        "subtitle": "Rosarden",
        "isPrimeEligible": "1"
    },
    {
        "ASIN": "B09KS7TG39",
        "title": "Bobbi Brown Extra Repair Cleansing Balm 100ml",
        "price": "$59.18 ($17.41 / Fl Oz)",
        "listPrice": "",
        "imageUrl": "https://m.media-amazon.com/images/I/31eeknyGwtL._SL160_.jpg",
        "detailPageURL": "https://www.amazon.com/dp/B09KS7TG39",
        "rating": "4.4",
        "totalReviews": "8",
        "subtitle": "Bobbi Brown",
        "isPrimeEligible": "1"
    },
    {
        "ASIN": "B08BPWRJ5D",
        "title": "ELEMIS Superfood AHA Glow Cleansing Butter, 3 Fl Oz (Pack of 1)",
        "price": "$41.45 ($13.82 / Fl Oz)",
        "listPrice": "",
        "imageUrl": "https://m.media-amazon.com/images/I/41BMlEZRxdL._SL160_.jpg",
        "detailPageURL": "https://www.amazon.com/dp/B08BPWRJ5D",
        "rating": "4.5",
        "totalReviews": "1230",
        "subtitle": "",
        "isPrimeEligible": "1"
    },
    {
        "ASIN": "B093XQJC5C",
        "title": "Pack of 3 x Clinique Take The Day Off Cleansing Balm, 0.5 oz each Sample Size Unboxed, 0.5 Ounce (Pack of 3)",
        "price": "$14.97 ($4.99 / Fl Oz)",
        "listPrice": "",
        "imageUrl": "https://m.media-amazon.com/images/I/418ii8ihVES._SL160_.jpg",
        "detailPageURL": "https://www.amazon.com/dp/B093XQJC5C",
        "rating": "4.7",
        "totalReviews": "50",
        "subtitle": "Clinique",
        "isPrimeEligible": "1"
    },
    {
        "ASIN": "B09WYP8QS4",
        "title": "JUNO & Co. Exfoliating Face Wash, 10 Ingredients Facial Clarifying Cleansing Powder with Hyaluronic Acid for Extra Hydration 50g / 1.76oz",
        "price": "$17.99 ($10.22 / Ounce)",
        "listPrice": "",
        "imageUrl": "https://m.media-amazon.com/images/I/21hhUD1Sh8L._SL160_.jpg",
        "detailPageURL": "https://www.amazon.com/dp/B09WYP8QS4",
        "rating": "4.4",
        "totalReviews": "531",
        "subtitle": "JUNO & Co.",
        "isPrimeEligible": "1"
    },
    {
        "ASIN": "B07W5MP67Z",
        "title": "Premier Anti-Aging Duo the Cleansing Balm 90g (Clear)",
        "price": "$33.99 ($33.99 / Count)",
        "listPrice": "$39.99 ($39.99 / Count)",
        "imageUrl": "https://m.media-amazon.com/images/I/31jzVVKCEkL._SL160_.jpg",
        "detailPageURL": "https://www.amazon.com/dp/B07W5MP67Z",
        "rating": "4.3",
        "totalReviews": "2881",
        "subtitle": "Duo",
        "isPrimeEligible": "1"
    },
    {
        "ASIN": "B09MZM25DP",
        "title": "SheaMoisture Even and Radiant Face Cleanser For Uneven Skin Tone and Dark Spots 3-in-1 Cleansing Balm With Raw Honey 3.2 oz",
        "price": "$9.29 ($2.90 / Ounce)",
        "listPrice": "$9.99 ($3.12 / Ounce)",
        "imageUrl": "https://m.media-amazon.com/images/I/31oPoncG7oL._SL160_.jpg",
        "detailPageURL": "https://www.amazon.com/dp/B09MZM25DP",
        "rating": "4.1",
        "totalReviews": "152",
        "subtitle": "SheaMoisture",
        "isPrimeEligible": "1"
    },
    {
        "ASIN": "B0C89JCB7P",
        "title": "BEUKING Face Make-up Cleansing Cream Non-Greasy Face Remover Balm Make Wash Cream For Cleansing Make-up Skin Keeping Skin Softness Moisturizing (40 g)",
        "price": "$7.99 ($7.99 / Fl Oz)",
        "listPrice": "",
        "imageUrl": "https://m.media-amazon.com/images/I/31ff-3Gp9VL._SL160_.jpg",
        "detailPageURL": "https://www.amazon.com/dp/B0C89JCB7P",
        "rating": "",
        "totalReviews": "",
        "subtitle": "BEUKING",
        "isPrimeEligible": "1"
    },
    {
        "ASIN": "B0B6QN18T7",
        "title": "Saturday Skin Melt Cleanse Makeup Remover Balm Daily Cleansing Facial Balm to Oil Double Face Wash Vegan Remove Waterproof Makeup and Mascara",
        "price": "$30.00 ($8.88 / Ounce)",
        "listPrice": "",
        "imageUrl": "https://m.media-amazon.com/images/I/311YU5NERlL._SL160_.jpg",
        "detailPageURL": "https://www.amazon.com/dp/B0B6QN18T7",
        "rating": "4.6",
        "totalReviews": "85",
        "subtitle": "Saturday Skin",
        "isPrimeEligible": "1"
    },
    {
        "ASIN": "B0CC4VT97W",
        "title": "Makeup Removing Balm, Face Lipstick Eye Makeup Remover, Portable Cream Makeup Remover Balm, Cleansing Balm Makeup Remover, Travel Size Makeup Cleansing Balm, Mild & Easy Melting Balm Makeup Remover, Make Up Remover Stick for All Skin Type",
        "price": "$6.99 ($6.99 / Fl Oz)",
        "listPrice": "",
        "imageUrl": "https://m.media-amazon.com/images/I/41kmBV1DLTL._SL160_.jpg",
        "detailPageURL": "https://www.amazon.com/dp/B0CC4VT97W",
        "rating": "4.2",
        "totalReviews": "15",
        "subtitle": "Rosarden",
        "isPrimeEligible": "1"
    },
    {
        "ASIN": "B09KS7TG39",
        "title": "Bobbi Brown Extra Repair Cleansing Balm 100ml",
        "price": "$59.18 ($17.41 / Fl Oz)",
        "listPrice": "",
        "imageUrl": "https://m.media-amazon.com/images/I/31eeknyGwtL._SL160_.jpg",
        "detailPageURL": "https://www.amazon.com/dp/B09KS7TG39",
        "rating": "4.4",
        "totalReviews": "8",
        "subtitle": "Bobbi Brown",
        "isPrimeEligible": "1"
    },
    {
        "ASIN": "B0BWGJ4SW8",
        "title": "Rebecoco - Dermatest 5 Star - K-Beauty - All in One - Vegan Facial Cleansing Balm and Makeup Remover - All Natural Ingredients with No Fillers - 105g / 3.7oz - Made for All Skin Types",
        "price": "$17.95 ($0.17 / Ounce)",
        "listPrice": "",
        "imageUrl": "https://m.media-amazon.com/images/I/41p1Ro5iuNL._SL160_.jpg",
        "detailPageURL": "https://www.amazon.com/dp/B0BWGJ4SW8",
        "rating": "4.6",
        "totalReviews": "31",
        "subtitle": "Alliable Medical",
        "isPrimeEligible": "1"
    },
    {
        "ASIN": "B093XQJC5C",
        "title": "Pack of 3 x Clinique Take The Day Off Cleansing Balm, 0.5 oz each Sample Size Unboxed, 0.5 Ounce (Pack of 3)",
        "price": "$14.97 ($4.99 / Fl Oz)",
        "listPrice": "",
        "imageUrl": "https://m.media-amazon.com/images/I/418ii8ihVES._SL160_.jpg",
        "detailPageURL": "https://www.amazon.com/dp/B093XQJC5C",
        "rating": "4.7",
        "totalReviews": "50",
        "subtitle": "Clinique",
        "isPrimeEligible": "1"
    },
    {
        "ASIN": "B09WYP8QS4",
        "title": "JUNO & Co. Exfoliating Face Wash, 10 Ingredients Facial Clarifying Cleansing Powder with Hyaluronic Acid for Extra Hydration 50g / 1.76oz",
        "price": "$17.99 ($10.22 / Ounce)",
        "listPrice": "",
        "imageUrl": "https://m.media-amazon.com/images/I/21hhUD1Sh8L._SL160_.jpg",
        "detailPageURL": "https://www.amazon.com/dp/B09WYP8QS4",
        "rating": "4.4",
        "totalReviews": "531",
        "subtitle": "JUNO & Co.",
        "isPrimeEligible": "1"
    },
    {
        "ASIN": "B07W5MP67Z",
        "title": "Premier Anti-Aging Duo the Cleansing Balm 90g (Clear)",
        "price": "$33.99 ($33.99 / Count)",
        "listPrice": "$39.99 ($39.99 / Count)",
        "imageUrl": "https://m.media-amazon.com/images/I/31jzVVKCEkL._SL160_.jpg",
        "detailPageURL": "https://www.amazon.com/dp/B07W5MP67Z",
        "rating": "4.3",
        "totalReviews": "2881",
        "subtitle": "Duo",
        "isPrimeEligible": "1"
    },
    {
        "ASIN": "B09MZM25DP",
        "title": "SheaMoisture Even and Radiant Face Cleanser For Uneven Skin Tone and Dark Spots 3-in-1 Cleansing Balm With Raw Honey 3.2 oz",
        "price": "$9.29 ($2.90 / Ounce)",
        "listPrice": "$9.99 ($3.12 / Ounce)",
        "imageUrl": "https://m.media-amazon.com/images/I/31oPoncG7oL._SL160_.jpg",
        "detailPageURL": "https://www.amazon.com/dp/B09MZM25DP",
        "rating": "4.1",
        "totalReviews": "152",
        "subtitle": "SheaMoisture",
        "isPrimeEligible": "1"
    },
    {
        "ASIN": "B0C89JCB7P",
        "title": "BEUKING Face Make-up Cleansing Cream Non-Greasy Face Remover Balm Make Wash Cream For Cleansing Make-up Skin Keeping Skin Softness Moisturizing (40 g)",
        "price": "$7.99 ($7.99 / Fl Oz)",
        "listPrice": "",
        "imageUrl": "https://m.media-amazon.com/images/I/31ff-3Gp9VL._SL160_.jpg",
        "detailPageURL": "https://www.amazon.com/dp/B0C89JCB7P",
        "rating": "",
        "totalReviews": "",
        "subtitle": "BEUKING",
        "isPrimeEligible": "1"
    },
    {
        "ASIN": "B0B6QN18T7",
        "title": "Saturday Skin Melt Cleanse Makeup Remover Balm Daily Cleansing Facial Balm to Oil Double Face Wash Vegan Remove Waterproof Makeup and Mascara",
        "price": "$30.00 ($8.88 / Ounce)",
        "listPrice": "",
        "imageUrl": "https://m.media-amazon.com/images/I/311YU5NERlL._SL160_.jpg",
        "detailPageURL": "https://www.amazon.com/dp/B0B6QN18T7",
        "rating": "4.6",
        "totalReviews": "85",
        "subtitle": "Saturday Skin",
        "isPrimeEligible": "1"
    },
    {
        "ASIN": "B0CC4VT97W",
        "title": "Makeup Removing Balm, Face Lipstick Eye Makeup Remover, Portable Cream Makeup Remover Balm, Cleansing Balm Makeup Remover, Travel Size Makeup Cleansing Balm, Mild & Easy Melting Balm Makeup Remover, Make Up Remover Stick for All Skin Type",
        "price": "$6.99 ($6.99 / Fl Oz)",
        "listPrice": "",
        "imageUrl": "https://m.media-amazon.com/images/I/41kmBV1DLTL._SL160_.jpg",
        "detailPageURL": "https://www.amazon.com/dp/B0CC4VT97W",
        "rating": "4.2",
        "totalReviews": "15",
        "subtitle": "Rosarden",
        "isPrimeEligible": "1"
    },
    {
        "ASIN": "B09KS7TG39",
        "title": "Bobbi Brown Extra Repair Cleansing Balm 100ml",
        "price": "$59.18 ($17.41 / Fl Oz)",
        "listPrice": "",
        "imageUrl": "https://m.media-amazon.com/images/I/31eeknyGwtL._SL160_.jpg",
        "detailPageURL": "https://www.amazon.com/dp/B09KS7TG39",
        "rating": "4.4",
        "totalReviews": "8",
        "subtitle": "Bobbi Brown",
        "isPrimeEligible": "1"
    },
    {
        "ASIN": "B0BWGJ4SW8",
        "title": "Rebecoco - Dermatest 5 Star - K-Beauty - All in One - Vegan Facial Cleansing Balm and Makeup Remover - All Natural Ingredients with No Fillers - 105g / 3.7oz - Made for All Skin Types",
        "price": "$17.95 ($0.17 / Ounce)",
        "listPrice": "",
        "imageUrl": "https://m.media-amazon.com/images/I/41p1Ro5iuNL._SL160_.jpg",
        "detailPageURL": "https://www.amazon.com/dp/B0BWGJ4SW8",
        "rating": "4.6",
        "totalReviews": "31",
        "subtitle": "Alliable Medical",
        "isPrimeEligible": "1"
    },
    {
        "ASIN": "B0B81VM76D",
        "title": "HYGGEE Soft Reset Green Cleansing Balm - Vegan Gentle Makeup Remover Sherbet Cleanser - Milky Oil Based Cleanser - Tea Tree Extract & Jojoba Oil - Hypoallergenic for Sensitive Skin, 3.38oz.",
        "price": "$32.00 ($9.47 / Ounce)",
        "listPrice": "",
        "imageUrl": "https://m.media-amazon.com/images/I/31Baz7S45DL._SL160_.jpg",
        "detailPageURL": "https://www.amazon.com/dp/B0B81VM76D",
        "rating": "4.8",
        "totalReviews": "31",
        "subtitle": "HYGGEE",
        "isPrimeEligible": "1"
    },
    {
        "ASIN": "B09WYP8QS4",
        "title": "JUNO & Co. Exfoliating Face Wash, 10 Ingredients Facial Clarifying Cleansing Powder with Hyaluronic Acid for Extra Hydration 50g / 1.76oz",
        "price": "$17.99 ($10.22 / Ounce)",
        "listPrice": "",
        "imageUrl": "https://m.media-amazon.com/images/I/21hhUD1Sh8L._SL160_.jpg",
        "detailPageURL": "https://www.amazon.com/dp/B09WYP8QS4",
        "rating": "4.4",
        "totalReviews": "531",
        "subtitle": "JUNO & Co.",
        "isPrimeEligible": "1"
    },
    {
        "ASIN": "B07W5MP67Z",
        "title": "Premier Anti-Aging Duo the Cleansing Balm 90g (Clear)",
        "price": "$33.99 ($33.99 / Count)",
        "listPrice": "$39.99 ($39.99 / Count)",
        "imageUrl": "https://m.media-amazon.com/images/I/31jzVVKCEkL._SL160_.jpg",
        "detailPageURL": "https://www.amazon.com/dp/B07W5MP67Z",
        "rating": "4.3",
        "totalReviews": "2881",
        "subtitle": "Duo",
        "isPrimeEligible": "1"
    },
    {
        "ASIN": "B09MZM25DP",
        "title": "SheaMoisture Even and Radiant Face Cleanser For Uneven Skin Tone and Dark Spots 3-in-1 Cleansing Balm With Raw Honey 3.2 oz",
        "price": "$9.29 ($2.90 / Ounce)",
        "listPrice": "$9.99 ($3.12 / Ounce)",
        "imageUrl": "https://m.media-amazon.com/images/I/31oPoncG7oL._SL160_.jpg",
        "detailPageURL": "https://www.amazon.com/dp/B09MZM25DP",
        "rating": "4.1",
        "totalReviews": "152",
        "subtitle": "SheaMoisture",
        "isPrimeEligible": "1"
    },
    {
        "ASIN": "B0C89JCB7P",
        "title": "BEUKING Face Make-up Cleansing Cream Non-Greasy Face Remover Balm Make Wash Cream For Cleansing Make-up Skin Keeping Skin Softness Moisturizing (40 g)",
        "price": "$7.99 ($7.99 / Fl Oz)",
        "listPrice": "",
        "imageUrl": "https://m.media-amazon.com/images/I/31ff-3Gp9VL._SL160_.jpg",
        "detailPageURL": "https://www.amazon.com/dp/B0C89JCB7P",
        "rating": "",
        "totalReviews": "",
        "subtitle": "BEUKING",
        "isPrimeEligible": "1"
    },
    {
        "ASIN": "B0B6QN18T7",
        "title": "Saturday Skin Melt Cleanse Makeup Remover Balm Daily Cleansing Facial Balm to Oil Double Face Wash Vegan Remove Waterproof Makeup and Mascara",
        "price": "$30.00 ($8.88 / Ounce)",
        "listPrice": "",
        "imageUrl": "https://m.media-amazon.com/images/I/311YU5NERlL._SL160_.jpg",
        "detailPageURL": "https://www.amazon.com/dp/B0B6QN18T7",
        "rating": "4.6",
        "totalReviews": "85",
        "subtitle": "Saturday Skin",
        "isPrimeEligible": "1"
    },
    {
        "ASIN": "B0CC4VT97W",
        "title": "Makeup Removing Balm, Face Lipstick Eye Makeup Remover, Portable Cream Makeup Remover Balm, Cleansing Balm Makeup Remover, Travel Size Makeup Cleansing Balm, Mild & Easy Melting Balm Makeup Remover, Make Up Remover Stick for All Skin Type",
        "price": "$6.99 ($6.99 / Fl Oz)",
        "listPrice": "",
        "imageUrl": "https://m.media-amazon.com/images/I/41kmBV1DLTL._SL160_.jpg",
        "detailPageURL": "https://www.amazon.com/dp/B0CC4VT97W",
        "rating": "4.2",
        "totalReviews": "15",
        "subtitle": "Rosarden",
        "isPrimeEligible": "1"
    },
    {
        "ASIN": "B09KS7TG39",
        "title": "Bobbi Brown Extra Repair Cleansing Balm 100ml",
        "price": "$59.18 ($17.41 / Fl Oz)",
        "listPrice": "",
        "imageUrl": "https://m.media-amazon.com/images/I/31eeknyGwtL._SL160_.jpg",
        "detailPageURL": "https://www.amazon.com/dp/B09KS7TG39",
        "rating": "4.4",
        "totalReviews": "8",
        "subtitle": "Bobbi Brown",
        "isPrimeEligible": "1"
    },
    {
        "ASIN": "B0BWGJ4SW8",
        "title": "Rebecoco - Dermatest 5 Star - K-Beauty - All in One - Vegan Facial Cleansing Balm and Makeup Remover - All Natural Ingredients with No Fillers - 105g / 3.7oz - Made for All Skin Types",
        "price": "$17.95 ($0.17 / Ounce)",
        "listPrice": "",
        "imageUrl": "https://m.media-amazon.com/images/I/41p1Ro5iuNL._SL160_.jpg",
        "detailPageURL": "https://www.amazon.com/dp/B0BWGJ4SW8",
        "rating": "4.6",
        "totalReviews": "31",
        "subtitle": "Alliable Medical",
        "isPrimeEligible": "1"
    },
    {
        "ASIN": "B0B81VM76D",
        "title": "HYGGEE Soft Reset Green Cleansing Balm - Vegan Gentle Makeup Remover Sherbet Cleanser - Milky Oil Based Cleanser - Tea Tree Extract & Jojoba Oil - Hypoallergenic for Sensitive Skin, 3.38oz.",
        "price": "$32.00 ($9.47 / Ounce)",
        "listPrice": "",
        "imageUrl": "https://m.media-amazon.com/images/I/31Baz7S45DL._SL160_.jpg",
        "detailPageURL": "https://www.amazon.com/dp/B0B81VM76D",
        "rating": "4.8",
        "totalReviews": "31",
        "subtitle": "HYGGEE",
        "isPrimeEligible": "1"
    },
    {
        "ASIN": "B0CGV5M59K",
        "title": "Alpha-H | Melting Moment Cleansing Balm",
        "price": "$50.00 ($15.77 / Ounce)",
        "listPrice": "",
        "imageUrl": "https://m.media-amazon.com/images/I/31VZk3FQiCL._SL160_.jpg",
        "detailPageURL": "https://www.amazon.com/dp/B0CGV5M59K",
        "rating": "",
        "totalReviews": "",
        "subtitle": "",
        "isPrimeEligible": "1"
    },
    {
        "ASIN": "B07W5MP67Z",
        "title": "Premier Anti-Aging Duo the Cleansing Balm 90g (Clear)",
        "price": "$33.99 ($33.99 / Count)",
        "listPrice": "$39.99 ($39.99 / Count)",
        "imageUrl": "https://m.media-amazon.com/images/I/31jzVVKCEkL._SL160_.jpg",
        "detailPageURL": "https://www.amazon.com/dp/B07W5MP67Z",
        "rating": "4.3",
        "totalReviews": "2881",
        "subtitle": "Duo",
        "isPrimeEligible": "1"
    },
    {
        "ASIN": "B09MZM25DP",
        "title": "SheaMoisture Even and Radiant Face Cleanser For Uneven Skin Tone and Dark Spots 3-in-1 Cleansing Balm With Raw Honey 3.2 oz",
        "price": "$9.29 ($2.90 / Ounce)",
        "listPrice": "$9.99 ($3.12 / Ounce)",
        "imageUrl": "https://m.media-amazon.com/images/I/31oPoncG7oL._SL160_.jpg",
        "detailPageURL": "https://www.amazon.com/dp/B09MZM25DP",
        "rating": "4.1",
        "totalReviews": "152",
        "subtitle": "SheaMoisture",
        "isPrimeEligible": "1"
    },
    {
        "ASIN": "B0C89JCB7P",
        "title": "BEUKING Face Make-up Cleansing Cream Non-Greasy Face Remover Balm Make Wash Cream For Cleansing Make-up Skin Keeping Skin Softness Moisturizing (40 g)",
        "price": "$7.99 ($7.99 / Fl Oz)",
        "listPrice": "",
        "imageUrl": "https://m.media-amazon.com/images/I/31ff-3Gp9VL._SL160_.jpg",
        "detailPageURL": "https://www.amazon.com/dp/B0C89JCB7P",
        "rating": "",
        "totalReviews": "",
        "subtitle": "BEUKING",
        "isPrimeEligible": "1"
    },
    {
        "ASIN": "B0B6QN18T7",
        "title": "Saturday Skin Melt Cleanse Makeup Remover Balm Daily Cleansing Facial Balm to Oil Double Face Wash Vegan Remove Waterproof Makeup and Mascara",
        "price": "$30.00 ($8.88 / Ounce)",
        "listPrice": "",
        "imageUrl": "https://m.media-amazon.com/images/I/311YU5NERlL._SL160_.jpg",
        "detailPageURL": "https://www.amazon.com/dp/B0B6QN18T7",
        "rating": "4.6",
        "totalReviews": "85",
        "subtitle": "Saturday Skin",
        "isPrimeEligible": "1"
    },
    {
        "ASIN": "B0CC4VT97W",
        "title": "Makeup Removing Balm, Face Lipstick Eye Makeup Remover, Portable Cream Makeup Remover Balm, Cleansing Balm Makeup Remover, Travel Size Makeup Cleansing Balm, Mild & Easy Melting Balm Makeup Remover, Make Up Remover Stick for All Skin Type",
        "price": "$6.99 ($6.99 / Fl Oz)",
        "listPrice": "",
        "imageUrl": "https://m.media-amazon.com/images/I/41kmBV1DLTL._SL160_.jpg",
        "detailPageURL": "https://www.amazon.com/dp/B0CC4VT97W",
        "rating": "4.2",
        "totalReviews": "15",
        "subtitle": "Rosarden",
        "isPrimeEligible": "1"
    },
    {
        "ASIN": "B09KS7TG39",
        "title": "Bobbi Brown Extra Repair Cleansing Balm 100ml",
        "price": "$59.18 ($17.41 / Fl Oz)",
        "listPrice": "",
        "imageUrl": "https://m.media-amazon.com/images/I/31eeknyGwtL._SL160_.jpg",
        "detailPageURL": "https://www.amazon.com/dp/B09KS7TG39",
        "rating": "4.4",
        "totalReviews": "8",
        "subtitle": "Bobbi Brown",
        "isPrimeEligible": "1"
    },
    {
        "ASIN": "B0BWGJ4SW8",
        "title": "Rebecoco - Dermatest 5 Star - K-Beauty - All in One - Vegan Facial Cleansing Balm and Makeup Remover - All Natural Ingredients with No Fillers - 105g / 3.7oz - Made for All Skin Types",
        "price": "$17.95 ($0.17 / Ounce)",
        "listPrice": "",
        "imageUrl": "https://m.media-amazon.com/images/I/41p1Ro5iuNL._SL160_.jpg",
        "detailPageURL": "https://www.amazon.com/dp/B0BWGJ4SW8",
        "rating": "4.6",
        "totalReviews": "31",
        "subtitle": "Alliable Medical",
        "isPrimeEligible": "1"
    },
    {
        "ASIN": "B0B81VM76D",
        "title": "HYGGEE Soft Reset Green Cleansing Balm - Vegan Gentle Makeup Remover Sherbet Cleanser - Milky Oil Based Cleanser - Tea Tree Extract & Jojoba Oil - Hypoallergenic for Sensitive Skin, 3.38oz.",
        "price": "$32.00 ($9.47 / Ounce)",
        "listPrice": "",
        "imageUrl": "https://m.media-amazon.com/images/I/31Baz7S45DL._SL160_.jpg",
        "detailPageURL": "https://www.amazon.com/dp/B0B81VM76D",
        "rating": "4.8",
        "totalReviews": "31",
        "subtitle": "HYGGEE",
        "isPrimeEligible": "1"
    },
    {
        "ASIN": "B0CGV5M59K",
        "title": "Alpha-H | Melting Moment Cleansing Balm",
        "price": "$50.00 ($15.77 / Ounce)",
        "listPrice": "",
        "imageUrl": "https://m.media-amazon.com/images/I/31VZk3FQiCL._SL160_.jpg",
        "detailPageURL": "https://www.amazon.com/dp/B0CGV5M59K",
        "rating": "",
        "totalReviews": "",
        "subtitle": "",
        "isPrimeEligible": "1"
    },
    {
        "ASIN": "B09FS92WLX",
        "title": "Nyakio Sweet Cleansing Oil Balm",
        "price": "$11.99 ($3.24 / Fl Oz)",
        "listPrice": "",
        "imageUrl": "https://m.media-amazon.com/images/I/31b0a6IwQJL._SL160_.jpg",
        "detailPageURL": "https://www.amazon.com/dp/B09FS92WLX",
        "rating": "4.7",
        "totalReviews": "6",
        "subtitle": "Nyakio",
        "isPrimeEligible": "1"
    },
    {
        "ASIN": "B09MZM25DP",
        "title": "SheaMoisture Even and Radiant Face Cleanser For Uneven Skin Tone and Dark Spots 3-in-1 Cleansing Balm With Raw Honey 3.2 oz",
        "price": "$9.29 ($2.90 / Ounce)",
        "listPrice": "$9.99 ($3.12 / Ounce)",
        "imageUrl": "https://m.media-amazon.com/images/I/31oPoncG7oL._SL160_.jpg",
        "detailPageURL": "https://www.amazon.com/dp/B09MZM25DP",
        "rating": "4.1",
        "totalReviews": "152",
        "subtitle": "SheaMoisture",
        "isPrimeEligible": "1"
    },
    {
        "ASIN": "B0C89JCB7P",
        "title": "BEUKING Face Make-up Cleansing Cream Non-Greasy Face Remover Balm Make Wash Cream For Cleansing Make-up Skin Keeping Skin Softness Moisturizing (40 g)",
        "price": "$7.99 ($7.99 / Fl Oz)",
        "listPrice": "",
        "imageUrl": "https://m.media-amazon.com/images/I/31ff-3Gp9VL._SL160_.jpg",
        "detailPageURL": "https://www.amazon.com/dp/B0C89JCB7P",
        "rating": "",
        "totalReviews": "",
        "subtitle": "BEUKING",
        "isPrimeEligible": "1"
    },
    {
        "ASIN": "B0B6QN18T7",
        "title": "Saturday Skin Melt Cleanse Makeup Remover Balm Daily Cleansing Facial Balm to Oil Double Face Wash Vegan Remove Waterproof Makeup and Mascara",
        "price": "$30.00 ($8.88 / Ounce)",
        "listPrice": "",
        "imageUrl": "https://m.media-amazon.com/images/I/311YU5NERlL._SL160_.jpg",
        "detailPageURL": "https://www.amazon.com/dp/B0B6QN18T7",
        "rating": "4.6",
        "totalReviews": "85",
        "subtitle": "Saturday Skin",
        "isPrimeEligible": "1"
    },
    {
        "ASIN": "B0CC4VT97W",
        "title": "Makeup Removing Balm, Face Lipstick Eye Makeup Remover, Portable Cream Makeup Remover Balm, Cleansing Balm Makeup Remover, Travel Size Makeup Cleansing Balm, Mild & Easy Melting Balm Makeup Remover, Make Up Remover Stick for All Skin Type",
        "price": "$6.99 ($6.99 / Fl Oz)",
        "listPrice": "",
        "imageUrl": "https://m.media-amazon.com/images/I/41kmBV1DLTL._SL160_.jpg",
        "detailPageURL": "https://www.amazon.com/dp/B0CC4VT97W",
        "rating": "4.2",
        "totalReviews": "15",
        "subtitle": "Rosarden",
        "isPrimeEligible": "1"
    },
    {
        "ASIN": "B09KS7TG39",
        "title": "Bobbi Brown Extra Repair Cleansing Balm 100ml",
        "price": "$59.18 ($17.41 / Fl Oz)",
        "listPrice": "",
        "imageUrl": "https://m.media-amazon.com/images/I/31eeknyGwtL._SL160_.jpg",
        "detailPageURL": "https://www.amazon.com/dp/B09KS7TG39",
        "rating": "4.4",
        "totalReviews": "8",
        "subtitle": "Bobbi Brown",
        "isPrimeEligible": "1"
    },
    {
        "ASIN": "B0BWGJ4SW8",
        "title": "Rebecoco - Dermatest 5 Star - K-Beauty - All in One - Vegan Facial Cleansing Balm and Makeup Remover - All Natural Ingredients with No Fillers - 105g / 3.7oz - Made for All Skin Types",
        "price": "$17.95 ($0.17 / Ounce)",
        "listPrice": "",
        "imageUrl": "https://m.media-amazon.com/images/I/41p1Ro5iuNL._SL160_.jpg",
        "detailPageURL": "https://www.amazon.com/dp/B0BWGJ4SW8",
        "rating": "4.6",
        "totalReviews": "31",
        "subtitle": "Alliable Medical",
        "isPrimeEligible": "1"
    },
    {
        "ASIN": "B0B81VM76D",
        "title": "HYGGEE Soft Reset Green Cleansing Balm - Vegan Gentle Makeup Remover Sherbet Cleanser - Milky Oil Based Cleanser - Tea Tree Extract & Jojoba Oil - Hypoallergenic for Sensitive Skin, 3.38oz.",
        "price": "$32.00 ($9.47 / Ounce)",
        "listPrice": "",
        "imageUrl": "https://m.media-amazon.com/images/I/31Baz7S45DL._SL160_.jpg",
        "detailPageURL": "https://www.amazon.com/dp/B0B81VM76D",
        "rating": "4.8",
        "totalReviews": "31",
        "subtitle": "HYGGEE",
        "isPrimeEligible": "1"
    },
    {
        "ASIN": "B0CGV5M59K",
        "title": "Alpha-H | Melting Moment Cleansing Balm",
        "price": "$50.00 ($15.77 / Ounce)",
        "listPrice": "",
        "imageUrl": "https://m.media-amazon.com/images/I/31VZk3FQiCL._SL160_.jpg",
        "detailPageURL": "https://www.amazon.com/dp/B0CGV5M59K",
        "rating": "",
        "totalReviews": "",
        "subtitle": "",
        "isPrimeEligible": "1"
    },
    {
        "ASIN": "B09FS92WLX",
        "title": "Nyakio Sweet Cleansing Oil Balm",
        "price": "$11.99 ($3.24 / Fl Oz)",
        "listPrice": "",
        "imageUrl": "https://m.media-amazon.com/images/I/31b0a6IwQJL._SL160_.jpg",
        "detailPageURL": "https://www.amazon.com/dp/B09FS92WLX",
        "rating": "4.7",
        "totalReviews": "6",
        "subtitle": "Nyakio",
        "isPrimeEligible": "1"
    },
    {
        "ASIN": "B09NL6ZGTJ",
        "title": "Wander Beauty B.O.M Voyage Cleansing Balm - Melt Away Cleanser and Makeup Remover for Eyes & Face - Cleansing Balm Makeup Remover - Nourishing Face Wash - Transforming Balm to Oil to Milk Cleanser",
        "price": "$34.00 ($10.06 / Ounce)",
        "listPrice": "",
        "imageUrl": "https://m.media-amazon.com/images/I/21EgINx+l4L._SL160_.jpg",
        "detailPageURL": "https://www.amazon.com/dp/B09NL6ZGTJ",
        "rating": "4.2",
        "totalReviews": "20",
        "subtitle": "Wander Beauty",
        "isPrimeEligible": "1"
    },
    {
        "ASIN": "B0C89JCB7P",
        "title": "BEUKING Face Make-up Cleansing Cream Non-Greasy Face Remover Balm Make Wash Cream For Cleansing Make-up Skin Keeping Skin Softness Moisturizing (40 g)",
        "price": "$7.99 ($7.99 / Fl Oz)",
        "listPrice": "",
        "imageUrl": "https://m.media-amazon.com/images/I/31ff-3Gp9VL._SL160_.jpg",
        "detailPageURL": "https://www.amazon.com/dp/B0C89JCB7P",
        "rating": "",
        "totalReviews": "",
        "subtitle": "BEUKING",
        "isPrimeEligible": "1"
    },
    {
        "ASIN": "B0B6QN18T7",
        "title": "Saturday Skin Melt Cleanse Makeup Remover Balm Daily Cleansing Facial Balm to Oil Double Face Wash Vegan Remove Waterproof Makeup and Mascara",
        "price": "$30.00 ($8.88 / Ounce)",
        "listPrice": "",
        "imageUrl": "https://m.media-amazon.com/images/I/311YU5NERlL._SL160_.jpg",
        "detailPageURL": "https://www.amazon.com/dp/B0B6QN18T7",
        "rating": "4.6",
        "totalReviews": "85",
        "subtitle": "Saturday Skin",
        "isPrimeEligible": "1"
    },
    {
        "ASIN": "B0CC4VT97W",
        "title": "Makeup Removing Balm, Face Lipstick Eye Makeup Remover, Portable Cream Makeup Remover Balm, Cleansing Balm Makeup Remover, Travel Size Makeup Cleansing Balm, Mild & Easy Melting Balm Makeup Remover, Make Up Remover Stick for All Skin Type",
        "price": "$6.99 ($6.99 / Fl Oz)",
        "listPrice": "",
        "imageUrl": "https://m.media-amazon.com/images/I/41kmBV1DLTL._SL160_.jpg",
        "detailPageURL": "https://www.amazon.com/dp/B0CC4VT97W",
        "rating": "4.2",
        "totalReviews": "15",
        "subtitle": "Rosarden",
        "isPrimeEligible": "1"
    },
    {
        "ASIN": "B09KS7TG39",
        "title": "Bobbi Brown Extra Repair Cleansing Balm 100ml",
        "price": "$59.18 ($17.41 / Fl Oz)",
        "listPrice": "",
        "imageUrl": "https://m.media-amazon.com/images/I/31eeknyGwtL._SL160_.jpg",
        "detailPageURL": "https://www.amazon.com/dp/B09KS7TG39",
        "rating": "4.4",
        "totalReviews": "8",
        "subtitle": "Bobbi Brown",
        "isPrimeEligible": "1"
    },
    {
        "ASIN": "B0BWGJ4SW8",
        "title": "Rebecoco - Dermatest 5 Star - K-Beauty - All in One - Vegan Facial Cleansing Balm and Makeup Remover - All Natural Ingredients with No Fillers - 105g / 3.7oz - Made for All Skin Types",
        "price": "$17.95 ($0.17 / Ounce)",
        "listPrice": "",
        "imageUrl": "https://m.media-amazon.com/images/I/41p1Ro5iuNL._SL160_.jpg",
        "detailPageURL": "https://www.amazon.com/dp/B0BWGJ4SW8",
        "rating": "4.6",
        "totalReviews": "31",
        "subtitle": "Alliable Medical",
        "isPrimeEligible": "1"
    },
    {
        "ASIN": "B0B81VM76D",
        "title": "HYGGEE Soft Reset Green Cleansing Balm - Vegan Gentle Makeup Remover Sherbet Cleanser - Milky Oil Based Cleanser - Tea Tree Extract & Jojoba Oil - Hypoallergenic for Sensitive Skin, 3.38oz.",
        "price": "$32.00 ($9.47 / Ounce)",
        "listPrice": "",
        "imageUrl": "https://m.media-amazon.com/images/I/31Baz7S45DL._SL160_.jpg",
        "detailPageURL": "https://www.amazon.com/dp/B0B81VM76D",
        "rating": "4.8",
        "totalReviews": "31",
        "subtitle": "HYGGEE",
        "isPrimeEligible": "1"
    },
    {
        "ASIN": "B0CGV5M59K",
        "title": "Alpha-H | Melting Moment Cleansing Balm",
        "price": "$50.00 ($15.77 / Ounce)",
        "listPrice": "",
        "imageUrl": "https://m.media-amazon.com/images/I/31VZk3FQiCL._SL160_.jpg",
        "detailPageURL": "https://www.amazon.com/dp/B0CGV5M59K",
        "rating": "",
        "totalReviews": "",
        "subtitle": "",
        "isPrimeEligible": "1"
    },
    {
        "ASIN": "B09FS92WLX",
        "title": "Nyakio Sweet Cleansing Oil Balm",
        "price": "$11.99 ($3.24 / Fl Oz)",
        "listPrice": "",
        "imageUrl": "https://m.media-amazon.com/images/I/31b0a6IwQJL._SL160_.jpg",
        "detailPageURL": "https://www.amazon.com/dp/B09FS92WLX",
        "rating": "4.7",
        "totalReviews": "6",
        "subtitle": "Nyakio",
        "isPrimeEligible": "1"
    },
    {
        "ASIN": "B09NL6ZGTJ",
        "title": "Wander Beauty B.O.M Voyage Cleansing Balm - Melt Away Cleanser and Makeup Remover for Eyes & Face - Cleansing Balm Makeup Remover - Nourishing Face Wash - Transforming Balm to Oil to Milk Cleanser",
        "price": "$34.00 ($10.06 / Ounce)",
        "listPrice": "",
        "imageUrl": "https://m.media-amazon.com/images/I/21EgINx+l4L._SL160_.jpg",
        "detailPageURL": "https://www.amazon.com/dp/B09NL6ZGTJ",
        "rating": "4.2",
        "totalReviews": "20",
        "subtitle": "Wander Beauty",
        "isPrimeEligible": "1"
    },
    {
        "ASIN": "B09YYX34ZP",
        "title": "SheaMoisture Men, Cleansing Balm with Shea Butter, Vitamin E & Coconut Oil to Cleanse, Moisturize & Soften Facial Skin, Facial Cleanser for Clean Shaven Face and Beard, Pack of 2 \u2013 3.4 Oz Ea",
        "price": "$21.96 ($3.23 / Ounce)",
        "listPrice": "",
        "imageUrl": "https://m.media-amazon.com/images/I/41dXbSpSY5L._SL160_.jpg",
        "detailPageURL": "https://www.amazon.com/dp/B09YYX34ZP",
        "rating": "4.6",
        "totalReviews": "11",
        "subtitle": "SheaMoisture",
        "isPrimeEligible": "1"
    },
    {
        "ASIN": "B0B6QN18T7",
        "title": "Saturday Skin Melt Cleanse Makeup Remover Balm Daily Cleansing Facial Balm to Oil Double Face Wash Vegan Remove Waterproof Makeup and Mascara",
        "price": "$30.00 ($8.88 / Ounce)",
        "listPrice": "",
        "imageUrl": "https://m.media-amazon.com/images/I/311YU5NERlL._SL160_.jpg",
        "detailPageURL": "https://www.amazon.com/dp/B0B6QN18T7",
        "rating": "4.6",
        "totalReviews": "85",
        "subtitle": "Saturday Skin",
        "isPrimeEligible": "1"
    },
    {
        "ASIN": "B0CC4VT97W",
        "title": "Makeup Removing Balm, Face Lipstick Eye Makeup Remover, Portable Cream Makeup Remover Balm, Cleansing Balm Makeup Remover, Travel Size Makeup Cleansing Balm, Mild & Easy Melting Balm Makeup Remover, Make Up Remover Stick for All Skin Type",
        "price": "$6.99 ($6.99 / Fl Oz)",
        "listPrice": "",
        "imageUrl": "https://m.media-amazon.com/images/I/41kmBV1DLTL._SL160_.jpg",
        "detailPageURL": "https://www.amazon.com/dp/B0CC4VT97W",
        "rating": "4.2",
        "totalReviews": "15",
        "subtitle": "Rosarden",
        "isPrimeEligible": "1"
    },
    {
        "ASIN": "B09KS7TG39",
        "title": "Bobbi Brown Extra Repair Cleansing Balm 100ml",
        "price": "$59.18 ($17.41 / Fl Oz)",
        "listPrice": "",
        "imageUrl": "https://m.media-amazon.com/images/I/31eeknyGwtL._SL160_.jpg",
        "detailPageURL": "https://www.amazon.com/dp/B09KS7TG39",
        "rating": "4.4",
        "totalReviews": "8",
        "subtitle": "Bobbi Brown",
        "isPrimeEligible": "1"
    },
    {
        "ASIN": "B0BWGJ4SW8",
        "title": "Rebecoco - Dermatest 5 Star - K-Beauty - All in One - Vegan Facial Cleansing Balm and Makeup Remover - All Natural Ingredients with No Fillers - 105g / 3.7oz - Made for All Skin Types",
        "price": "$17.95 ($0.17 / Ounce)",
        "listPrice": "",
        "imageUrl": "https://m.media-amazon.com/images/I/41p1Ro5iuNL._SL160_.jpg",
        "detailPageURL": "https://www.amazon.com/dp/B0BWGJ4SW8",
        "rating": "4.6",
        "totalReviews": "31",
        "subtitle": "Alliable Medical",
        "isPrimeEligible": "1"
    },
    {
        "ASIN": "B0B81VM76D",
        "title": "HYGGEE Soft Reset Green Cleansing Balm - Vegan Gentle Makeup Remover Sherbet Cleanser - Milky Oil Based Cleanser - Tea Tree Extract & Jojoba Oil - Hypoallergenic for Sensitive Skin, 3.38oz.",
        "price": "$32.00 ($9.47 / Ounce)",
        "listPrice": "",
        "imageUrl": "https://m.media-amazon.com/images/I/31Baz7S45DL._SL160_.jpg",
        "detailPageURL": "https://www.amazon.com/dp/B0B81VM76D",
        "rating": "4.8",
        "totalReviews": "31",
        "subtitle": "HYGGEE",
        "isPrimeEligible": "1"
    },
    {
        "ASIN": "B0CGV5M59K",
        "title": "Alpha-H | Melting Moment Cleansing Balm",
        "price": "$50.00 ($15.77 / Ounce)",
        "listPrice": "",
        "imageUrl": "https://m.media-amazon.com/images/I/31VZk3FQiCL._SL160_.jpg",
        "detailPageURL": "https://www.amazon.com/dp/B0CGV5M59K",
        "rating": "",
        "totalReviews": "",
        "subtitle": "",
        "isPrimeEligible": "1"
    },
    {
        "ASIN": "B09FS92WLX",
        "title": "Nyakio Sweet Cleansing Oil Balm",
        "price": "$11.99 ($3.24 / Fl Oz)",
        "listPrice": "",
        "imageUrl": "https://m.media-amazon.com/images/I/31b0a6IwQJL._SL160_.jpg",
        "detailPageURL": "https://www.amazon.com/dp/B09FS92WLX",
        "rating": "4.7",
        "totalReviews": "6",
        "subtitle": "Nyakio",
        "isPrimeEligible": "1"
    },
    {
        "ASIN": "B09NL6ZGTJ",
        "title": "Wander Beauty B.O.M Voyage Cleansing Balm - Melt Away Cleanser and Makeup Remover for Eyes & Face - Cleansing Balm Makeup Remover - Nourishing Face Wash - Transforming Balm to Oil to Milk Cleanser",
        "price": "$34.00 ($10.06 / Ounce)",
        "listPrice": "",
        "imageUrl": "https://m.media-amazon.com/images/I/21EgINx+l4L._SL160_.jpg",
        "detailPageURL": "https://www.amazon.com/dp/B09NL6ZGTJ",
        "rating": "4.2",
        "totalReviews": "20",
        "subtitle": "Wander Beauty",
        "isPrimeEligible": "1"
    },
    {
        "ASIN": "B09YYX34ZP",
        "title": "SheaMoisture Men, Cleansing Balm with Shea Butter, Vitamin E & Coconut Oil to Cleanse, Moisturize & Soften Facial Skin, Facial Cleanser for Clean Shaven Face and Beard, Pack of 2 \u2013 3.4 Oz Ea",
        "price": "$21.96 ($3.23 / Ounce)",
        "listPrice": "",
        "imageUrl": "https://m.media-amazon.com/images/I/41dXbSpSY5L._SL160_.jpg",
        "detailPageURL": "https://www.amazon.com/dp/B09YYX34ZP",
        "rating": "4.6",
        "totalReviews": "11",
        "subtitle": "SheaMoisture",
        "isPrimeEligible": "1"
    },
    {
        "ASIN": "B0BPSH5T4D",
        "title": "Babor Hyaluronic Cleansing Balm to Oil for Demanding Skin, Gentle Cleansing for Face Infused with Hyaluronic Acid to Hydrate Skin, 150 ml",
        "price": "$69.90 ($13.79 / Ounce)",
        "listPrice": "",
        "imageUrl": "https://m.media-amazon.com/images/I/517NgUXT3LL._SL160_.jpg",
        "detailPageURL": "https://www.amazon.com/dp/B0BPSH5T4D",
        "rating": "4.6",
        "totalReviews": "67",
        "subtitle": "",
        "isPrimeEligible": "1"
    }
]