[
    {
        "ASIN": "B00PBX3L7K",
        "title": "COSRX Snail Mucin 96% Power Repairing Essence 3.38 fl.oz 100ml, Hydrating Serum for Face with Snail Secretion Filtrate for Dull & Damaged Skin, Not Tested on Animals, No Parabens, Korean Skincare",
        "price": "$15.92 ($4.71 / Fl Oz)",
        "listPrice": "$25.00 ($7.40 / Fl Oz)",
        "imageUrl": "https://m.media-amazon.com/images/I/314C4xFq5jL._SL160_.jpg",
        "detailPageURL": "https://www.amazon.com/dp/B00PBX3L7K",
        "rating": "4.6",
        "totalReviews": "47649",
        "subtitle": "COSRX",
        "isPrimeEligible": "1"
    },
    {
        "ASIN": "B00GSUCEJ6",
        "title": "essence | I Love Extreme Volume Mascara Crazy Volume | Paraben Free | Cruelty Free | Black (Pack of 1, Crazy Volume)",
        "price": "$4.99",
        "listPrice": "",
        "imageUrl": "https://m.media-amazon.com/images/I/31GIVj+s8cL._SL160_.jpg",
        "detailPageURL": "https://www.amazon.com/dp/B00GSUCEJ6",
        "rating": "4.3",
        "totalReviews": "10466",
        "subtitle": "essence cosmetics",
        "isPrimeEligible": "1"
    },
    {
        "ASIN": "B08VW5974C",
        "title": "essence | Lash Princess Curl Mascara | For Dramatic Curl & Volume | Vegan | Paraben Free | Cruelty Free",
        "price": "$4.99",
        "listPrice": "",
        "imageUrl": "https://m.media-amazon.com/images/I/31-lIT8dVkS._SL160_.jpg",
        "detailPageURL": "https://www.amazon.com/dp/B08VW5974C",
        "rating": "4.4",
        "totalReviews": "20212",
        "subtitle": "essence cosmetics",
        "isPrimeEligible": "1"
    },
    {
        "ASIN": "B08X65PG5S",
        "title": "The Essence: A Guided Journey of Discovery through the Bible",
        "price": "$9.95",
        "listPrice": "",
        "imageUrl": "https://m.media-amazon.com/images/I/51+R2Vf6QTL._SL160_.jpg",
        "detailPageURL": "https://www.amazon.com/dp/B08X65PG5S",
        "rating": "4.7",
        "totalReviews": "68",
        "subtitle": "",
        "isPrimeEligible": "0"
    },
    {
        "ASIN": "B08RLZ28QK",
        "title": "Beauty of Joseon Ginseng Essence Water, 150ml, 5fl.oz.",
        "price": "$18.00 ($3.60 / Fl Oz)",
        "listPrice": "",
        "imageUrl": "https://m.media-amazon.com/images/I/31i-dM7yv6L._SL160_.jpg",
        "detailPageURL": "https://www.amazon.com/dp/B08RLZ28QK",
        "rating": "4.6",
        "totalReviews": "1731",
        "subtitle": "",
        "isPrimeEligible": "1"
    },
    {
        "ASIN": "B0BPDL2L95",
        "title": "essence | Baby Got Bronze | Cream Bronzer Stick Easy to Apply & Blend | Vegan & Cruelty Free | Free From Gluten, Parabens, Preservatives, & Microplastic Particles (30 | Mocha Me Crazy)",
        "price": "$4.99 ($26.26 / Fl Oz)",
        "listPrice": "",
        "imageUrl": "https://m.media-amazon.com/images/I/31qE2oQ+AkL._SL160_.jpg",
        "detailPageURL": "https://www.amazon.com/dp/B0BPDL2L95",
        "rating": "4.0",
        "totalReviews": "318",
        "subtitle": "essence cosmetics",
        "isPrimeEligible": "1"
    },
    {
        "ASIN": "B0BPJTPVZD",
        "title": "essence | Keep Me Covered Concealer (40 | Shell) | Lightweight, Non-Comedogenic, Buildable Coverage | Vegan & Cruelty Free | Free From Parabens, Oil, Alcohol, & Microplastic Particles",
        "price": "$4.99 ($45.36 / Fl Oz)",
        "listPrice": "",
        "imageUrl": "https://m.media-amazon.com/images/I/41Zcp7t4VJL._SL160_.jpg",
        "detailPageURL": "https://www.amazon.com/dp/B0BPJTPVZD",
        "rating": "4.2",
        "totalReviews": "724",
        "subtitle": "essence cosmetics",
        "isPrimeEligible": "1"
    },
    {
        "ASIN": "B01KHN0T96",
        "title": "Essence (Love, California Book 4)",
        "price": "$5.99",
        "listPrice": "",
        "imageUrl": "https://m.media-amazon.com/images/I/51RSKN2jzTL._SL160_.jpg",
        "detailPageURL": "https://www.amazon.com/dp/B01KHN0T96",
        "rating": "4.6",
        "totalReviews": "591",
        "subtitle": "",
        "isPrimeEligible": "0"
    },
    {
        "ASIN": "B0CGVQ9ZZL",
        "title": "Cono Essence Skin Care Serum, Cono Peptide Essence 84% Anti-Wrinkle Serum, Cono Peptide Essence Anti-Aging Wrinkle Serum, Instant Lifting Face Skin Care, Reduce Pigmentation And Fine Lines (1 PC)",
        "price": "$5.99 ($5.99 / Fl Oz)",
        "listPrice": "",
        "imageUrl": "https://m.media-amazon.com/images/I/41bHXWcQoLL._SL160_.jpg",
        "detailPageURL": "https://www.amazon.com/dp/B0CGVQ9ZZL",
        "rating": "",
        "totalReviews": "",
        "subtitle": "scaling women",
        "isPrimeEligible": "0"
    },
    {
        "ASIN": "B06WW9SJ5M",
        "title": "essence | Lash Princess Sculpted Volume Mascara | Paraben Free | Cruelty Free - Black (1-count)",
        "price": "$4.99 ($4.99 / Count)",
        "listPrice": "",
        "imageUrl": "https://m.media-amazon.com/images/I/31t55QaDUgL._SL160_.jpg",
        "detailPageURL": "https://www.amazon.com/dp/B06WW9SJ5M",
        "rating": "4.4",
        "totalReviews": "28860",
        "subtitle": "essence cosmetics",
        "isPrimeEligible": "1"
    },
    {
        "ASIN": "B00GSUCEJ6",
        "title": "essence | I Love Extreme Volume Mascara Crazy Volume | Paraben Free | Cruelty Free | Black (Pack of 1, Crazy Volume)",
        "price": "$4.99",
        "listPrice": "",
        "imageUrl": "https://m.media-amazon.com/images/I/31GIVj+s8cL._SL160_.jpg",
        "detailPageURL": "https://www.amazon.com/dp/B00GSUCEJ6",
        "rating": "4.3",
        "totalReviews": "10466",
        "subtitle": "essence cosmetics",
        "isPrimeEligible": "1"
    },
    {
        "ASIN": "B08VW5974C",
        "title": "essence | Lash Princess Curl Mascara | For Dramatic Curl & Volume | Vegan | Paraben Free | Cruelty Free",
        "price": "$4.99",
        "listPrice": "",
        "imageUrl": "https://m.media-amazon.com/images/I/31-lIT8dVkS._SL160_.jpg",
        "detailPageURL": "https://www.amazon.com/dp/B08VW5974C",
        "rating": "4.4",
        "totalReviews": "20212",
        "subtitle": "essence cosmetics",
        "isPrimeEligible": "1"
    },
    {
        "ASIN": "B08X65PG5S",
        "title": "The Essence: A Guided Journey of Discovery through the Bible",
        "price": "$9.95",
        "listPrice": "",
        "imageUrl": "https://m.media-amazon.com/images/I/51+R2Vf6QTL._SL160_.jpg",
        "detailPageURL": "https://www.amazon.com/dp/B08X65PG5S",
        "rating": "4.7",
        "totalReviews": "68",
        "subtitle": "",
        "isPrimeEligible": "0"
    },
    {
        "ASIN": "B08RLZ28QK",
        "title": "Beauty of Joseon Ginseng Essence Water, 150ml, 5fl.oz.",
        "price": "$18.00 ($3.60 / Fl Oz)",
        "listPrice": "",
        "imageUrl": "https://m.media-amazon.com/images/I/31i-dM7yv6L._SL160_.jpg",
        "detailPageURL": "https://www.amazon.com/dp/B08RLZ28QK",
        "rating": "4.6",
        "totalReviews": "1731",
        "subtitle": "",
        "isPrimeEligible": "1"
    },
    {
        "ASIN": "B0BPDL2L95",
        "title": "essence | Baby Got Bronze | Cream Bronzer Stick Easy to Apply & Blend | Vegan & Cruelty Free | Free From Gluten, Parabens, Preservatives, & Microplastic Particles (30 | Mocha Me Crazy)",
        "price": "$4.99 ($26.26 / Fl Oz)",
        "listPrice": "",
        "imageUrl": "https://m.media-amazon.com/images/I/31qE2oQ+AkL._SL160_.jpg",
        "detailPageURL": "https://www.amazon.com/dp/B0BPDL2L95",
        "rating": "4.0",
        "totalReviews": "318",
        "subtitle": "essence cosmetics",
        "isPrimeEligible": "1"
    },
    {
        "ASIN": "B0BPJTPVZD",
        "title": "essence | Keep Me Covered Concealer (40 | Shell) | Lightweight, Non-Comedogenic, Buildable Coverage | Vegan & Cruelty Free | Free From Parabens, Oil, Alcohol, & Microplastic Particles",
        "price": "$4.99 ($45.36 / Fl Oz)",
        "listPrice": "",
        "imageUrl": "https://m.media-amazon.com/images/I/41Zcp7t4VJL._SL160_.jpg",
        "detailPageURL": "https://www.amazon.com/dp/B0BPJTPVZD",
        "rating": "4.2",
        "totalReviews": "724",
        "subtitle": "essence cosmetics",
        "isPrimeEligible": "1"
    },
    {
        "ASIN": "B01KHN0T96",
        "title": "Essence (Love, California Book 4)",
        "price": "$5.99",
        "listPrice": "",
        "imageUrl": "https://m.media-amazon.com/images/I/51RSKN2jzTL._SL160_.jpg",
        "detailPageURL": "https://www.amazon.com/dp/B01KHN0T96",
        "rating": "4.6",
        "totalReviews": "591",
        "subtitle": "",
        "isPrimeEligible": "0"
    },
    {
        "ASIN": "B0CGVQ9ZZL",
        "title": "Cono Essence Skin Care Serum, Cono Peptide Essence 84% Anti-Wrinkle Serum, Cono Peptide Essence Anti-Aging Wrinkle Serum, Instant Lifting Face Skin Care, Reduce Pigmentation And Fine Lines (1 PC)",
        "price": "$5.99 ($5.99 / Fl Oz)",
        "listPrice": "",
        "imageUrl": "https://m.media-amazon.com/images/I/41bHXWcQoLL._SL160_.jpg",
        "detailPageURL": "https://www.amazon.com/dp/B0CGVQ9ZZL",
        "rating": "",
        "totalReviews": "",
        "subtitle": "scaling women",
        "isPrimeEligible": "0"
    },
    {
        "ASIN": "B06WW9SJ5M",
        "title": "essence | Lash Princess Sculpted Volume Mascara | Paraben Free | Cruelty Free - Black (1-count)",
        "price": "$4.99 ($4.99 / Count)",
        "listPrice": "",
        "imageUrl": "https://m.media-amazon.com/images/I/31t55QaDUgL._SL160_.jpg",
        "detailPageURL": "https://www.amazon.com/dp/B06WW9SJ5M",
        "rating": "4.4",
        "totalReviews": "28860",
        "subtitle": "essence cosmetics",
        "isPrimeEligible": "1"
    },
    {
        "ASIN": "B0BQZ51MLQ",
        "title": "essence | Stay & Play Gel Eyeliner | Super Soft Gel-like Texture | Waterproof & Longlasting | Vegan & Cruelty Free (Emerald Dragon)",
        "price": "$4.99 ($108.71 / Ounce)",
        "listPrice": "",
        "imageUrl": "https://m.media-amazon.com/images/I/21FvBIEQITL._SL160_.jpg",
        "detailPageURL": "https://www.amazon.com/dp/B0BQZ51MLQ",
        "rating": "4.3",
        "totalReviews": "337",
        "subtitle": "essence cosmetics",
        "isPrimeEligible": "1"
    },
    {
        "ASIN": "B08VW5974C",
        "title": "essence | Lash Princess Curl Mascara | For Dramatic Curl & Volume | Vegan | Paraben Free | Cruelty Free",
        "price": "$4.99",
        "listPrice": "",
        "imageUrl": "https://m.media-amazon.com/images/I/31-lIT8dVkS._SL160_.jpg",
        "detailPageURL": "https://www.amazon.com/dp/B08VW5974C",
        "rating": "4.4",
        "totalReviews": "20212",
        "subtitle": "essence cosmetics",
        "isPrimeEligible": "1"
    },
    {
        "ASIN": "B08X65PG5S",
        "title": "The Essence: A Guided Journey of Discovery through the Bible",
        "price": "$9.95",
        "listPrice": "",
        "imageUrl": "https://m.media-amazon.com/images/I/51+R2Vf6QTL._SL160_.jpg",
        "detailPageURL": "https://www.amazon.com/dp/B08X65PG5S",
        "rating": "4.7",
        "totalReviews": "68",
        "subtitle": "",
        "isPrimeEligible": "0"
    },
    {
        "ASIN": "B08RLZ28QK",
        "title": "Beauty of Joseon Ginseng Essence Water, 150ml, 5fl.oz.",
        "price": "$18.00 ($3.60 / Fl Oz)",
        "listPrice": "",
        "imageUrl": "https://m.media-amazon.com/images/I/31i-dM7yv6L._SL160_.jpg",
        "detailPageURL": "https://www.amazon.com/dp/B08RLZ28QK",
        "rating": "4.6",
        "totalReviews": "1731",
        "subtitle": "",
        "isPrimeEligible": "1"
    },
    {
        "ASIN": "B0BPDL2L95",
        "title": "essence | Baby Got Bronze | Cream Bronzer Stick Easy to Apply & Blend | Vegan & Cruelty Free | Free From Gluten, Parabens, Preservatives, & Microplastic Particles (30 | Mocha Me Crazy)",
        "price": "$4.99 ($26.26 / Fl Oz)",
        "listPrice": "",
        "imageUrl": "https://m.media-amazon.com/images/I/31qE2oQ+AkL._SL160_.jpg",
        "detailPageURL": "https://www.amazon.com/dp/B0BPDL2L95",
        "rating": "4.0",
        "totalReviews": "318",
        "subtitle": "essence cosmetics",
        "isPrimeEligible": "1"
    },
    {
        "ASIN": "B0BPJTPVZD",
        "title": "essence | Keep Me Covered Concealer (40 | Shell) | Lightweight, Non-Comedogenic, Buildable Coverage | Vegan & Cruelty Free | Free From Parabens, Oil, Alcohol, & Microplastic Particles",
        "price": "$4.99 ($45.36 / Fl Oz)",
        "listPrice": "",
        "imageUrl": "https://m.media-amazon.com/images/I/41Zcp7t4VJL._SL160_.jpg",
        "detailPageURL": "https://www.amazon.com/dp/B0BPJTPVZD",
        "rating": "4.2",
        "totalReviews": "724",
        "subtitle": "essence cosmetics",
        "isPrimeEligible": "1"
    },
    {
        "ASIN": "B01KHN0T96",
        "title": "Essence (Love, California Book 4)",
        "price": "$5.99",
        "listPrice": "",
        "imageUrl": "https://m.media-amazon.com/images/I/51RSKN2jzTL._SL160_.jpg",
        "detailPageURL": "https://www.amazon.com/dp/B01KHN0T96",
        "rating": "4.6",
        "totalReviews": "591",
        "subtitle": "",
        "isPrimeEligible": "0"
    },
    {
        "ASIN": "B0CGVQ9ZZL",
        "title": "Cono Essence Skin Care Serum, Cono Peptide Essence 84% Anti-Wrinkle Serum, Cono Peptide Essence Anti-Aging Wrinkle Serum, Instant Lifting Face Skin Care, Reduce Pigmentation And Fine Lines (1 PC)",
        "price": "$5.99 ($5.99 / Fl Oz)",
        "listPrice": "",
        "imageUrl": "https://m.media-amazon.com/images/I/41bHXWcQoLL._SL160_.jpg",
        "detailPageURL": "https://www.amazon.com/dp/B0CGVQ9ZZL",
        "rating": "",
        "totalReviews": "",
        "subtitle": "scaling women",
        "isPrimeEligible": "0"
    },
    {
        "ASIN": "B06WW9SJ5M",
        "title": "essence | Lash Princess Sculpted Volume Mascara | Paraben Free | Cruelty Free - Black (1-count)",
        "price": "$4.99 ($4.99 / Count)",
        "listPrice": "",
        "imageUrl": "https://m.media-amazon.com/images/I/31t55QaDUgL._SL160_.jpg",
        "detailPageURL": "https://www.amazon.com/dp/B06WW9SJ5M",
        "rating": "4.4",
        "totalReviews": "28860",
        "subtitle": "essence cosmetics",
        "isPrimeEligible": "1"
    },
    {
        "ASIN": "B0BQZ51MLQ",
        "title": "essence | Stay & Play Gel Eyeliner | Super Soft Gel-like Texture | Waterproof & Longlasting | Vegan & Cruelty Free (Emerald Dragon)",
        "price": "$4.99 ($108.71 / Ounce)",
        "listPrice": "",
        "imageUrl": "https://m.media-amazon.com/images/I/21FvBIEQITL._SL160_.jpg",
        "detailPageURL": "https://www.amazon.com/dp/B0BQZ51MLQ",
        "rating": "4.3",
        "totalReviews": "337",
        "subtitle": "essence cosmetics",
        "isPrimeEligible": "1"
    },
    {
        "ASIN": "B079X4DB3J",
        "title": "essence | Volume Booster Lash Primer Mascara | Infused with Mango Butter and Acai Oil for Nurtured Lashes | Conditioning Mascara Primer | White | Vegan | Paraben & Cruelty Free (Pack of 1)",
        "price": "$4.99 ($20.79 / Fl Oz)",
        "listPrice": "",
        "imageUrl": "https://m.media-amazon.com/images/I/31jCqqzhgIL._SL160_.jpg",
        "detailPageURL": "https://www.amazon.com/dp/B079X4DB3J",
        "rating": "4.3",
        "totalReviews": "32160",
        "subtitle": "essence cosmetics",
        "isPrimeEligible": "1"
    },
    {
        "ASIN": "B08X65PG5S",
        "title": "The Essence: A Guided Journey of Discovery through the Bible",
        "price": "$9.95",
        "listPrice": "",
        "imageUrl": "https://m.media-amazon.com/images/I/51+R2Vf6QTL._SL160_.jpg",
        "detailPageURL": "https://www.amazon.com/dp/B08X65PG5S",
        "rating": "4.7",
        "totalReviews": "68",
        "subtitle": "",
        "isPrimeEligible": "0"
    },
    {
        "ASIN": "B08RLZ28QK",
        "title": "Beauty of Joseon Ginseng Essence Water, 150ml, 5fl.oz.",
        "price": "$18.00 ($3.60 / Fl Oz)",
        "listPrice": "",
        "imageUrl": "https://m.media-amazon.com/images/I/31i-dM7yv6L._SL160_.jpg",
        "detailPageURL": "https://www.amazon.com/dp/B08RLZ28QK",
        "rating": "4.6",
        "totalReviews": "1731",
        "subtitle": "",
        "isPrimeEligible": "1"
    },
    {
        "ASIN": "B0BPDL2L95",
        "title": "essence | Baby Got Bronze | Cream Bronzer Stick Easy to Apply & Blend | Vegan & Cruelty Free | Free From Gluten, Parabens, Preservatives, & Microplastic Particles (30 | Mocha Me Crazy)",
        "price": "$4.99 ($26.26 / Fl Oz)",
        "listPrice": "",
        "imageUrl": "https://m.media-amazon.com/images/I/31qE2oQ+AkL._SL160_.jpg",
        "detailPageURL": "https://www.amazon.com/dp/B0BPDL2L95",
        "rating": "4.0",
        "totalReviews": "318",
        "subtitle": "essence cosmetics",
        "isPrimeEligible": "1"
    },
    {
        "ASIN": "B0BPJTPVZD",
        "title": "essence | Keep Me Covered Concealer (40 | Shell) | Lightweight, Non-Comedogenic, Buildable Coverage | Vegan & Cruelty Free | Free From Parabens, Oil, Alcohol, & Microplastic Particles",
        "price": "$4.99 ($45.36 / Fl Oz)",
        "listPrice": "",
        "imageUrl": "https://m.media-amazon.com/images/I/41Zcp7t4VJL._SL160_.jpg",
        "detailPageURL": "https://www.amazon.com/dp/B0BPJTPVZD",
        "rating": "4.2",
        "totalReviews": "724",
        "subtitle": "essence cosmetics",
        "isPrimeEligible": "1"
    },
    {
        "ASIN": "B01KHN0T96",
        "title": "Essence (Love, California Book 4)",
        "price": "$5.99",
        "listPrice": "",
        "imageUrl": "https://m.media-amazon.com/images/I/51RSKN2jzTL._SL160_.jpg",
        "detailPageURL": "https://www.amazon.com/dp/B01KHN0T96",
        "rating": "4.6",
        "totalReviews": "591",
        "subtitle": "",
        "isPrimeEligible": "0"
    },
    {
        "ASIN": "B0CGVQ9ZZL",
        "title": "Cono Essence Skin Care Serum, Cono Peptide Essence 84% Anti-Wrinkle Serum, Cono Peptide Essence Anti-Aging Wrinkle Serum, Instant Lifting Face Skin Care, Reduce Pigmentation And Fine Lines (1 PC)",
        "price": "$5.99 ($5.99 / Fl Oz)",
        "listPrice": "",
        "imageUrl": "https://m.media-amazon.com/images/I/41bHXWcQoLL._SL160_.jpg",
        "detailPageURL": "https://www.amazon.com/dp/B0CGVQ9ZZL",
        "rating": "",
        "totalReviews": "",
        "subtitle": "scaling women",
        "isPrimeEligible": "0"
    },
    {
        "ASIN": "B06WW9SJ5M",
        "title": "essence | Lash Princess Sculpted Volume Mascara | Paraben Free | Cruelty Free - Black (1-count)",
        "price": "$4.99 ($4.99 / Count)",
        "listPrice": "",
        "imageUrl": "https://m.media-amazon.com/images/I/31t55QaDUgL._SL160_.jpg",
        "detailPageURL": "https://www.amazon.com/dp/B06WW9SJ5M",
        "rating": "4.4",
        "totalReviews": "28860",
        "subtitle": "essence cosmetics",
        "isPrimeEligible": "1"
    },
    {
        "ASIN": "B0BQZ51MLQ",
        "title": "essence | Stay & Play Gel Eyeliner | Super Soft Gel-like Texture | Waterproof & Longlasting | Vegan & Cruelty Free (Emerald Dragon)",
        "price": "$4.99 ($108.71 / Ounce)",
        "listPrice": "",
        "imageUrl": "https://m.media-amazon.com/images/I/21FvBIEQITL._SL160_.jpg",
        "detailPageURL": "https://www.amazon.com/dp/B0BQZ51MLQ",
        "rating": "4.3",
        "totalReviews": "337",
        "subtitle": "essence cosmetics",
        "isPrimeEligible": "1"
    },
    {
        "ASIN": "B079X4DB3J",
        "title": "essence | Volume Booster Lash Primer Mascara | Infused with Mango Butter and Acai Oil for Nurtured Lashes | Conditioning Mascara Primer | White | Vegan | Paraben & Cruelty Free (Pack of 1)",
        "price": "$4.99 ($20.79 / Fl Oz)",
        "listPrice": "",
        "imageUrl": "https://m.media-amazon.com/images/I/31jCqqzhgIL._SL160_.jpg",
        "detailPageURL": "https://www.amazon.com/dp/B079X4DB3J",
        "rating": "4.3",
        "totalReviews": "32160",
        "subtitle": "essence cosmetics",
        "isPrimeEligible": "1"
    },
    {
        "ASIN": "B01D6J6YQK",
        "title": "Essence: A Runes Novella",
        "price": "$0.99",
        "listPrice": "",
        "imageUrl": "https://m.media-amazon.com/images/I/51GIC3QrqHL._SL160_.jpg",
        "detailPageURL": "https://www.amazon.com/dp/B01D6J6YQK",
        "rating": "4.3",
        "totalReviews": "213",
        "subtitle": "",
        "isPrimeEligible": "0"
    },
    {
        "ASIN": "B08RLZ28QK",
        "title": "Beauty of Joseon Ginseng Essence Water, 150ml, 5fl.oz.",
        "price": "$18.00 ($3.60 / Fl Oz)",
        "listPrice": "",
        "imageUrl": "https://m.media-amazon.com/images/I/31i-dM7yv6L._SL160_.jpg",
        "detailPageURL": "https://www.amazon.com/dp/B08RLZ28QK",
        "rating": "4.6",
        "totalReviews": "1731",
        "subtitle": "",
        "isPrimeEligible": "1"
    },
    {
        "ASIN": "B0BPDL2L95",
        "title": "essence | Baby Got Bronze | Cream Bronzer Stick Easy to Apply & Blend | Vegan & Cruelty Free | Free From Gluten, Parabens, Preservatives, & Microplastic Particles (30 | Mocha Me Crazy)",
        "price": "$4.99 ($26.26 / Fl Oz)",
        "listPrice": "",
        "imageUrl": "https://m.media-amazon.com/images/I/31qE2oQ+AkL._SL160_.jpg",
        "detailPageURL": "https://www.amazon.com/dp/B0BPDL2L95",
        "rating": "4.0",
        "totalReviews": "318",
        "subtitle": "essence cosmetics",
        "isPrimeEligible": "1"
    },
    {
        "ASIN": "B0BPJTPVZD",
        "title": "essence | Keep Me Covered Concealer (40 | Shell) | Lightweight, Non-Comedogenic, Buildable Coverage | Vegan & Cruelty Free | Free From Parabens, Oil, Alcohol, & Microplastic Particles",
        "price": "$4.99 ($45.36 / Fl Oz)",
        "listPrice": "",
        "imageUrl": "https://m.media-amazon.com/images/I/41Zcp7t4VJL._SL160_.jpg",
        "detailPageURL": "https://www.amazon.com/dp/B0BPJTPVZD",
        "rating": "4.2",
        "totalReviews": "724",
        "subtitle": "essence cosmetics",
        "isPrimeEligible": "1"
    },
    {
        "ASIN": "B01KHN0T96",
        "title": "Essence (Love, California Book 4)",
        "price": "$5.99",
        "listPrice": "",
        "imageUrl": "https://m.media-amazon.com/images/I/51RSKN2jzTL._SL160_.jpg",
        "detailPageURL": "https://www.amazon.com/dp/B01KHN0T96",
        "rating": "4.6",
        "totalReviews": "591",
        "subtitle": "",
        "isPrimeEligible": "0"
    },
    {
        "ASIN": "B0CGVQ9ZZL",
        "title": "Cono Essence Skin Care Serum, Cono Peptide Essence 84% Anti-Wrinkle Serum, Cono Peptide Essence Anti-Aging Wrinkle Serum, Instant Lifting Face Skin Care, Reduce Pigmentation And Fine Lines (1 PC)",
        "price": "$5.99 ($5.99 / Fl Oz)",
        "listPrice": "",
        "imageUrl": "https://m.media-amazon.com/images/I/41bHXWcQoLL._SL160_.jpg",
        "detailPageURL": "https://www.amazon.com/dp/B0CGVQ9ZZL",
        "rating": "",
        "totalReviews": "",
        "subtitle": "scaling women",
        "isPrimeEligible": "0"
    },
    {
        "ASIN": "B06WW9SJ5M",
        "title": "essence | Lash Princess Sculpted Volume Mascara | Paraben Free | Cruelty Free - Black (1-count)",
        "price": "$4.99 ($4.99 / Count)",
        "listPrice": "",
        "imageUrl": "https://m.media-amazon.com/images/I/31t55QaDUgL._SL160_.jpg",
        "detailPageURL": "https://www.amazon.com/dp/B06WW9SJ5M",
        "rating": "4.4",
        "totalReviews": "28860",
        "subtitle": "essence cosmetics",
        "isPrimeEligible": "1"
    },
    {
        "ASIN": "B0BQZ51MLQ",
        "title": "essence | Stay & Play Gel Eyeliner | Super Soft Gel-like Texture | Waterproof & Longlasting | Vegan & Cruelty Free (Emerald Dragon)",
        "price": "$4.99 ($108.71 / Ounce)",
        "listPrice": "",
        "imageUrl": "https://m.media-amazon.com/images/I/21FvBIEQITL._SL160_.jpg",
        "detailPageURL": "https://www.amazon.com/dp/B0BQZ51MLQ",
        "rating": "4.3",
        "totalReviews": "337",
        "subtitle": "essence cosmetics",
        "isPrimeEligible": "1"
    },
    {
        "ASIN": "B079X4DB3J",
        "title": "essence | Volume Booster Lash Primer Mascara | Infused with Mango Butter and Acai Oil for Nurtured Lashes | Conditioning Mascara Primer | White | Vegan | Paraben & Cruelty Free (Pack of 1)",
        "price": "$4.99 ($20.79 / Fl Oz)",
        "listPrice": "",
        "imageUrl": "https://m.media-amazon.com/images/I/31jCqqzhgIL._SL160_.jpg",
        "detailPageURL": "https://www.amazon.com/dp/B079X4DB3J",
        "rating": "4.3",
        "totalReviews": "32160",
        "subtitle": "essence cosmetics",
        "isPrimeEligible": "1"
    },
    {
        "ASIN": "B01D6J6YQK",
        "title": "Essence: A Runes Novella",
        "price": "$0.99",
        "listPrice": "",
        "imageUrl": "https://m.media-amazon.com/images/I/51GIC3QrqHL._SL160_.jpg",
        "detailPageURL": "https://www.amazon.com/dp/B01D6J6YQK",
        "rating": "4.3",
        "totalReviews": "213",
        "subtitle": "",
        "isPrimeEligible": "0"
    },
    {
        "ASIN": "B08C2G72QV",
        "title": "Essence: A Ness Creek Story",
        "price": "$16.99",
        "listPrice": "",
        "imageUrl": "https://m.media-amazon.com/images/I/51NcX5gMX8L._SL160_.jpg",
        "detailPageURL": "https://www.amazon.com/dp/B08C2G72QV",
        "rating": "",
        "totalReviews": "",
        "subtitle": "",
        "isPrimeEligible": "0"
    },
    {
        "ASIN": "B0BPDL2L95",
        "title": "essence | Baby Got Bronze | Cream Bronzer Stick Easy to Apply & Blend | Vegan & Cruelty Free | Free From Gluten, Parabens, Preservatives, & Microplastic Particles (30 | Mocha Me Crazy)",
        "price": "$4.99 ($26.26 / Fl Oz)",
        "listPrice": "",
        "imageUrl": "https://m.media-amazon.com/images/I/31qE2oQ+AkL._SL160_.jpg",
        "detailPageURL": "https://www.amazon.com/dp/B0BPDL2L95",
        "rating": "4.0",
        "totalReviews": "318",
        "subtitle": "essence cosmetics",
        "isPrimeEligible": "1"
    },
    {
        "ASIN": "B0BPJTPVZD",
        "title": "essence | Keep Me Covered Concealer (40 | Shell) | Lightweight, Non-Comedogenic, Buildable Coverage | Vegan & Cruelty Free | Free From Parabens, Oil, Alcohol, & Microplastic Particles",
        "price": "$4.99 ($45.36 / Fl Oz)",
        "listPrice": "",
        "imageUrl": "https://m.media-amazon.com/images/I/41Zcp7t4VJL._SL160_.jpg",
        "detailPageURL": "https://www.amazon.com/dp/B0BPJTPVZD",
        "rating": "4.2",
        "totalReviews": "724",
        "subtitle": "essence cosmetics",
        "isPrimeEligible": "1"
    },
    {
        "ASIN": "B01KHN0T96",
        "title": "Essence (Love, California Book 4)",
        "price": "$5.99",
        "listPrice": "",
        "imageUrl": "https://m.media-amazon.com/images/I/51RSKN2jzTL._SL160_.jpg",
        "detailPageURL": "https://www.amazon.com/dp/B01KHN0T96",
        "rating": "4.6",
        "totalReviews": "591",
        "subtitle": "",
        "isPrimeEligible": "0"
    },
    {
        "ASIN": "B0CGVQ9ZZL",
        "title": "Cono Essence Skin Care Serum, Cono Peptide Essence 84% Anti-Wrinkle Serum, Cono Peptide Essence Anti-Aging Wrinkle Serum, Instant Lifting Face Skin Care, Reduce Pigmentation And Fine Lines (1 PC)",
        "price": "$5.99 ($5.99 / Fl Oz)",
        "listPrice": "",
        "imageUrl": "https://m.media-amazon.com/images/I/41bHXWcQoLL._SL160_.jpg",
        "detailPageURL": "https://www.amazon.com/dp/B0CGVQ9ZZL",
        "rating": "",
        "totalReviews": "",
        "subtitle": "scaling women",
        "isPrimeEligible": "0"
    },
    {
        "ASIN": "B06WW9SJ5M",
        "title": "essence | Lash Princess Sculpted Volume Mascara | Paraben Free | Cruelty Free - Black (1-count)",
        "price": "$4.99 ($4.99 / Count)",
        "listPrice": "",
        "imageUrl": "https://m.media-amazon.com/images/I/31t55QaDUgL._SL160_.jpg",
        "detailPageURL": "https://www.amazon.com/dp/B06WW9SJ5M",
        "rating": "4.4",
        "totalReviews": "28860",
        "subtitle": "essence cosmetics",
        "isPrimeEligible": "1"
    },
    {
        "ASIN": "B0BQZ51MLQ",
        "title": "essence | Stay & Play Gel Eyeliner | Super Soft Gel-like Texture | Waterproof & Longlasting | Vegan & Cruelty Free (Emerald Dragon)",
        "price": "$4.99 ($108.71 / Ounce)",
        "listPrice": "",
        "imageUrl": "https://m.media-amazon.com/images/I/21FvBIEQITL._SL160_.jpg",
        "detailPageURL": "https://www.amazon.com/dp/B0BQZ51MLQ",
        "rating": "4.3",
        "totalReviews": "337",
        "subtitle": "essence cosmetics",
        "isPrimeEligible": "1"
    },
    {
        "ASIN": "B079X4DB3J",
        "title": "essence | Volume Booster Lash Primer Mascara | Infused with Mango Butter and Acai Oil for Nurtured Lashes | Conditioning Mascara Primer | White | Vegan | Paraben & Cruelty Free (Pack of 1)",
        "price": "$4.99 ($20.79 / Fl Oz)",
        "listPrice": "",
        "imageUrl": "https://m.media-amazon.com/images/I/31jCqqzhgIL._SL160_.jpg",
        "detailPageURL": "https://www.amazon.com/dp/B079X4DB3J",
        "rating": "4.3",
        "totalReviews": "32160",
        "subtitle": "essence cosmetics",
        "isPrimeEligible": "1"
    },
    {
        "ASIN": "B01D6J6YQK",
        "title": "Essence: A Runes Novella",
        "price": "$0.99",
        "listPrice": "",
        "imageUrl": "https://m.media-amazon.com/images/I/51GIC3QrqHL._SL160_.jpg",
        "detailPageURL": "https://www.amazon.com/dp/B01D6J6YQK",
        "rating": "4.3",
        "totalReviews": "213",
        "subtitle": "",
        "isPrimeEligible": "0"
    },
    {
        "ASIN": "B08C2G72QV",
        "title": "Essence: A Ness Creek Story",
        "price": "$16.99",
        "listPrice": "",
        "imageUrl": "https://m.media-amazon.com/images/I/51NcX5gMX8L._SL160_.jpg",
        "detailPageURL": "https://www.amazon.com/dp/B08C2G72QV",
        "rating": "",
        "totalReviews": "",
        "subtitle": "",
        "isPrimeEligible": "0"
    },
    {
        "ASIN": "B0CGR7R86V",
        "title": "Cono Peptide Essence,Cono Peptide Essence Anti-Aging Wrinkle Serum,Cono Peptide Essence Anti-Aging Wrinkle Serum Instant Lifting Face Skin Care Moisturizing Facial Serum(2 PCS)",
        "price": "$13.99 ($7.00 / Fl Oz)",
        "listPrice": "",
        "imageUrl": "https://m.media-amazon.com/images/I/415utngvu0L._SL160_.jpg",
        "detailPageURL": "https://www.amazon.com/dp/B0CGR7R86V",
        "rating": "",
        "totalReviews": "",
        "subtitle": "TPTAL",
        "isPrimeEligible": "1"
    },
    {
        "ASIN": "B0BPJTPVZD",
        "title": "essence | Keep Me Covered Concealer (40 | Shell) | Lightweight, Non-Comedogenic, Buildable Coverage | Vegan & Cruelty Free | Free From Parabens, Oil, Alcohol, & Microplastic Particles",
        "price": "$4.99 ($45.36 / Fl Oz)",
        "listPrice": "",
        "imageUrl": "https://m.media-amazon.com/images/I/41Zcp7t4VJL._SL160_.jpg",
        "detailPageURL": "https://www.amazon.com/dp/B0BPJTPVZD",
        "rating": "4.2",
        "totalReviews": "724",
        "subtitle": "essence cosmetics",
        "isPrimeEligible": "1"
    },
    {
        "ASIN": "B01KHN0T96",
        "title": "Essence (Love, California Book 4)",
        "price": "$5.99",
        "listPrice": "",
        "imageUrl": "https://m.media-amazon.com/images/I/51RSKN2jzTL._SL160_.jpg",
        "detailPageURL": "https://www.amazon.com/dp/B01KHN0T96",
        "rating": "4.6",
        "totalReviews": "591",
        "subtitle": "",
        "isPrimeEligible": "0"
    },
    {
        "ASIN": "B0CGVQ9ZZL",
        "title": "Cono Essence Skin Care Serum, Cono Peptide Essence 84% Anti-Wrinkle Serum, Cono Peptide Essence Anti-Aging Wrinkle Serum, Instant Lifting Face Skin Care, Reduce Pigmentation And Fine Lines (1 PC)",
        "price": "$5.99 ($5.99 / Fl Oz)",
        "listPrice": "",
        "imageUrl": "https://m.media-amazon.com/images/I/41bHXWcQoLL._SL160_.jpg",
        "detailPageURL": "https://www.amazon.com/dp/B0CGVQ9ZZL",
        "rating": "",
        "totalReviews": "",
        "subtitle": "scaling women",
        "isPrimeEligible": "0"
    },
    {
        "ASIN": "B06WW9SJ5M",
        "title": "essence | Lash Princess Sculpted Volume Mascara | Paraben Free | Cruelty Free - Black (1-count)",
        "price": "$4.99 ($4.99 / Count)",
        "listPrice": "",
        "imageUrl": "https://m.media-amazon.com/images/I/31t55QaDUgL._SL160_.jpg",
        "detailPageURL": "https://www.amazon.com/dp/B06WW9SJ5M",
        "rating": "4.4",
        "totalReviews": "28860",
        "subtitle": "essence cosmetics",
        "isPrimeEligible": "1"
    },
    {
        "ASIN": "B0BQZ51MLQ",
        "title": "essence | Stay & Play Gel Eyeliner | Super Soft Gel-like Texture | Waterproof & Longlasting | Vegan & Cruelty Free (Emerald Dragon)",
        "price": "$4.99 ($108.71 / Ounce)",
        "listPrice": "",
        "imageUrl": "https://m.media-amazon.com/images/I/21FvBIEQITL._SL160_.jpg",
        "detailPageURL": "https://www.amazon.com/dp/B0BQZ51MLQ",
        "rating": "4.3",
        "totalReviews": "337",
        "subtitle": "essence cosmetics",
        "isPrimeEligible": "1"
    },
    {
        "ASIN": "B079X4DB3J",
        "title": "essence | Volume Booster Lash Primer Mascara | Infused with Mango Butter and Acai Oil for Nurtured Lashes | Conditioning Mascara Primer | White | Vegan | Paraben & Cruelty Free (Pack of 1)",
        "price": "$4.99 ($20.79 / Fl Oz)",
        "listPrice": "",
        "imageUrl": "https://m.media-amazon.com/images/I/31jCqqzhgIL._SL160_.jpg",
        "detailPageURL": "https://www.amazon.com/dp/B079X4DB3J",
        "rating": "4.3",
        "totalReviews": "32160",
        "subtitle": "essence cosmetics",
        "isPrimeEligible": "1"
    },
    {
        "ASIN": "B01D6J6YQK",
        "title": "Essence: A Runes Novella",
        "price": "$0.99",
        "listPrice": "",
        "imageUrl": "https://m.media-amazon.com/images/I/51GIC3QrqHL._SL160_.jpg",
        "detailPageURL": "https://www.amazon.com/dp/B01D6J6YQK",
        "rating": "4.3",
        "totalReviews": "213",
        "subtitle": "",
        "isPrimeEligible": "0"
    },
    {
        "ASIN": "B08C2G72QV",
        "title": "Essence: A Ness Creek Story",
        "price": "$16.99",
        "listPrice": "",
        "imageUrl": "https://m.media-amazon.com/images/I/51NcX5gMX8L._SL160_.jpg",
        "detailPageURL": "https://www.amazon.com/dp/B08C2G72QV",
        "rating": "",
        "totalReviews": "",
        "subtitle": "",
        "isPrimeEligible": "0"
    },
    {
        "ASIN": "B0CGR7R86V",
        "title": "Cono Peptide Essence,Cono Peptide Essence Anti-Aging Wrinkle Serum,Cono Peptide Essence Anti-Aging Wrinkle Serum Instant Lifting Face Skin Care Moisturizing Facial Serum(2 PCS)",
        "price": "$13.99 ($7.00 / Fl Oz)",
        "listPrice": "",
        "imageUrl": "https://m.media-amazon.com/images/I/415utngvu0L._SL160_.jpg",
        "detailPageURL": "https://www.amazon.com/dp/B0CGR7R86V",
        "rating": "",
        "totalReviews": "",
        "subtitle": "TPTAL",
        "isPrimeEligible": "1"
    },
    {
        "ASIN": "B0BXYBP4YJ",
        "title": "essence | Pure Nude Baked Blush | Highly Pigmented Baked Texture for a Bright, Healthy Glow | Available in 8 Gorgeous Shimmery Shades | Vegan & Cruelty Free (goldy cassis)",
        "price": "$5.99 ($24.26 / Ounce)",
        "listPrice": "",
        "imageUrl": "https://m.media-amazon.com/images/I/411ytF7kZaL._SL160_.jpg",
        "detailPageURL": "https://www.amazon.com/dp/B0BXYBP4YJ",
        "rating": "4.7",
        "totalReviews": "107",
        "subtitle": "essence cosmetics",
        "isPrimeEligible": "1"
    },
    {
        "ASIN": "B01KHN0T96",
        "title": "Essence (Love, California Book 4)",
        "price": "$5.99",
        "listPrice": "",
        "imageUrl": "https://m.media-amazon.com/images/I/51RSKN2jzTL._SL160_.jpg",
        "detailPageURL": "https://www.amazon.com/dp/B01KHN0T96",
        "rating": "4.6",
        "totalReviews": "591",
        "subtitle": "",
        "isPrimeEligible": "0"
    },
    {
        "ASIN": "B0CGVQ9ZZL",
        "title": "Cono Essence Skin Care Serum, Cono Peptide Essence 84% Anti-Wrinkle Serum, Cono Peptide Essence Anti-Aging Wrinkle Serum, Instant Lifting Face Skin Care, Reduce Pigmentation And Fine Lines (1 PC)",
        "price": "$5.99 ($5.99 / Fl Oz)",
        "listPrice": "",
        "imageUrl": "https://m.media-amazon.com/images/I/41bHXWcQoLL._SL160_.jpg",
        "detailPageURL": "https://www.amazon.com/dp/B0CGVQ9ZZL",
        "rating": "",
        "totalReviews": "",
        "subtitle": "scaling women",
        "isPrimeEligible": "0"
    },
    {
        "ASIN": "B06WW9SJ5M",
        "title": "essence | Lash Princess Sculpted Volume Mascara | Paraben Free | Cruelty Free - Black (1-count)",
        "price": "$4.99 ($4.99 / Count)",
        "listPrice": "",
        "imageUrl": "https://m.media-amazon.com/images/I/31t55QaDUgL._SL160_.jpg",
        "detailPageURL": "https://www.amazon.com/dp/B06WW9SJ5M",
        "rating": "4.4",
        "totalReviews": "28860",
        "subtitle": "essence cosmetics",
        "isPrimeEligible": "1"
    },
    {
        "ASIN": "B0BQZ51MLQ",
        "title": "essence | Stay & Play Gel Eyeliner | Super Soft Gel-like Texture | Waterproof & Longlasting | Vegan & Cruelty Free (Emerald Dragon)",
        "price": "$4.99 ($108.71 / Ounce)",
        "listPrice": "",
        "imageUrl": "https://m.media-amazon.com/images/I/21FvBIEQITL._SL160_.jpg",
        "detailPageURL": "https://www.amazon.com/dp/B0BQZ51MLQ",
        "rating": "4.3",
        "totalReviews": "337",
        "subtitle": "essence cosmetics",
        "isPrimeEligible": "1"
    },
    {
        "ASIN": "B079X4DB3J",
        "title": "essence | Volume Booster Lash Primer Mascara | Infused with Mango Butter and Acai Oil for Nurtured Lashes | Conditioning Mascara Primer | White | Vegan | Paraben & Cruelty Free (Pack of 1)",
        "price": "$4.99 ($20.79 / Fl Oz)",
        "listPrice": "",
        "imageUrl": "https://m.media-amazon.com/images/I/31jCqqzhgIL._SL160_.jpg",
        "detailPageURL": "https://www.amazon.com/dp/B079X4DB3J",
        "rating": "4.3",
        "totalReviews": "32160",
        "subtitle": "essence cosmetics",
        "isPrimeEligible": "1"
    },
    {
        "ASIN": "B01D6J6YQK",
        "title": "Essence: A Runes Novella",
        "price": "$0.99",
        "listPrice": "",
        "imageUrl": "https://m.media-amazon.com/images/I/51GIC3QrqHL._SL160_.jpg",
        "detailPageURL": "https://www.amazon.com/dp/B01D6J6YQK",
        "rating": "4.3",
        "totalReviews": "213",
        "subtitle": "",
        "isPrimeEligible": "0"
    },
    {
        "ASIN": "B08C2G72QV",
        "title": "Essence: A Ness Creek Story",
        "price": "$16.99",
        "listPrice": "",
        "imageUrl": "https://m.media-amazon.com/images/I/51NcX5gMX8L._SL160_.jpg",
        "detailPageURL": "https://www.amazon.com/dp/B08C2G72QV",
        "rating": "",
        "totalReviews": "",
        "subtitle": "",
        "isPrimeEligible": "0"
    },
    {
        "ASIN": "B0CGR7R86V",
        "title": "Cono Peptide Essence,Cono Peptide Essence Anti-Aging Wrinkle Serum,Cono Peptide Essence Anti-Aging Wrinkle Serum Instant Lifting Face Skin Care Moisturizing Facial Serum(2 PCS)",
        "price": "$13.99 ($7.00 / Fl Oz)",
        "listPrice": "",
        "imageUrl": "https://m.media-amazon.com/images/I/415utngvu0L._SL160_.jpg",
        "detailPageURL": "https://www.amazon.com/dp/B0CGR7R86V",
        "rating": "",
        "totalReviews": "",
        "subtitle": "TPTAL",
        "isPrimeEligible": "1"
    },
    {
        "ASIN": "B0BXYBP4YJ",
        "title": "essence | Pure Nude Baked Blush | Highly Pigmented Baked Texture for a Bright, Healthy Glow | Available in 8 Gorgeous Shimmery Shades | Vegan & Cruelty Free (goldy cassis)",
        "price": "$5.99 ($24.26 / Ounce)",
        "listPrice": "",
        "imageUrl": "https://m.media-amazon.com/images/I/411ytF7kZaL._SL160_.jpg",
        "detailPageURL": "https://www.amazon.com/dp/B0BXYBP4YJ",
        "rating": "4.7",
        "totalReviews": "107",
        "subtitle": "essence cosmetics",
        "isPrimeEligible": "1"
    },
    {
        "ASIN": "B09JSNZJQB",
        "title": "essence | Electric Glow Color Changing Lipstick | pH Reactive Natural Pink for All Skin Tones | Vegan & Cruelty Free | Gluten Free, Without Oil & Parabens",
        "price": "$4.99 ($4.99 / Count)",
        "listPrice": "",
        "imageUrl": "https://m.media-amazon.com/images/I/414Xc42sIHL._SL160_.jpg",
        "detailPageURL": "https://www.amazon.com/dp/B09JSNZJQB",
        "rating": "4.1",
        "totalReviews": "919",
        "subtitle": "essence cosmetics",
        "isPrimeEligible": "1"
    },
    {
        "ASIN": "B0CGVQ9ZZL",
        "title": "Cono Essence Skin Care Serum, Cono Peptide Essence 84% Anti-Wrinkle Serum, Cono Peptide Essence Anti-Aging Wrinkle Serum, Instant Lifting Face Skin Care, Reduce Pigmentation And Fine Lines (1 PC)",
        "price": "$5.99 ($5.99 / Fl Oz)",
        "listPrice": "",
        "imageUrl": "https://m.media-amazon.com/images/I/41bHXWcQoLL._SL160_.jpg",
        "detailPageURL": "https://www.amazon.com/dp/B0CGVQ9ZZL",
        "rating": "",
        "totalReviews": "",
        "subtitle": "scaling women",
        "isPrimeEligible": "0"
    },
    {
        "ASIN": "B06WW9SJ5M",
        "title": "essence | Lash Princess Sculpted Volume Mascara | Paraben Free | Cruelty Free - Black (1-count)",
        "price": "$4.99 ($4.99 / Count)",
        "listPrice": "",
        "imageUrl": "https://m.media-amazon.com/images/I/31t55QaDUgL._SL160_.jpg",
        "detailPageURL": "https://www.amazon.com/dp/B06WW9SJ5M",
        "rating": "4.4",
        "totalReviews": "28860",
        "subtitle": "essence cosmetics",
        "isPrimeEligible": "1"
    },
    {
        "ASIN": "B0BQZ51MLQ",
        "title": "essence | Stay & Play Gel Eyeliner | Super Soft Gel-like Texture | Waterproof & Longlasting | Vegan & Cruelty Free (Emerald Dragon)",
        "price": "$4.99 ($108.71 / Ounce)",
        "listPrice": "",
        "imageUrl": "https://m.media-amazon.com/images/I/21FvBIEQITL._SL160_.jpg",
        "detailPageURL": "https://www.amazon.com/dp/B0BQZ51MLQ",
        "rating": "4.3",
        "totalReviews": "337",
        "subtitle": "essence cosmetics",
        "isPrimeEligible": "1"
    },
    {
        "ASIN": "B079X4DB3J",
        "title": "essence | Volume Booster Lash Primer Mascara | Infused with Mango Butter and Acai Oil for Nurtured Lashes | Conditioning Mascara Primer | White | Vegan | Paraben & Cruelty Free (Pack of 1)",
        "price": "$4.99 ($20.79 / Fl Oz)",
        "listPrice": "",
        "imageUrl": "https://m.media-amazon.com/images/I/31jCqqzhgIL._SL160_.jpg",
        "detailPageURL": "https://www.amazon.com/dp/B079X4DB3J",
        "rating": "4.3",
        "totalReviews": "32160",
        "subtitle": "essence cosmetics",
        "isPrimeEligible": "1"
    },
    {
        "ASIN": "B01D6J6YQK",
        "title": "Essence: A Runes Novella",
        "price": "$0.99",
        "listPrice": "",
        "imageUrl": "https://m.media-amazon.com/images/I/51GIC3QrqHL._SL160_.jpg",
        "detailPageURL": "https://www.amazon.com/dp/B01D6J6YQK",
        "rating": "4.3",
        "totalReviews": "213",
        "subtitle": "",
        "isPrimeEligible": "0"
    },
    {
        "ASIN": "B08C2G72QV",
        "title": "Essence: A Ness Creek Story",
        "price": "$16.99",
        "listPrice": "",
        "imageUrl": "https://m.media-amazon.com/images/I/51NcX5gMX8L._SL160_.jpg",
        "detailPageURL": "https://www.amazon.com/dp/B08C2G72QV",
        "rating": "",
        "totalReviews": "",
        "subtitle": "",
        "isPrimeEligible": "0"
    },
    {
        "ASIN": "B0CGR7R86V",
        "title": "Cono Peptide Essence,Cono Peptide Essence Anti-Aging Wrinkle Serum,Cono Peptide Essence Anti-Aging Wrinkle Serum Instant Lifting Face Skin Care Moisturizing Facial Serum(2 PCS)",
        "price": "$13.99 ($7.00 / Fl Oz)",
        "listPrice": "",
        "imageUrl": "https://m.media-amazon.com/images/I/415utngvu0L._SL160_.jpg",
        "detailPageURL": "https://www.amazon.com/dp/B0CGR7R86V",
        "rating": "",
        "totalReviews": "",
        "subtitle": "TPTAL",
        "isPrimeEligible": "1"
    },
    {
        "ASIN": "B0BXYBP4YJ",
        "title": "essence | Pure Nude Baked Blush | Highly Pigmented Baked Texture for a Bright, Healthy Glow | Available in 8 Gorgeous Shimmery Shades | Vegan & Cruelty Free (goldy cassis)",
        "price": "$5.99 ($24.26 / Ounce)",
        "listPrice": "",
        "imageUrl": "https://m.media-amazon.com/images/I/411ytF7kZaL._SL160_.jpg",
        "detailPageURL": "https://www.amazon.com/dp/B0BXYBP4YJ",
        "rating": "4.7",
        "totalReviews": "107",
        "subtitle": "essence cosmetics",
        "isPrimeEligible": "1"
    },
    {
        "ASIN": "B09JSNZJQB",
        "title": "essence | Electric Glow Color Changing Lipstick | pH Reactive Natural Pink for All Skin Tones | Vegan & Cruelty Free | Gluten Free, Without Oil & Parabens",
        "price": "$4.99 ($4.99 / Count)",
        "listPrice": "",
        "imageUrl": "https://m.media-amazon.com/images/I/414Xc42sIHL._SL160_.jpg",
        "detailPageURL": "https://www.amazon.com/dp/B09JSNZJQB",
        "rating": "4.1",
        "totalReviews": "919",
        "subtitle": "essence cosmetics",
        "isPrimeEligible": "1"
    },
    {
        "ASIN": "B09CLGGFBB",
        "title": "essence | What the Fake! Plumping Lip Filler | Chili Oil Extract Infused for Plump Lips | pH-Reactive Tint | Vegan, Cruelty Free & Gluten Free (03 | Oh My Chili)",
        "price": "$4.99 ($35.64 / Fl Oz)",
        "listPrice": "",
        "imageUrl": "https://m.media-amazon.com/images/I/31FAE9+kmyL._SL160_.jpg",
        "detailPageURL": "https://www.amazon.com/dp/B09CLGGFBB",
        "rating": "4.0",
        "totalReviews": "435",
        "subtitle": "essence cosmetics",
        "isPrimeEligible": "1"
    },
    {
        "ASIN": "B06WW9SJ5M",
        "title": "essence | Lash Princess Sculpted Volume Mascara | Paraben Free | Cruelty Free - Black (1-count)",
        "price": "$4.99 ($4.99 / Count)",
        "listPrice": "",
        "imageUrl": "https://m.media-amazon.com/images/I/31t55QaDUgL._SL160_.jpg",
        "detailPageURL": "https://www.amazon.com/dp/B06WW9SJ5M",
        "rating": "4.4",
        "totalReviews": "28860",
        "subtitle": "essence cosmetics",
        "isPrimeEligible": "1"
    },
    {
        "ASIN": "B0BQZ51MLQ",
        "title": "essence | Stay & Play Gel Eyeliner | Super Soft Gel-like Texture | Waterproof & Longlasting | Vegan & Cruelty Free (Emerald Dragon)",
        "price": "$4.99 ($108.71 / Ounce)",
        "listPrice": "",
        "imageUrl": "https://m.media-amazon.com/images/I/21FvBIEQITL._SL160_.jpg",
        "detailPageURL": "https://www.amazon.com/dp/B0BQZ51MLQ",
        "rating": "4.3",
        "totalReviews": "337",
        "subtitle": "essence cosmetics",
        "isPrimeEligible": "1"
    },
    {
        "ASIN": "B079X4DB3J",
        "title": "essence | Volume Booster Lash Primer Mascara | Infused with Mango Butter and Acai Oil for Nurtured Lashes | Conditioning Mascara Primer | White | Vegan | Paraben & Cruelty Free (Pack of 1)",
        "price": "$4.99 ($20.79 / Fl Oz)",
        "listPrice": "",
        "imageUrl": "https://m.media-amazon.com/images/I/31jCqqzhgIL._SL160_.jpg",
        "detailPageURL": "https://www.amazon.com/dp/B079X4DB3J",
        "rating": "4.3",
        "totalReviews": "32160",
        "subtitle": "essence cosmetics",
        "isPrimeEligible": "1"
    },
    {
        "ASIN": "B01D6J6YQK",
        "title": "Essence: A Runes Novella",
        "price": "$0.99",
        "listPrice": "",
        "imageUrl": "https://m.media-amazon.com/images/I/51GIC3QrqHL._SL160_.jpg",
        "detailPageURL": "https://www.amazon.com/dp/B01D6J6YQK",
        "rating": "4.3",
        "totalReviews": "213",
        "subtitle": "",
        "isPrimeEligible": "0"
    },
    {
        "ASIN": "B08C2G72QV",
        "title": "Essence: A Ness Creek Story",
        "price": "$16.99",
        "listPrice": "",
        "imageUrl": "https://m.media-amazon.com/images/I/51NcX5gMX8L._SL160_.jpg",
        "detailPageURL": "https://www.amazon.com/dp/B08C2G72QV",
        "rating": "",
        "totalReviews": "",
        "subtitle": "",
        "isPrimeEligible": "0"
    },
    {
        "ASIN": "B0CGR7R86V",
        "title": "Cono Peptide Essence,Cono Peptide Essence Anti-Aging Wrinkle Serum,Cono Peptide Essence Anti-Aging Wrinkle Serum Instant Lifting Face Skin Care Moisturizing Facial Serum(2 PCS)",
        "price": "$13.99 ($7.00 / Fl Oz)",
        "listPrice": "",
        "imageUrl": "https://m.media-amazon.com/images/I/415utngvu0L._SL160_.jpg",
        "detailPageURL": "https://www.amazon.com/dp/B0CGR7R86V",
        "rating": "",
        "totalReviews": "",
        "subtitle": "TPTAL",
        "isPrimeEligible": "1"
    },
    {
        "ASIN": "B0BXYBP4YJ",
        "title": "essence | Pure Nude Baked Blush | Highly Pigmented Baked Texture for a Bright, Healthy Glow | Available in 8 Gorgeous Shimmery Shades | Vegan & Cruelty Free (goldy cassis)",
        "price": "$5.99 ($24.26 / Ounce)",
        "listPrice": "",
        "imageUrl": "https://m.media-amazon.com/images/I/411ytF7kZaL._SL160_.jpg",
        "detailPageURL": "https://www.amazon.com/dp/B0BXYBP4YJ",
        "rating": "4.7",
        "totalReviews": "107",
        "subtitle": "essence cosmetics",
        "isPrimeEligible": "1"
    },
    {
        "ASIN": "B09JSNZJQB",
        "title": "essence | Electric Glow Color Changing Lipstick | pH Reactive Natural Pink for All Skin Tones | Vegan & Cruelty Free | Gluten Free, Without Oil & Parabens",
        "price": "$4.99 ($4.99 / Count)",
        "listPrice": "",
        "imageUrl": "https://m.media-amazon.com/images/I/414Xc42sIHL._SL160_.jpg",
        "detailPageURL": "https://www.amazon.com/dp/B09JSNZJQB",
        "rating": "4.1",
        "totalReviews": "919",
        "subtitle": "essence cosmetics",
        "isPrimeEligible": "1"
    },
    {
        "ASIN": "B09CLGGFBB",
        "title": "essence | What the Fake! Plumping Lip Filler | Chili Oil Extract Infused for Plump Lips | pH-Reactive Tint | Vegan, Cruelty Free & Gluten Free (03 | Oh My Chili)",
        "price": "$4.99 ($35.64 / Fl Oz)",
        "listPrice": "",
        "imageUrl": "https://m.media-amazon.com/images/I/31FAE9+kmyL._SL160_.jpg",
        "detailPageURL": "https://www.amazon.com/dp/B09CLGGFBB",
        "rating": "4.0",
        "totalReviews": "435",
        "subtitle": "essence cosmetics",
        "isPrimeEligible": "1"
    },
    {
        "ASIN": "B0BT1WMXWG",
        "title": "Essence (Oakwood: Heart & Soul Book 1)",
        "price": "$3.99",
        "listPrice": "",
        "imageUrl": "https://m.media-amazon.com/images/I/51sH6y7LdpL._SL160_.jpg",
        "detailPageURL": "https://www.amazon.com/dp/B0BT1WMXWG",
        "rating": "4.8",
        "totalReviews": "17",
        "subtitle": "",
        "isPrimeEligible": "0"
    },
    {
        "ASIN": "B0BQZ51MLQ",
        "title": "essence | Stay & Play Gel Eyeliner | Super Soft Gel-like Texture | Waterproof & Longlasting | Vegan & Cruelty Free (Emerald Dragon)",
        "price": "$4.99 ($108.71 / Ounce)",
        "listPrice": "",
        "imageUrl": "https://m.media-amazon.com/images/I/21FvBIEQITL._SL160_.jpg",
        "detailPageURL": "https://www.amazon.com/dp/B0BQZ51MLQ",
        "rating": "4.3",
        "totalReviews": "337",
        "subtitle": "essence cosmetics",
        "isPrimeEligible": "1"
    },
    {
        "ASIN": "B079X4DB3J",
        "title": "essence | Volume Booster Lash Primer Mascara | Infused with Mango Butter and Acai Oil for Nurtured Lashes | Conditioning Mascara Primer | White | Vegan | Paraben & Cruelty Free (Pack of 1)",
        "price": "$4.99 ($20.79 / Fl Oz)",
        "listPrice": "",
        "imageUrl": "https://m.media-amazon.com/images/I/31jCqqzhgIL._SL160_.jpg",
        "detailPageURL": "https://www.amazon.com/dp/B079X4DB3J",
        "rating": "4.3",
        "totalReviews": "32160",
        "subtitle": "essence cosmetics",
        "isPrimeEligible": "1"
    },
    {
        "ASIN": "B01D6J6YQK",
        "title": "Essence: A Runes Novella",
        "price": "$0.99",
        "listPrice": "",
        "imageUrl": "https://m.media-amazon.com/images/I/51GIC3QrqHL._SL160_.jpg",
        "detailPageURL": "https://www.amazon.com/dp/B01D6J6YQK",
        "rating": "4.3",
        "totalReviews": "213",
        "subtitle": "",
        "isPrimeEligible": "0"
    },
    {
        "ASIN": "B08C2G72QV",
        "title": "Essence: A Ness Creek Story",
        "price": "$16.99",
        "listPrice": "",
        "imageUrl": "https://m.media-amazon.com/images/I/51NcX5gMX8L._SL160_.jpg",
        "detailPageURL": "https://www.amazon.com/dp/B08C2G72QV",
        "rating": "",
        "totalReviews": "",
        "subtitle": "",
        "isPrimeEligible": "0"
    },
    {
        "ASIN": "B0CGR7R86V",
        "title": "Cono Peptide Essence,Cono Peptide Essence Anti-Aging Wrinkle Serum,Cono Peptide Essence Anti-Aging Wrinkle Serum Instant Lifting Face Skin Care Moisturizing Facial Serum(2 PCS)",
        "price": "$13.99 ($7.00 / Fl Oz)",
        "listPrice": "",
        "imageUrl": "https://m.media-amazon.com/images/I/415utngvu0L._SL160_.jpg",
        "detailPageURL": "https://www.amazon.com/dp/B0CGR7R86V",
        "rating": "",
        "totalReviews": "",
        "subtitle": "TPTAL",
        "isPrimeEligible": "1"
    },
    {
        "ASIN": "B0BXYBP4YJ",
        "title": "essence | Pure Nude Baked Blush | Highly Pigmented Baked Texture for a Bright, Healthy Glow | Available in 8 Gorgeous Shimmery Shades | Vegan & Cruelty Free (goldy cassis)",
        "price": "$5.99 ($24.26 / Ounce)",
        "listPrice": "",
        "imageUrl": "https://m.media-amazon.com/images/I/411ytF7kZaL._SL160_.jpg",
        "detailPageURL": "https://www.amazon.com/dp/B0BXYBP4YJ",
        "rating": "4.7",
        "totalReviews": "107",
        "subtitle": "essence cosmetics",
        "isPrimeEligible": "1"
    },
    {
        "ASIN": "B09JSNZJQB",
        "title": "essence | Electric Glow Color Changing Lipstick | pH Reactive Natural Pink for All Skin Tones | Vegan & Cruelty Free | Gluten Free, Without Oil & Parabens",
        "price": "$4.99 ($4.99 / Count)",
        "listPrice": "",
        "imageUrl": "https://m.media-amazon.com/images/I/414Xc42sIHL._SL160_.jpg",
        "detailPageURL": "https://www.amazon.com/dp/B09JSNZJQB",
        "rating": "4.1",
        "totalReviews": "919",
        "subtitle": "essence cosmetics",
        "isPrimeEligible": "1"
    },
    {
        "ASIN": "B09CLGGFBB",
        "title": "essence | What the Fake! Plumping Lip Filler | Chili Oil Extract Infused for Plump Lips | pH-Reactive Tint | Vegan, Cruelty Free & Gluten Free (03 | Oh My Chili)",
        "price": "$4.99 ($35.64 / Fl Oz)",
        "listPrice": "",
        "imageUrl": "https://m.media-amazon.com/images/I/31FAE9+kmyL._SL160_.jpg",
        "detailPageURL": "https://www.amazon.com/dp/B09CLGGFBB",
        "rating": "4.0",
        "totalReviews": "435",
        "subtitle": "essence cosmetics",
        "isPrimeEligible": "1"
    },
    {
        "ASIN": "B0BT1WMXWG",
        "title": "Essence (Oakwood: Heart & Soul Book 1)",
        "price": "$3.99",
        "listPrice": "",
        "imageUrl": "https://m.media-amazon.com/images/I/51sH6y7LdpL._SL160_.jpg",
        "detailPageURL": "https://www.amazon.com/dp/B0BT1WMXWG",
        "rating": "4.8",
        "totalReviews": "17",
        "subtitle": "",
        "isPrimeEligible": "0"
    },
    {
        "ASIN": "B09R8289X7",
        "title": "essence | Fix & LAST Make Up Gripping Jelly Primer | Hydrating & Smoothing Foundation Primer for Long Lasting Make Up | Vegan & Cruelty Free | Made Without Parabens, & Microplastic Particles",
        "price": "$5.99 ($0.20 / Fl Oz)",
        "listPrice": "",
        "imageUrl": "https://m.media-amazon.com/images/I/31VA-Tnk9vL._SL160_.jpg",
        "detailPageURL": "https://www.amazon.com/dp/B09R8289X7",
        "rating": "4.1",
        "totalReviews": "346",
        "subtitle": "essence cosmetics",
        "isPrimeEligible": "1"
    },
    {
        "ASIN": "B079X4DB3J",
        "title": "essence | Volume Booster Lash Primer Mascara | Infused with Mango Butter and Acai Oil for Nurtured Lashes | Conditioning Mascara Primer | White | Vegan | Paraben & Cruelty Free (Pack of 1)",
        "price": "$4.99 ($20.79 / Fl Oz)",
        "listPrice": "",
        "imageUrl": "https://m.media-amazon.com/images/I/31jCqqzhgIL._SL160_.jpg",
        "detailPageURL": "https://www.amazon.com/dp/B079X4DB3J",
        "rating": "4.3",
        "totalReviews": "32160",
        "subtitle": "essence cosmetics",
        "isPrimeEligible": "1"
    },
    {
        "ASIN": "B01D6J6YQK",
        "title": "Essence: A Runes Novella",
        "price": "$0.99",
        "listPrice": "",
        "imageUrl": "https://m.media-amazon.com/images/I/51GIC3QrqHL._SL160_.jpg",
        "detailPageURL": "https://www.amazon.com/dp/B01D6J6YQK",
        "rating": "4.3",
        "totalReviews": "213",
        "subtitle": "",
        "isPrimeEligible": "0"
    },
    {
        "ASIN": "B08C2G72QV",
        "title": "Essence: A Ness Creek Story",
        "price": "$16.99",
        "listPrice": "",
        "imageUrl": "https://m.media-amazon.com/images/I/51NcX5gMX8L._SL160_.jpg",
        "detailPageURL": "https://www.amazon.com/dp/B08C2G72QV",
        "rating": "",
        "totalReviews": "",
        "subtitle": "",
        "isPrimeEligible": "0"
    },
    {
        "ASIN": "B0CGR7R86V",
        "title": "Cono Peptide Essence,Cono Peptide Essence Anti-Aging Wrinkle Serum,Cono Peptide Essence Anti-Aging Wrinkle Serum Instant Lifting Face Skin Care Moisturizing Facial Serum(2 PCS)",
        "price": "$13.99 ($7.00 / Fl Oz)",
        "listPrice": "",
        "imageUrl": "https://m.media-amazon.com/images/I/415utngvu0L._SL160_.jpg",
        "detailPageURL": "https://www.amazon.com/dp/B0CGR7R86V",
        "rating": "",
        "totalReviews": "",
        "subtitle": "TPTAL",
        "isPrimeEligible": "1"
    },
    {
        "ASIN": "B0BXYBP4YJ",
        "title": "essence | Pure Nude Baked Blush | Highly Pigmented Baked Texture for a Bright, Healthy Glow | Available in 8 Gorgeous Shimmery Shades | Vegan & Cruelty Free (goldy cassis)",
        "price": "$5.99 ($24.26 / Ounce)",
        "listPrice": "",
        "imageUrl": "https://m.media-amazon.com/images/I/411ytF7kZaL._SL160_.jpg",
        "detailPageURL": "https://www.amazon.com/dp/B0BXYBP4YJ",
        "rating": "4.7",
        "totalReviews": "107",
        "subtitle": "essence cosmetics",
        "isPrimeEligible": "1"
    },
    {
        "ASIN": "B09JSNZJQB",
        "title": "essence | Electric Glow Color Changing Lipstick | pH Reactive Natural Pink for All Skin Tones | Vegan & Cruelty Free | Gluten Free, Without Oil & Parabens",
        "price": "$4.99 ($4.99 / Count)",
        "listPrice": "",
        "imageUrl": "https://m.media-amazon.com/images/I/414Xc42sIHL._SL160_.jpg",
        "detailPageURL": "https://www.amazon.com/dp/B09JSNZJQB",
        "rating": "4.1",
        "totalReviews": "919",
        "subtitle": "essence cosmetics",
        "isPrimeEligible": "1"
    },
    {
        "ASIN": "B09CLGGFBB",
        "title": "essence | What the Fake! Plumping Lip Filler | Chili Oil Extract Infused for Plump Lips | pH-Reactive Tint | Vegan, Cruelty Free & Gluten Free (03 | Oh My Chili)",
        "price": "$4.99 ($35.64 / Fl Oz)",
        "listPrice": "",
        "imageUrl": "https://m.media-amazon.com/images/I/31FAE9+kmyL._SL160_.jpg",
        "detailPageURL": "https://www.amazon.com/dp/B09CLGGFBB",
        "rating": "4.0",
        "totalReviews": "435",
        "subtitle": "essence cosmetics",
        "isPrimeEligible": "1"
    },
    {
        "ASIN": "B0BT1WMXWG",
        "title": "Essence (Oakwood: Heart & Soul Book 1)",
        "price": "$3.99",
        "listPrice": "",
        "imageUrl": "https://m.media-amazon.com/images/I/51sH6y7LdpL._SL160_.jpg",
        "detailPageURL": "https://www.amazon.com/dp/B0BT1WMXWG",
        "rating": "4.8",
        "totalReviews": "17",
        "subtitle": "",
        "isPrimeEligible": "0"
    },
    {
        "ASIN": "B09R8289X7",
        "title": "essence | Fix & LAST Make Up Gripping Jelly Primer | Hydrating & Smoothing Foundation Primer for Long Lasting Make Up | Vegan & Cruelty Free | Made Without Parabens, & Microplastic Particles",
        "price": "$5.99 ($0.20 / Fl Oz)",
        "listPrice": "",
        "imageUrl": "https://m.media-amazon.com/images/I/31VA-Tnk9vL._SL160_.jpg",
        "detailPageURL": "https://www.amazon.com/dp/B09R8289X7",
        "rating": "4.1",
        "totalReviews": "346",
        "subtitle": "essence cosmetics",
        "isPrimeEligible": "1"
    },
    {
        "ASIN": "B07DKC23D5",
        "title": "COSRX Galactomyces 95% Facial Essence, 100ml / 3.38 fl.oz | Daily Lightweight Korean Toner with 2% Niacinamide for Dull & Rough Skin | Korean Skin Care, Not Tested on Animals, Paraben Free",
        "price": "$14.56 ($4.31 / Fl Oz)",
        "listPrice": "$24.00 ($7.10 / Fl Oz)",
        "imageUrl": "https://m.media-amazon.com/images/I/31QkpzVUxuL._SL160_.jpg",
        "detailPageURL": "https://www.amazon.com/dp/B07DKC23D5",
        "rating": "4.5",
        "totalReviews": "2067",
        "subtitle": "COSRX",
        "isPrimeEligible": "1"
    },
    {
        "ASIN": "B01D6J6YQK",
        "title": "Essence: A Runes Novella",
        "price": "$0.99",
        "listPrice": "",
        "imageUrl": "https://m.media-amazon.com/images/I/51GIC3QrqHL._SL160_.jpg",
        "detailPageURL": "https://www.amazon.com/dp/B01D6J6YQK",
        "rating": "4.3",
        "totalReviews": "213",
        "subtitle": "",
        "isPrimeEligible": "0"
    },
    {
        "ASIN": "B08C2G72QV",
        "title": "Essence: A Ness Creek Story",
        "price": "$16.99",
        "listPrice": "",
        "imageUrl": "https://m.media-amazon.com/images/I/51NcX5gMX8L._SL160_.jpg",
        "detailPageURL": "https://www.amazon.com/dp/B08C2G72QV",
        "rating": "",
        "totalReviews": "",
        "subtitle": "",
        "isPrimeEligible": "0"
    },
    {
        "ASIN": "B0CGR7R86V",
        "title": "Cono Peptide Essence,Cono Peptide Essence Anti-Aging Wrinkle Serum,Cono Peptide Essence Anti-Aging Wrinkle Serum Instant Lifting Face Skin Care Moisturizing Facial Serum(2 PCS)",
        "price": "$13.99 ($7.00 / Fl Oz)",
        "listPrice": "",
        "imageUrl": "https://m.media-amazon.com/images/I/415utngvu0L._SL160_.jpg",
        "detailPageURL": "https://www.amazon.com/dp/B0CGR7R86V",
        "rating": "",
        "totalReviews": "",
        "subtitle": "TPTAL",
        "isPrimeEligible": "1"
    },
    {
        "ASIN": "B0BXYBP4YJ",
        "title": "essence | Pure Nude Baked Blush | Highly Pigmented Baked Texture for a Bright, Healthy Glow | Available in 8 Gorgeous Shimmery Shades | Vegan & Cruelty Free (goldy cassis)",
        "price": "$5.99 ($24.26 / Ounce)",
        "listPrice": "",
        "imageUrl": "https://m.media-amazon.com/images/I/411ytF7kZaL._SL160_.jpg",
        "detailPageURL": "https://www.amazon.com/dp/B0BXYBP4YJ",
        "rating": "4.7",
        "totalReviews": "107",
        "subtitle": "essence cosmetics",
        "isPrimeEligible": "1"
    },
    {
        "ASIN": "B09JSNZJQB",
        "title": "essence | Electric Glow Color Changing Lipstick | pH Reactive Natural Pink for All Skin Tones | Vegan & Cruelty Free | Gluten Free, Without Oil & Parabens",
        "price": "$4.99 ($4.99 / Count)",
        "listPrice": "",
        "imageUrl": "https://m.media-amazon.com/images/I/414Xc42sIHL._SL160_.jpg",
        "detailPageURL": "https://www.amazon.com/dp/B09JSNZJQB",
        "rating": "4.1",
        "totalReviews": "919",
        "subtitle": "essence cosmetics",
        "isPrimeEligible": "1"
    },
    {
        "ASIN": "B09CLGGFBB",
        "title": "essence | What the Fake! Plumping Lip Filler | Chili Oil Extract Infused for Plump Lips | pH-Reactive Tint | Vegan, Cruelty Free & Gluten Free (03 | Oh My Chili)",
        "price": "$4.99 ($35.64 / Fl Oz)",
        "listPrice": "",
        "imageUrl": "https://m.media-amazon.com/images/I/31FAE9+kmyL._SL160_.jpg",
        "detailPageURL": "https://www.amazon.com/dp/B09CLGGFBB",
        "rating": "4.0",
        "totalReviews": "435",
        "subtitle": "essence cosmetics",
        "isPrimeEligible": "1"
    },
    {
        "ASIN": "B0BT1WMXWG",
        "title": "Essence (Oakwood: Heart & Soul Book 1)",
        "price": "$3.99",
        "listPrice": "",
        "imageUrl": "https://m.media-amazon.com/images/I/51sH6y7LdpL._SL160_.jpg",
        "detailPageURL": "https://www.amazon.com/dp/B0BT1WMXWG",
        "rating": "4.8",
        "totalReviews": "17",
        "subtitle": "",
        "isPrimeEligible": "0"
    },
    {
        "ASIN": "B09R8289X7",
        "title": "essence | Fix & LAST Make Up Gripping Jelly Primer | Hydrating & Smoothing Foundation Primer for Long Lasting Make Up | Vegan & Cruelty Free | Made Without Parabens, & Microplastic Particles",
        "price": "$5.99 ($0.20 / Fl Oz)",
        "listPrice": "",
        "imageUrl": "https://m.media-amazon.com/images/I/31VA-Tnk9vL._SL160_.jpg",
        "detailPageURL": "https://www.amazon.com/dp/B09R8289X7",
        "rating": "4.1",
        "totalReviews": "346",
        "subtitle": "essence cosmetics",
        "isPrimeEligible": "1"
    },
    {
        "ASIN": "B07DKC23D5",
        "title": "COSRX Galactomyces 95% Facial Essence, 100ml / 3.38 fl.oz | Daily Lightweight Korean Toner with 2% Niacinamide for Dull & Rough Skin | Korean Skin Care, Not Tested on Animals, Paraben Free",
        "price": "$14.56 ($4.31 / Fl Oz)",
        "listPrice": "$24.00 ($7.10 / Fl Oz)",
        "imageUrl": "https://m.media-amazon.com/images/I/31QkpzVUxuL._SL160_.jpg",
        "detailPageURL": "https://www.amazon.com/dp/B07DKC23D5",
        "rating": "4.5",
        "totalReviews": "2067",
        "subtitle": "COSRX",
        "isPrimeEligible": "1"
    },
    {
        "ASIN": "B084GXBHQR",
        "title": "essence | Bye Bye Panda Eyes Tubing Mascara | Smudge-proof, Volumizing Definition | Vegan, Cruelty Free, Free From Parabens & Oils (Pack of 1)",
        "price": "$4.99",
        "listPrice": "",
        "imageUrl": "https://m.media-amazon.com/images/I/41bivQLY54L._SL160_.jpg",
        "detailPageURL": "https://www.amazon.com/dp/B084GXBHQR",
        "rating": "3.9",
        "totalReviews": "8138",
        "subtitle": "essence cosmetics",
        "isPrimeEligible": "1"
    },
    {
        "ASIN": "B08C2G72QV",
        "title": "Essence: A Ness Creek Story",
        "price": "$16.99",
        "listPrice": "",
        "imageUrl": "https://m.media-amazon.com/images/I/51NcX5gMX8L._SL160_.jpg",
        "detailPageURL": "https://www.amazon.com/dp/B08C2G72QV",
        "rating": "",
        "totalReviews": "",
        "subtitle": "",
        "isPrimeEligible": "0"
    },
    {
        "ASIN": "B0CGR7R86V",
        "title": "Cono Peptide Essence,Cono Peptide Essence Anti-Aging Wrinkle Serum,Cono Peptide Essence Anti-Aging Wrinkle Serum Instant Lifting Face Skin Care Moisturizing Facial Serum(2 PCS)",
        "price": "$13.99 ($7.00 / Fl Oz)",
        "listPrice": "",
        "imageUrl": "https://m.media-amazon.com/images/I/415utngvu0L._SL160_.jpg",
        "detailPageURL": "https://www.amazon.com/dp/B0CGR7R86V",
        "rating": "",
        "totalReviews": "",
        "subtitle": "TPTAL",
        "isPrimeEligible": "1"
    },
    {
        "ASIN": "B0BXYBP4YJ",
        "title": "essence | Pure Nude Baked Blush | Highly Pigmented Baked Texture for a Bright, Healthy Glow | Available in 8 Gorgeous Shimmery Shades | Vegan & Cruelty Free (goldy cassis)",
        "price": "$5.99 ($24.26 / Ounce)",
        "listPrice": "",
        "imageUrl": "https://m.media-amazon.com/images/I/411ytF7kZaL._SL160_.jpg",
        "detailPageURL": "https://www.amazon.com/dp/B0BXYBP4YJ",
        "rating": "4.7",
        "totalReviews": "107",
        "subtitle": "essence cosmetics",
        "isPrimeEligible": "1"
    },
    {
        "ASIN": "B09JSNZJQB",
        "title": "essence | Electric Glow Color Changing Lipstick | pH Reactive Natural Pink for All Skin Tones | Vegan & Cruelty Free | Gluten Free, Without Oil & Parabens",
        "price": "$4.99 ($4.99 / Count)",
        "listPrice": "",
        "imageUrl": "https://m.media-amazon.com/images/I/414Xc42sIHL._SL160_.jpg",
        "detailPageURL": "https://www.amazon.com/dp/B09JSNZJQB",
        "rating": "4.1",
        "totalReviews": "919",
        "subtitle": "essence cosmetics",
        "isPrimeEligible": "1"
    },
    {
        "ASIN": "B09CLGGFBB",
        "title": "essence | What the Fake! Plumping Lip Filler | Chili Oil Extract Infused for Plump Lips | pH-Reactive Tint | Vegan, Cruelty Free & Gluten Free (03 | Oh My Chili)",
        "price": "$4.99 ($35.64 / Fl Oz)",
        "listPrice": "",
        "imageUrl": "https://m.media-amazon.com/images/I/31FAE9+kmyL._SL160_.jpg",
        "detailPageURL": "https://www.amazon.com/dp/B09CLGGFBB",
        "rating": "4.0",
        "totalReviews": "435",
        "subtitle": "essence cosmetics",
        "isPrimeEligible": "1"
    },
    {
        "ASIN": "B0BT1WMXWG",
        "title": "Essence (Oakwood: Heart & Soul Book 1)",
        "price": "$3.99",
        "listPrice": "",
        "imageUrl": "https://m.media-amazon.com/images/I/51sH6y7LdpL._SL160_.jpg",
        "detailPageURL": "https://www.amazon.com/dp/B0BT1WMXWG",
        "rating": "4.8",
        "totalReviews": "17",
        "subtitle": "",
        "isPrimeEligible": "0"
    },
    {
        "ASIN": "B09R8289X7",
        "title": "essence | Fix & LAST Make Up Gripping Jelly Primer | Hydrating & Smoothing Foundation Primer for Long Lasting Make Up | Vegan & Cruelty Free | Made Without Parabens, & Microplastic Particles",
        "price": "$5.99 ($0.20 / Fl Oz)",
        "listPrice": "",
        "imageUrl": "https://m.media-amazon.com/images/I/31VA-Tnk9vL._SL160_.jpg",
        "detailPageURL": "https://www.amazon.com/dp/B09R8289X7",
        "rating": "4.1",
        "totalReviews": "346",
        "subtitle": "essence cosmetics",
        "isPrimeEligible": "1"
    },
    {
        "ASIN": "B07DKC23D5",
        "title": "COSRX Galactomyces 95% Facial Essence, 100ml / 3.38 fl.oz | Daily Lightweight Korean Toner with 2% Niacinamide for Dull & Rough Skin | Korean Skin Care, Not Tested on Animals, Paraben Free",
        "price": "$14.56 ($4.31 / Fl Oz)",
        "listPrice": "$24.00 ($7.10 / Fl Oz)",
        "imageUrl": "https://m.media-amazon.com/images/I/31QkpzVUxuL._SL160_.jpg",
        "detailPageURL": "https://www.amazon.com/dp/B07DKC23D5",
        "rating": "4.5",
        "totalReviews": "2067",
        "subtitle": "COSRX",
        "isPrimeEligible": "1"
    },
    {
        "ASIN": "B084GXBHQR",
        "title": "essence | Bye Bye Panda Eyes Tubing Mascara | Smudge-proof, Volumizing Definition | Vegan, Cruelty Free, Free From Parabens & Oils (Pack of 1)",
        "price": "$4.99",
        "listPrice": "",
        "imageUrl": "https://m.media-amazon.com/images/I/41bivQLY54L._SL160_.jpg",
        "detailPageURL": "https://www.amazon.com/dp/B084GXBHQR",
        "rating": "3.9",
        "totalReviews": "8138",
        "subtitle": "essence cosmetics",
        "isPrimeEligible": "1"
    },
    {
        "ASIN": "B09ZBB9KGR",
        "title": "essence | What the Fake! Plumping Lip Filler | Volumizing Lip Gloss Made With Hyaluronic Acid and Vitamin E | Vegan & Cruelty Free | Free From Gluten, & Parabens (02 | Oh My Nude!)",
        "price": "$4.99 ($35.64 / Fl Oz)",
        "listPrice": "",
        "imageUrl": "https://m.media-amazon.com/images/I/31cojAZZj3L._SL160_.jpg",
        "detailPageURL": "https://www.amazon.com/dp/B09ZBB9KGR",
        "rating": "4.0",
        "totalReviews": "909",
        "subtitle": "essence cosmetics",
        "isPrimeEligible": "1"
    },
    {
        "ASIN": "B0CGR7R86V",
        "title": "Cono Peptide Essence,Cono Peptide Essence Anti-Aging Wrinkle Serum,Cono Peptide Essence Anti-Aging Wrinkle Serum Instant Lifting Face Skin Care Moisturizing Facial Serum(2 PCS)",
        "price": "$13.99 ($7.00 / Fl Oz)",
        "listPrice": "",
        "imageUrl": "https://m.media-amazon.com/images/I/415utngvu0L._SL160_.jpg",
        "detailPageURL": "https://www.amazon.com/dp/B0CGR7R86V",
        "rating": "",
        "totalReviews": "",
        "subtitle": "TPTAL",
        "isPrimeEligible": "1"
    },
    {
        "ASIN": "B0BXYBP4YJ",
        "title": "essence | Pure Nude Baked Blush | Highly Pigmented Baked Texture for a Bright, Healthy Glow | Available in 8 Gorgeous Shimmery Shades | Vegan & Cruelty Free (goldy cassis)",
        "price": "$5.99 ($24.26 / Ounce)",
        "listPrice": "",
        "imageUrl": "https://m.media-amazon.com/images/I/411ytF7kZaL._SL160_.jpg",
        "detailPageURL": "https://www.amazon.com/dp/B0BXYBP4YJ",
        "rating": "4.7",
        "totalReviews": "107",
        "subtitle": "essence cosmetics",
        "isPrimeEligible": "1"
    },
    {
        "ASIN": "B09JSNZJQB",
        "title": "essence | Electric Glow Color Changing Lipstick | pH Reactive Natural Pink for All Skin Tones | Vegan & Cruelty Free | Gluten Free, Without Oil & Parabens",
        "price": "$4.99 ($4.99 / Count)",
        "listPrice": "",
        "imageUrl": "https://m.media-amazon.com/images/I/414Xc42sIHL._SL160_.jpg",
        "detailPageURL": "https://www.amazon.com/dp/B09JSNZJQB",
        "rating": "4.1",
        "totalReviews": "919",
        "subtitle": "essence cosmetics",
        "isPrimeEligible": "1"
    },
    {
        "ASIN": "B09CLGGFBB",
        "title": "essence | What the Fake! Plumping Lip Filler | Chili Oil Extract Infused for Plump Lips | pH-Reactive Tint | Vegan, Cruelty Free & Gluten Free (03 | Oh My Chili)",
        "price": "$4.99 ($35.64 / Fl Oz)",
        "listPrice": "",
        "imageUrl": "https://m.media-amazon.com/images/I/31FAE9+kmyL._SL160_.jpg",
        "detailPageURL": "https://www.amazon.com/dp/B09CLGGFBB",
        "rating": "4.0",
        "totalReviews": "435",
        "subtitle": "essence cosmetics",
        "isPrimeEligible": "1"
    },
    {
        "ASIN": "B0BT1WMXWG",
        "title": "Essence (Oakwood: Heart & Soul Book 1)",
        "price": "$3.99",
        "listPrice": "",
        "imageUrl": "https://m.media-amazon.com/images/I/51sH6y7LdpL._SL160_.jpg",
        "detailPageURL": "https://www.amazon.com/dp/B0BT1WMXWG",
        "rating": "4.8",
        "totalReviews": "17",
        "subtitle": "",
        "isPrimeEligible": "0"
    },
    {
        "ASIN": "B09R8289X7",
        "title": "essence | Fix & LAST Make Up Gripping Jelly Primer | Hydrating & Smoothing Foundation Primer for Long Lasting Make Up | Vegan & Cruelty Free | Made Without Parabens, & Microplastic Particles",
        "price": "$5.99 ($0.20 / Fl Oz)",
        "listPrice": "",
        "imageUrl": "https://m.media-amazon.com/images/I/31VA-Tnk9vL._SL160_.jpg",
        "detailPageURL": "https://www.amazon.com/dp/B09R8289X7",
        "rating": "4.1",
        "totalReviews": "346",
        "subtitle": "essence cosmetics",
        "isPrimeEligible": "1"
    },
    {
        "ASIN": "B07DKC23D5",
        "title": "COSRX Galactomyces 95% Facial Essence, 100ml / 3.38 fl.oz | Daily Lightweight Korean Toner with 2% Niacinamide for Dull & Rough Skin | Korean Skin Care, Not Tested on Animals, Paraben Free",
        "price": "$14.56 ($4.31 / Fl Oz)",
        "listPrice": "$24.00 ($7.10 / Fl Oz)",
        "imageUrl": "https://m.media-amazon.com/images/I/31QkpzVUxuL._SL160_.jpg",
        "detailPageURL": "https://www.amazon.com/dp/B07DKC23D5",
        "rating": "4.5",
        "totalReviews": "2067",
        "subtitle": "COSRX",
        "isPrimeEligible": "1"
    },
    {
        "ASIN": "B084GXBHQR",
        "title": "essence | Bye Bye Panda Eyes Tubing Mascara | Smudge-proof, Volumizing Definition | Vegan, Cruelty Free, Free From Parabens & Oils (Pack of 1)",
        "price": "$4.99",
        "listPrice": "",
        "imageUrl": "https://m.media-amazon.com/images/I/41bivQLY54L._SL160_.jpg",
        "detailPageURL": "https://www.amazon.com/dp/B084GXBHQR",
        "rating": "3.9",
        "totalReviews": "8138",
        "subtitle": "essence cosmetics",
        "isPrimeEligible": "1"
    },
    {
        "ASIN": "B09ZBB9KGR",
        "title": "essence | What the Fake! Plumping Lip Filler | Volumizing Lip Gloss Made With Hyaluronic Acid and Vitamin E | Vegan & Cruelty Free | Free From Gluten, & Parabens (02 | Oh My Nude!)",
        "price": "$4.99 ($35.64 / Fl Oz)",
        "listPrice": "",
        "imageUrl": "https://m.media-amazon.com/images/I/31cojAZZj3L._SL160_.jpg",
        "detailPageURL": "https://www.amazon.com/dp/B09ZBB9KGR",
        "rating": "4.0",
        "totalReviews": "909",
        "subtitle": "essence cosmetics",
        "isPrimeEligible": "1"
    },
    {
        "ASIN": "B0BXYFF5VQ",
        "title": "essence | Keep Me Covered Long-Lasting Foundation | Medium to Full Buildable Coverage | Vegan & Cruelty Free | Free From Alcohol, Parabens-Fragrance, Oil & Microplastic Particles",
        "price": "$6.99 ($6.92 / Fl Oz)",
        "listPrice": "",
        "imageUrl": "https://m.media-amazon.com/images/I/31UkZJ0pxYL._SL160_.jpg",
        "detailPageURL": "https://www.amazon.com/dp/B0BXYFF5VQ",
        "rating": "3.7",
        "totalReviews": "45",
        "subtitle": "essence cosmetics",
        "isPrimeEligible": "1"
    },
    {
        "ASIN": "B0BXYBP4YJ",
        "title": "essence | Pure Nude Baked Blush | Highly Pigmented Baked Texture for a Bright, Healthy Glow | Available in 8 Gorgeous Shimmery Shades | Vegan & Cruelty Free (goldy cassis)",
        "price": "$5.99 ($24.26 / Ounce)",
        "listPrice": "",
        "imageUrl": "https://m.media-amazon.com/images/I/411ytF7kZaL._SL160_.jpg",
        "detailPageURL": "https://www.amazon.com/dp/B0BXYBP4YJ",
        "rating": "4.7",
        "totalReviews": "107",
        "subtitle": "essence cosmetics",
        "isPrimeEligible": "1"
    },
    {
        "ASIN": "B09JSNZJQB",
        "title": "essence | Electric Glow Color Changing Lipstick | pH Reactive Natural Pink for All Skin Tones | Vegan & Cruelty Free | Gluten Free, Without Oil & Parabens",
        "price": "$4.99 ($4.99 / Count)",
        "listPrice": "",
        "imageUrl": "https://m.media-amazon.com/images/I/414Xc42sIHL._SL160_.jpg",
        "detailPageURL": "https://www.amazon.com/dp/B09JSNZJQB",
        "rating": "4.1",
        "totalReviews": "919",
        "subtitle": "essence cosmetics",
        "isPrimeEligible": "1"
    },
    {
        "ASIN": "B09CLGGFBB",
        "title": "essence | What the Fake! Plumping Lip Filler | Chili Oil Extract Infused for Plump Lips | pH-Reactive Tint | Vegan, Cruelty Free & Gluten Free (03 | Oh My Chili)",
        "price": "$4.99 ($35.64 / Fl Oz)",
        "listPrice": "",
        "imageUrl": "https://m.media-amazon.com/images/I/31FAE9+kmyL._SL160_.jpg",
        "detailPageURL": "https://www.amazon.com/dp/B09CLGGFBB",
        "rating": "4.0",
        "totalReviews": "435",
        "subtitle": "essence cosmetics",
        "isPrimeEligible": "1"
    },
    {
        "ASIN": "B0BT1WMXWG",
        "title": "Essence (Oakwood: Heart & Soul Book 1)",
        "price": "$3.99",
        "listPrice": "",
        "imageUrl": "https://m.media-amazon.com/images/I/51sH6y7LdpL._SL160_.jpg",
        "detailPageURL": "https://www.amazon.com/dp/B0BT1WMXWG",
        "rating": "4.8",
        "totalReviews": "17",
        "subtitle": "",
        "isPrimeEligible": "0"
    },
    {
        "ASIN": "B09R8289X7",
        "title": "essence | Fix & LAST Make Up Gripping Jelly Primer | Hydrating & Smoothing Foundation Primer for Long Lasting Make Up | Vegan & Cruelty Free | Made Without Parabens, & Microplastic Particles",
        "price": "$5.99 ($0.20 / Fl Oz)",
        "listPrice": "",
        "imageUrl": "https://m.media-amazon.com/images/I/31VA-Tnk9vL._SL160_.jpg",
        "detailPageURL": "https://www.amazon.com/dp/B09R8289X7",
        "rating": "4.1",
        "totalReviews": "346",
        "subtitle": "essence cosmetics",
        "isPrimeEligible": "1"
    },
    {
        "ASIN": "B07DKC23D5",
        "title": "COSRX Galactomyces 95% Facial Essence, 100ml / 3.38 fl.oz | Daily Lightweight Korean Toner with 2% Niacinamide for Dull & Rough Skin | Korean Skin Care, Not Tested on Animals, Paraben Free",
        "price": "$14.56 ($4.31 / Fl Oz)",
        "listPrice": "$24.00 ($7.10 / Fl Oz)",
        "imageUrl": "https://m.media-amazon.com/images/I/31QkpzVUxuL._SL160_.jpg",
        "detailPageURL": "https://www.amazon.com/dp/B07DKC23D5",
        "rating": "4.5",
        "totalReviews": "2067",
        "subtitle": "COSRX",
        "isPrimeEligible": "1"
    },
    {
        "ASIN": "B084GXBHQR",
        "title": "essence | Bye Bye Panda Eyes Tubing Mascara | Smudge-proof, Volumizing Definition | Vegan, Cruelty Free, Free From Parabens & Oils (Pack of 1)",
        "price": "$4.99",
        "listPrice": "",
        "imageUrl": "https://m.media-amazon.com/images/I/41bivQLY54L._SL160_.jpg",
        "detailPageURL": "https://www.amazon.com/dp/B084GXBHQR",
        "rating": "3.9",
        "totalReviews": "8138",
        "subtitle": "essence cosmetics",
        "isPrimeEligible": "1"
    },
    {
        "ASIN": "B09ZBB9KGR",
        "title": "essence | What the Fake! Plumping Lip Filler | Volumizing Lip Gloss Made With Hyaluronic Acid and Vitamin E | Vegan & Cruelty Free | Free From Gluten, & Parabens (02 | Oh My Nude!)",
        "price": "$4.99 ($35.64 / Fl Oz)",
        "listPrice": "",
        "imageUrl": "https://m.media-amazon.com/images/I/31cojAZZj3L._SL160_.jpg",
        "detailPageURL": "https://www.amazon.com/dp/B09ZBB9KGR",
        "rating": "4.0",
        "totalReviews": "909",
        "subtitle": "essence cosmetics",
        "isPrimeEligible": "1"
    },
    {
        "ASIN": "B0BXYFF5VQ",
        "title": "essence | Keep Me Covered Long-Lasting Foundation | Medium to Full Buildable Coverage | Vegan & Cruelty Free | Free From Alcohol, Parabens-Fragrance, Oil & Microplastic Particles",
        "price": "$6.99 ($6.92 / Fl Oz)",
        "listPrice": "",
        "imageUrl": "https://m.media-amazon.com/images/I/31UkZJ0pxYL._SL160_.jpg",
        "detailPageURL": "https://www.amazon.com/dp/B0BXYFF5VQ",
        "rating": "3.7",
        "totalReviews": "45",
        "subtitle": "essence cosmetics",
        "isPrimeEligible": "1"
    },
    {
        "ASIN": "B01F1LVPEC",
        "title": "Essence : (Nectar Trilogy, Dark Vampire Romance, Book 3)",
        "price": "$3.99",
        "listPrice": "",
        "imageUrl": "https://m.media-amazon.com/images/I/41fjuEKnq9L._SL160_.jpg",
        "detailPageURL": "https://www.amazon.com/dp/B01F1LVPEC",
        "rating": "4.2",
        "totalReviews": "408",
        "subtitle": "",
        "isPrimeEligible": "0"
    },
    {
        "ASIN": "B09JSNZJQB",
        "title": "essence | Electric Glow Color Changing Lipstick | pH Reactive Natural Pink for All Skin Tones | Vegan & Cruelty Free | Gluten Free, Without Oil & Parabens",
        "price": "$4.99 ($4.99 / Count)",
        "listPrice": "",
        "imageUrl": "https://m.media-amazon.com/images/I/414Xc42sIHL._SL160_.jpg",
        "detailPageURL": "https://www.amazon.com/dp/B09JSNZJQB",
        "rating": "4.1",
        "totalReviews": "919",
        "subtitle": "essence cosmetics",
        "isPrimeEligible": "1"
    },
    {
        "ASIN": "B09CLGGFBB",
        "title": "essence | What the Fake! Plumping Lip Filler | Chili Oil Extract Infused for Plump Lips | pH-Reactive Tint | Vegan, Cruelty Free & Gluten Free (03 | Oh My Chili)",
        "price": "$4.99 ($35.64 / Fl Oz)",
        "listPrice": "",
        "imageUrl": "https://m.media-amazon.com/images/I/31FAE9+kmyL._SL160_.jpg",
        "detailPageURL": "https://www.amazon.com/dp/B09CLGGFBB",
        "rating": "4.0",
        "totalReviews": "435",
        "subtitle": "essence cosmetics",
        "isPrimeEligible": "1"
    },
    {
        "ASIN": "B0BT1WMXWG",
        "title": "Essence (Oakwood: Heart & Soul Book 1)",
        "price": "$3.99",
        "listPrice": "",
        "imageUrl": "https://m.media-amazon.com/images/I/51sH6y7LdpL._SL160_.jpg",
        "detailPageURL": "https://www.amazon.com/dp/B0BT1WMXWG",
        "rating": "4.8",
        "totalReviews": "17",
        "subtitle": "",
        "isPrimeEligible": "0"
    },
    {
        "ASIN": "B09R8289X7",
        "title": "essence | Fix & LAST Make Up Gripping Jelly Primer | Hydrating & Smoothing Foundation Primer for Long Lasting Make Up | Vegan & Cruelty Free | Made Without Parabens, & Microplastic Particles",
        "price": "$5.99 ($0.20 / Fl Oz)",
        "listPrice": "",
        "imageUrl": "https://m.media-amazon.com/images/I/31VA-Tnk9vL._SL160_.jpg",
        "detailPageURL": "https://www.amazon.com/dp/B09R8289X7",
        "rating": "4.1",
        "totalReviews": "346",
        "subtitle": "essence cosmetics",
        "isPrimeEligible": "1"
    },
    {
        "ASIN": "B07DKC23D5",
        "title": "COSRX Galactomyces 95% Facial Essence, 100ml / 3.38 fl.oz | Daily Lightweight Korean Toner with 2% Niacinamide for Dull & Rough Skin | Korean Skin Care, Not Tested on Animals, Paraben Free",
        "price": "$14.56 ($4.31 / Fl Oz)",
        "listPrice": "$24.00 ($7.10 / Fl Oz)",
        "imageUrl": "https://m.media-amazon.com/images/I/31QkpzVUxuL._SL160_.jpg",
        "detailPageURL": "https://www.amazon.com/dp/B07DKC23D5",
        "rating": "4.5",
        "totalReviews": "2067",
        "subtitle": "COSRX",
        "isPrimeEligible": "1"
    },
    {
        "ASIN": "B084GXBHQR",
        "title": "essence | Bye Bye Panda Eyes Tubing Mascara | Smudge-proof, Volumizing Definition | Vegan, Cruelty Free, Free From Parabens & Oils (Pack of 1)",
        "price": "$4.99",
        "listPrice": "",
        "imageUrl": "https://m.media-amazon.com/images/I/41bivQLY54L._SL160_.jpg",
        "detailPageURL": "https://www.amazon.com/dp/B084GXBHQR",
        "rating": "3.9",
        "totalReviews": "8138",
        "subtitle": "essence cosmetics",
        "isPrimeEligible": "1"
    },
    {
        "ASIN": "B09ZBB9KGR",
        "title": "essence | What the Fake! Plumping Lip Filler | Volumizing Lip Gloss Made With Hyaluronic Acid and Vitamin E | Vegan & Cruelty Free | Free From Gluten, & Parabens (02 | Oh My Nude!)",
        "price": "$4.99 ($35.64 / Fl Oz)",
        "listPrice": "",
        "imageUrl": "https://m.media-amazon.com/images/I/31cojAZZj3L._SL160_.jpg",
        "detailPageURL": "https://www.amazon.com/dp/B09ZBB9KGR",
        "rating": "4.0",
        "totalReviews": "909",
        "subtitle": "essence cosmetics",
        "isPrimeEligible": "1"
    },
    {
        "ASIN": "B0BXYFF5VQ",
        "title": "essence | Keep Me Covered Long-Lasting Foundation | Medium to Full Buildable Coverage | Vegan & Cruelty Free | Free From Alcohol, Parabens-Fragrance, Oil & Microplastic Particles",
        "price": "$6.99 ($6.92 / Fl Oz)",
        "listPrice": "",
        "imageUrl": "https://m.media-amazon.com/images/I/31UkZJ0pxYL._SL160_.jpg",
        "detailPageURL": "https://www.amazon.com/dp/B0BXYFF5VQ",
        "rating": "3.7",
        "totalReviews": "45",
        "subtitle": "essence cosmetics",
        "isPrimeEligible": "1"
    },
    {
        "ASIN": "B01F1LVPEC",
        "title": "Essence : (Nectar Trilogy, Dark Vampire Romance, Book 3)",
        "price": "$3.99",
        "listPrice": "",
        "imageUrl": "https://m.media-amazon.com/images/I/41fjuEKnq9L._SL160_.jpg",
        "detailPageURL": "https://www.amazon.com/dp/B01F1LVPEC",
        "rating": "4.2",
        "totalReviews": "408",
        "subtitle": "",
        "isPrimeEligible": "0"
    },
    {
        "ASIN": "B0CH7Y1B5Y",
        "title": "Cono Peptide Essence 84%\uff0cAnti-Wrinkle Essence Series,Cono Peptide Anti-wrinkle Anti-aging Essence Lifting, Plumping, Firming Skin,Pure Plant Extract Facial Serum Essence(2pcs)",
        "price": "$12.99 ($6.50 / Ounce)",
        "listPrice": "",
        "imageUrl": "https://m.media-amazon.com/images/I/41tCB2CcLwL._SL160_.jpg",
        "detailPageURL": "https://www.amazon.com/dp/B0CH7Y1B5Y",
        "rating": "",
        "totalReviews": "",
        "subtitle": "HongChengSM",
        "isPrimeEligible": "1"
    },
    {
        "ASIN": "B09CLGGFBB",
        "title": "essence | What the Fake! Plumping Lip Filler | Chili Oil Extract Infused for Plump Lips | pH-Reactive Tint | Vegan, Cruelty Free & Gluten Free (03 | Oh My Chili)",
        "price": "$4.99 ($35.64 / Fl Oz)",
        "listPrice": "",
        "imageUrl": "https://m.media-amazon.com/images/I/31FAE9+kmyL._SL160_.jpg",
        "detailPageURL": "https://www.amazon.com/dp/B09CLGGFBB",
        "rating": "4.0",
        "totalReviews": "435",
        "subtitle": "essence cosmetics",
        "isPrimeEligible": "1"
    },
    {
        "ASIN": "B0BT1WMXWG",
        "title": "Essence (Oakwood: Heart & Soul Book 1)",
        "price": "$3.99",
        "listPrice": "",
        "imageUrl": "https://m.media-amazon.com/images/I/51sH6y7LdpL._SL160_.jpg",
        "detailPageURL": "https://www.amazon.com/dp/B0BT1WMXWG",
        "rating": "4.8",
        "totalReviews": "17",
        "subtitle": "",
        "isPrimeEligible": "0"
    },
    {
        "ASIN": "B09R8289X7",
        "title": "essence | Fix & LAST Make Up Gripping Jelly Primer | Hydrating & Smoothing Foundation Primer for Long Lasting Make Up | Vegan & Cruelty Free | Made Without Parabens, & Microplastic Particles",
        "price": "$5.99 ($0.20 / Fl Oz)",
        "listPrice": "",
        "imageUrl": "https://m.media-amazon.com/images/I/31VA-Tnk9vL._SL160_.jpg",
        "detailPageURL": "https://www.amazon.com/dp/B09R8289X7",
        "rating": "4.1",
        "totalReviews": "346",
        "subtitle": "essence cosmetics",
        "isPrimeEligible": "1"
    },
    {
        "ASIN": "B07DKC23D5",
        "title": "COSRX Galactomyces 95% Facial Essence, 100ml / 3.38 fl.oz | Daily Lightweight Korean Toner with 2% Niacinamide for Dull & Rough Skin | Korean Skin Care, Not Tested on Animals, Paraben Free",
        "price": "$14.56 ($4.31 / Fl Oz)",
        "listPrice": "$24.00 ($7.10 / Fl Oz)",
        "imageUrl": "https://m.media-amazon.com/images/I/31QkpzVUxuL._SL160_.jpg",
        "detailPageURL": "https://www.amazon.com/dp/B07DKC23D5",
        "rating": "4.5",
        "totalReviews": "2067",
        "subtitle": "COSRX",
        "isPrimeEligible": "1"
    },
    {
        "ASIN": "B084GXBHQR",
        "title": "essence | Bye Bye Panda Eyes Tubing Mascara | Smudge-proof, Volumizing Definition | Vegan, Cruelty Free, Free From Parabens & Oils (Pack of 1)",
        "price": "$4.99",
        "listPrice": "",
        "imageUrl": "https://m.media-amazon.com/images/I/41bivQLY54L._SL160_.jpg",
        "detailPageURL": "https://www.amazon.com/dp/B084GXBHQR",
        "rating": "3.9",
        "totalReviews": "8138",
        "subtitle": "essence cosmetics",
        "isPrimeEligible": "1"
    },
    {
        "ASIN": "B09ZBB9KGR",
        "title": "essence | What the Fake! Plumping Lip Filler | Volumizing Lip Gloss Made With Hyaluronic Acid and Vitamin E | Vegan & Cruelty Free | Free From Gluten, & Parabens (02 | Oh My Nude!)",
        "price": "$4.99 ($35.64 / Fl Oz)",
        "listPrice": "",
        "imageUrl": "https://m.media-amazon.com/images/I/31cojAZZj3L._SL160_.jpg",
        "detailPageURL": "https://www.amazon.com/dp/B09ZBB9KGR",
        "rating": "4.0",
        "totalReviews": "909",
        "subtitle": "essence cosmetics",
        "isPrimeEligible": "1"
    },
    {
        "ASIN": "B0BXYFF5VQ",
        "title": "essence | Keep Me Covered Long-Lasting Foundation | Medium to Full Buildable Coverage | Vegan & Cruelty Free | Free From Alcohol, Parabens-Fragrance, Oil & Microplastic Particles",
        "price": "$6.99 ($6.92 / Fl Oz)",
        "listPrice": "",
        "imageUrl": "https://m.media-amazon.com/images/I/31UkZJ0pxYL._SL160_.jpg",
        "detailPageURL": "https://www.amazon.com/dp/B0BXYFF5VQ",
        "rating": "3.7",
        "totalReviews": "45",
        "subtitle": "essence cosmetics",
        "isPrimeEligible": "1"
    },
    {
        "ASIN": "B01F1LVPEC",
        "title": "Essence : (Nectar Trilogy, Dark Vampire Romance, Book 3)",
        "price": "$3.99",
        "listPrice": "",
        "imageUrl": "https://m.media-amazon.com/images/I/41fjuEKnq9L._SL160_.jpg",
        "detailPageURL": "https://www.amazon.com/dp/B01F1LVPEC",
        "rating": "4.2",
        "totalReviews": "408",
        "subtitle": "",
        "isPrimeEligible": "0"
    },
    {
        "ASIN": "B0CH7Y1B5Y",
        "title": "Cono Peptide Essence 84%\uff0cAnti-Wrinkle Essence Series,Cono Peptide Anti-wrinkle Anti-aging Essence Lifting, Plumping, Firming Skin,Pure Plant Extract Facial Serum Essence(2pcs)",
        "price": "$12.99 ($6.50 / Ounce)",
        "listPrice": "",
        "imageUrl": "https://m.media-amazon.com/images/I/41tCB2CcLwL._SL160_.jpg",
        "detailPageURL": "https://www.amazon.com/dp/B0CH7Y1B5Y",
        "rating": "",
        "totalReviews": "",
        "subtitle": "HongChengSM",
        "isPrimeEligible": "1"
    },
    {
        "ASIN": "B07X6RWQFB",
        "title": "essence | What the Fake! Volumizing & Lengthening Fiber Mascara | Paraben Free | Cruelty Free (Pack of 1)",
        "price": "$4.99 ($4.99 / Count)",
        "listPrice": "",
        "imageUrl": "https://m.media-amazon.com/images/I/31-BFAYtI9L._SL160_.jpg",
        "detailPageURL": "https://www.amazon.com/dp/B07X6RWQFB",
        "rating": "4.0",
        "totalReviews": "4833",
        "subtitle": "essence cosmetics",
        "isPrimeEligible": "1"
    },
    {
        "ASIN": "B0BT1WMXWG",
        "title": "Essence (Oakwood: Heart & Soul Book 1)",
        "price": "$3.99",
        "listPrice": "",
        "imageUrl": "https://m.media-amazon.com/images/I/51sH6y7LdpL._SL160_.jpg",
        "detailPageURL": "https://www.amazon.com/dp/B0BT1WMXWG",
        "rating": "4.8",
        "totalReviews": "17",
        "subtitle": "",
        "isPrimeEligible": "0"
    },
    {
        "ASIN": "B09R8289X7",
        "title": "essence | Fix & LAST Make Up Gripping Jelly Primer | Hydrating & Smoothing Foundation Primer for Long Lasting Make Up | Vegan & Cruelty Free | Made Without Parabens, & Microplastic Particles",
        "price": "$5.99 ($0.20 / Fl Oz)",
        "listPrice": "",
        "imageUrl": "https://m.media-amazon.com/images/I/31VA-Tnk9vL._SL160_.jpg",
        "detailPageURL": "https://www.amazon.com/dp/B09R8289X7",
        "rating": "4.1",
        "totalReviews": "346",
        "subtitle": "essence cosmetics",
        "isPrimeEligible": "1"
    },
    {
        "ASIN": "B07DKC23D5",
        "title": "COSRX Galactomyces 95% Facial Essence, 100ml / 3.38 fl.oz | Daily Lightweight Korean Toner with 2% Niacinamide for Dull & Rough Skin | Korean Skin Care, Not Tested on Animals, Paraben Free",
        "price": "$14.56 ($4.31 / Fl Oz)",
        "listPrice": "$24.00 ($7.10 / Fl Oz)",
        "imageUrl": "https://m.media-amazon.com/images/I/31QkpzVUxuL._SL160_.jpg",
        "detailPageURL": "https://www.amazon.com/dp/B07DKC23D5",
        "rating": "4.5",
        "totalReviews": "2067",
        "subtitle": "COSRX",
        "isPrimeEligible": "1"
    },
    {
        "ASIN": "B084GXBHQR",
        "title": "essence | Bye Bye Panda Eyes Tubing Mascara | Smudge-proof, Volumizing Definition | Vegan, Cruelty Free, Free From Parabens & Oils (Pack of 1)",
        "price": "$4.99",
        "listPrice": "",
        "imageUrl": "https://m.media-amazon.com/images/I/41bivQLY54L._SL160_.jpg",
        "detailPageURL": "https://www.amazon.com/dp/B084GXBHQR",
        "rating": "3.9",
        "totalReviews": "8138",
        "subtitle": "essence cosmetics",
        "isPrimeEligible": "1"
    },
    {
        "ASIN": "B09ZBB9KGR",
        "title": "essence | What the Fake! Plumping Lip Filler | Volumizing Lip Gloss Made With Hyaluronic Acid and Vitamin E | Vegan & Cruelty Free | Free From Gluten, & Parabens (02 | Oh My Nude!)",
        "price": "$4.99 ($35.64 / Fl Oz)",
        "listPrice": "",
        "imageUrl": "https://m.media-amazon.com/images/I/31cojAZZj3L._SL160_.jpg",
        "detailPageURL": "https://www.amazon.com/dp/B09ZBB9KGR",
        "rating": "4.0",
        "totalReviews": "909",
        "subtitle": "essence cosmetics",
        "isPrimeEligible": "1"
    },
    {
        "ASIN": "B0BXYFF5VQ",
        "title": "essence | Keep Me Covered Long-Lasting Foundation | Medium to Full Buildable Coverage | Vegan & Cruelty Free | Free From Alcohol, Parabens-Fragrance, Oil & Microplastic Particles",
        "price": "$6.99 ($6.92 / Fl Oz)",
        "listPrice": "",
        "imageUrl": "https://m.media-amazon.com/images/I/31UkZJ0pxYL._SL160_.jpg",
        "detailPageURL": "https://www.amazon.com/dp/B0BXYFF5VQ",
        "rating": "3.7",
        "totalReviews": "45",
        "subtitle": "essence cosmetics",
        "isPrimeEligible": "1"
    },
    {
        "ASIN": "B01F1LVPEC",
        "title": "Essence : (Nectar Trilogy, Dark Vampire Romance, Book 3)",
        "price": "$3.99",
        "listPrice": "",
        "imageUrl": "https://m.media-amazon.com/images/I/41fjuEKnq9L._SL160_.jpg",
        "detailPageURL": "https://www.amazon.com/dp/B01F1LVPEC",
        "rating": "4.2",
        "totalReviews": "408",
        "subtitle": "",
        "isPrimeEligible": "0"
    },
    {
        "ASIN": "B0CH7Y1B5Y",
        "title": "Cono Peptide Essence 84%\uff0cAnti-Wrinkle Essence Series,Cono Peptide Anti-wrinkle Anti-aging Essence Lifting, Plumping, Firming Skin,Pure Plant Extract Facial Serum Essence(2pcs)",
        "price": "$12.99 ($6.50 / Ounce)",
        "listPrice": "",
        "imageUrl": "https://m.media-amazon.com/images/I/41tCB2CcLwL._SL160_.jpg",
        "detailPageURL": "https://www.amazon.com/dp/B0CH7Y1B5Y",
        "rating": "",
        "totalReviews": "",
        "subtitle": "HongChengSM",
        "isPrimeEligible": "1"
    },
    {
        "ASIN": "B07X6RWQFB",
        "title": "essence | What the Fake! Volumizing & Lengthening Fiber Mascara | Paraben Free | Cruelty Free (Pack of 1)",
        "price": "$4.99 ($4.99 / Count)",
        "listPrice": "",
        "imageUrl": "https://m.media-amazon.com/images/I/31-BFAYtI9L._SL160_.jpg",
        "detailPageURL": "https://www.amazon.com/dp/B07X6RWQFB",
        "rating": "4.0",
        "totalReviews": "4833",
        "subtitle": "essence cosmetics",
        "isPrimeEligible": "1"
    },
    {
        "ASIN": "B09KG5PLW1",
        "title": "essence | 3-Pack Extreme Shine Volume Lip Gloss | High Shine, Non-Sticky, Long Lasting Transparent Lip Gloss | Vegan & Cruelty Free (01 | Crystal Clear)",
        "price": "$11.97",
        "listPrice": "",
        "imageUrl": "https://m.media-amazon.com/images/I/41O9eRrJx3L._SL160_.jpg",
        "detailPageURL": "https://www.amazon.com/dp/B09KG5PLW1",
        "rating": "4.6",
        "totalReviews": "576",
        "subtitle": "essence cosmetics",
        "isPrimeEligible": "1"
    },
    {
        "ASIN": "B09R8289X7",
        "title": "essence | Fix & LAST Make Up Gripping Jelly Primer | Hydrating & Smoothing Foundation Primer for Long Lasting Make Up | Vegan & Cruelty Free | Made Without Parabens, & Microplastic Particles",
        "price": "$5.99 ($0.20 / Fl Oz)",
        "listPrice": "",
        "imageUrl": "https://m.media-amazon.com/images/I/31VA-Tnk9vL._SL160_.jpg",
        "detailPageURL": "https://www.amazon.com/dp/B09R8289X7",
        "rating": "4.1",
        "totalReviews": "346",
        "subtitle": "essence cosmetics",
        "isPrimeEligible": "1"
    },
    {
        "ASIN": "B07DKC23D5",
        "title": "COSRX Galactomyces 95% Facial Essence, 100ml / 3.38 fl.oz | Daily Lightweight Korean Toner with 2% Niacinamide for Dull & Rough Skin | Korean Skin Care, Not Tested on Animals, Paraben Free",
        "price": "$14.56 ($4.31 / Fl Oz)",
        "listPrice": "$24.00 ($7.10 / Fl Oz)",
        "imageUrl": "https://m.media-amazon.com/images/I/31QkpzVUxuL._SL160_.jpg",
        "detailPageURL": "https://www.amazon.com/dp/B07DKC23D5",
        "rating": "4.5",
        "totalReviews": "2067",
        "subtitle": "COSRX",
        "isPrimeEligible": "1"
    },
    {
        "ASIN": "B084GXBHQR",
        "title": "essence | Bye Bye Panda Eyes Tubing Mascara | Smudge-proof, Volumizing Definition | Vegan, Cruelty Free, Free From Parabens & Oils (Pack of 1)",
        "price": "$4.99",
        "listPrice": "",
        "imageUrl": "https://m.media-amazon.com/images/I/41bivQLY54L._SL160_.jpg",
        "detailPageURL": "https://www.amazon.com/dp/B084GXBHQR",
        "rating": "3.9",
        "totalReviews": "8138",
        "subtitle": "essence cosmetics",
        "isPrimeEligible": "1"
    },
    {
        "ASIN": "B09ZBB9KGR",
        "title": "essence | What the Fake! Plumping Lip Filler | Volumizing Lip Gloss Made With Hyaluronic Acid and Vitamin E | Vegan & Cruelty Free | Free From Gluten, & Parabens (02 | Oh My Nude!)",
        "price": "$4.99 ($35.64 / Fl Oz)",
        "listPrice": "",
        "imageUrl": "https://m.media-amazon.com/images/I/31cojAZZj3L._SL160_.jpg",
        "detailPageURL": "https://www.amazon.com/dp/B09ZBB9KGR",
        "rating": "4.0",
        "totalReviews": "909",
        "subtitle": "essence cosmetics",
        "isPrimeEligible": "1"
    },
    {
        "ASIN": "B0BXYFF5VQ",
        "title": "essence | Keep Me Covered Long-Lasting Foundation | Medium to Full Buildable Coverage | Vegan & Cruelty Free | Free From Alcohol, Parabens-Fragrance, Oil & Microplastic Particles",
        "price": "$6.99 ($6.92 / Fl Oz)",
        "listPrice": "",
        "imageUrl": "https://m.media-amazon.com/images/I/31UkZJ0pxYL._SL160_.jpg",
        "detailPageURL": "https://www.amazon.com/dp/B0BXYFF5VQ",
        "rating": "3.7",
        "totalReviews": "45",
        "subtitle": "essence cosmetics",
        "isPrimeEligible": "1"
    },
    {
        "ASIN": "B01F1LVPEC",
        "title": "Essence : (Nectar Trilogy, Dark Vampire Romance, Book 3)",
        "price": "$3.99",
        "listPrice": "",
        "imageUrl": "https://m.media-amazon.com/images/I/41fjuEKnq9L._SL160_.jpg",
        "detailPageURL": "https://www.amazon.com/dp/B01F1LVPEC",
        "rating": "4.2",
        "totalReviews": "408",
        "subtitle": "",
        "isPrimeEligible": "0"
    },
    {
        "ASIN": "B0CH7Y1B5Y",
        "title": "Cono Peptide Essence 84%\uff0cAnti-Wrinkle Essence Series,Cono Peptide Anti-wrinkle Anti-aging Essence Lifting, Plumping, Firming Skin,Pure Plant Extract Facial Serum Essence(2pcs)",
        "price": "$12.99 ($6.50 / Ounce)",
        "listPrice": "",
        "imageUrl": "https://m.media-amazon.com/images/I/41tCB2CcLwL._SL160_.jpg",
        "detailPageURL": "https://www.amazon.com/dp/B0CH7Y1B5Y",
        "rating": "",
        "totalReviews": "",
        "subtitle": "HongChengSM",
        "isPrimeEligible": "1"
    },
    {
        "ASIN": "B07X6RWQFB",
        "title": "essence | What the Fake! Volumizing & Lengthening Fiber Mascara | Paraben Free | Cruelty Free (Pack of 1)",
        "price": "$4.99 ($4.99 / Count)",
        "listPrice": "",
        "imageUrl": "https://m.media-amazon.com/images/I/31-BFAYtI9L._SL160_.jpg",
        "detailPageURL": "https://www.amazon.com/dp/B07X6RWQFB",
        "rating": "4.0",
        "totalReviews": "4833",
        "subtitle": "essence cosmetics",
        "isPrimeEligible": "1"
    },
    {
        "ASIN": "B09KG5PLW1",
        "title": "essence | 3-Pack Extreme Shine Volume Lip Gloss | High Shine, Non-Sticky, Long Lasting Transparent Lip Gloss | Vegan & Cruelty Free (01 | Crystal Clear)",
        "price": "$11.97",
        "listPrice": "",
        "imageUrl": "https://m.media-amazon.com/images/I/41O9eRrJx3L._SL160_.jpg",
        "detailPageURL": "https://www.amazon.com/dp/B09KG5PLW1",
        "rating": "4.6",
        "totalReviews": "576",
        "subtitle": "essence cosmetics",
        "isPrimeEligible": "1"
    },
    {
        "ASIN": "B01B24A5O8",
        "title": "The Essence",
        "price": "$2.99",
        "listPrice": "",
        "imageUrl": "https://m.media-amazon.com/images/I/31vs051dB9L._SL160_.jpg",
        "detailPageURL": "https://www.amazon.com/dp/B01B24A5O8",
        "rating": "4.5",
        "totalReviews": "146",
        "subtitle": "",
        "isPrimeEligible": "0"
    },
    {
        "ASIN": "B07DKC23D5",
        "title": "COSRX Galactomyces 95% Facial Essence, 100ml / 3.38 fl.oz | Daily Lightweight Korean Toner with 2% Niacinamide for Dull & Rough Skin | Korean Skin Care, Not Tested on Animals, Paraben Free",
        "price": "$14.56 ($4.31 / Fl Oz)",
        "listPrice": "$24.00 ($7.10 / Fl Oz)",
        "imageUrl": "https://m.media-amazon.com/images/I/31QkpzVUxuL._SL160_.jpg",
        "detailPageURL": "https://www.amazon.com/dp/B07DKC23D5",
        "rating": "4.5",
        "totalReviews": "2067",
        "subtitle": "COSRX",
        "isPrimeEligible": "1"
    },
    {
        "ASIN": "B084GXBHQR",
        "title": "essence | Bye Bye Panda Eyes Tubing Mascara | Smudge-proof, Volumizing Definition | Vegan, Cruelty Free, Free From Parabens & Oils (Pack of 1)",
        "price": "$4.99",
        "listPrice": "",
        "imageUrl": "https://m.media-amazon.com/images/I/41bivQLY54L._SL160_.jpg",
        "detailPageURL": "https://www.amazon.com/dp/B084GXBHQR",
        "rating": "3.9",
        "totalReviews": "8138",
        "subtitle": "essence cosmetics",
        "isPrimeEligible": "1"
    },
    {
        "ASIN": "B09ZBB9KGR",
        "title": "essence | What the Fake! Plumping Lip Filler | Volumizing Lip Gloss Made With Hyaluronic Acid and Vitamin E | Vegan & Cruelty Free | Free From Gluten, & Parabens (02 | Oh My Nude!)",
        "price": "$4.99 ($35.64 / Fl Oz)",
        "listPrice": "",
        "imageUrl": "https://m.media-amazon.com/images/I/31cojAZZj3L._SL160_.jpg",
        "detailPageURL": "https://www.amazon.com/dp/B09ZBB9KGR",
        "rating": "4.0",
        "totalReviews": "909",
        "subtitle": "essence cosmetics",
        "isPrimeEligible": "1"
    },
    {
        "ASIN": "B0BXYFF5VQ",
        "title": "essence | Keep Me Covered Long-Lasting Foundation | Medium to Full Buildable Coverage | Vegan & Cruelty Free | Free From Alcohol, Parabens-Fragrance, Oil & Microplastic Particles",
        "price": "$6.99 ($6.92 / Fl Oz)",
        "listPrice": "",
        "imageUrl": "https://m.media-amazon.com/images/I/31UkZJ0pxYL._SL160_.jpg",
        "detailPageURL": "https://www.amazon.com/dp/B0BXYFF5VQ",
        "rating": "3.7",
        "totalReviews": "45",
        "subtitle": "essence cosmetics",
        "isPrimeEligible": "1"
    },
    {
        "ASIN": "B01F1LVPEC",
        "title": "Essence : (Nectar Trilogy, Dark Vampire Romance, Book 3)",
        "price": "$3.99",
        "listPrice": "",
        "imageUrl": "https://m.media-amazon.com/images/I/41fjuEKnq9L._SL160_.jpg",
        "detailPageURL": "https://www.amazon.com/dp/B01F1LVPEC",
        "rating": "4.2",
        "totalReviews": "408",
        "subtitle": "",
        "isPrimeEligible": "0"
    },
    {
        "ASIN": "B0CH7Y1B5Y",
        "title": "Cono Peptide Essence 84%\uff0cAnti-Wrinkle Essence Series,Cono Peptide Anti-wrinkle Anti-aging Essence Lifting, Plumping, Firming Skin,Pure Plant Extract Facial Serum Essence(2pcs)",
        "price": "$12.99 ($6.50 / Ounce)",
        "listPrice": "",
        "imageUrl": "https://m.media-amazon.com/images/I/41tCB2CcLwL._SL160_.jpg",
        "detailPageURL": "https://www.amazon.com/dp/B0CH7Y1B5Y",
        "rating": "",
        "totalReviews": "",
        "subtitle": "HongChengSM",
        "isPrimeEligible": "1"
    },
    {
        "ASIN": "B07X6RWQFB",
        "title": "essence | What the Fake! Volumizing & Lengthening Fiber Mascara | Paraben Free | Cruelty Free (Pack of 1)",
        "price": "$4.99 ($4.99 / Count)",
        "listPrice": "",
        "imageUrl": "https://m.media-amazon.com/images/I/31-BFAYtI9L._SL160_.jpg",
        "detailPageURL": "https://www.amazon.com/dp/B07X6RWQFB",
        "rating": "4.0",
        "totalReviews": "4833",
        "subtitle": "essence cosmetics",
        "isPrimeEligible": "1"
    },
    {
        "ASIN": "B09KG5PLW1",
        "title": "essence | 3-Pack Extreme Shine Volume Lip Gloss | High Shine, Non-Sticky, Long Lasting Transparent Lip Gloss | Vegan & Cruelty Free (01 | Crystal Clear)",
        "price": "$11.97",
        "listPrice": "",
        "imageUrl": "https://m.media-amazon.com/images/I/41O9eRrJx3L._SL160_.jpg",
        "detailPageURL": "https://www.amazon.com/dp/B09KG5PLW1",
        "rating": "4.6",
        "totalReviews": "576",
        "subtitle": "essence cosmetics",
        "isPrimeEligible": "1"
    },
    {
        "ASIN": "B01B24A5O8",
        "title": "The Essence",
        "price": "$2.99",
        "listPrice": "",
        "imageUrl": "https://m.media-amazon.com/images/I/31vs051dB9L._SL160_.jpg",
        "detailPageURL": "https://www.amazon.com/dp/B01B24A5O8",
        "rating": "4.5",
        "totalReviews": "146",
        "subtitle": "",
        "isPrimeEligible": "0"
    },
    {
        "ASIN": "B006R962UA",
        "title": "M30 Elliptical",
        "price": "$2,899.00",
        "listPrice": "",
        "imageUrl": "https://m.media-amazon.com/images/I/41ilHRgBevL._SL160_.jpg",
        "detailPageURL": "https://www.amazon.com/dp/B006R962UA",
        "rating": "3.4",
        "totalReviews": "17",
        "subtitle": "True Fitness",
        "isPrimeEligible": "0"
    },
    {
        "ASIN": "B084GXBHQR",
        "title": "essence | Bye Bye Panda Eyes Tubing Mascara | Smudge-proof, Volumizing Definition | Vegan, Cruelty Free, Free From Parabens & Oils (Pack of 1)",
        "price": "$4.99",
        "listPrice": "",
        "imageUrl": "https://m.media-amazon.com/images/I/41bivQLY54L._SL160_.jpg",
        "detailPageURL": "https://www.amazon.com/dp/B084GXBHQR",
        "rating": "3.9",
        "totalReviews": "8138",
        "subtitle": "essence cosmetics",
        "isPrimeEligible": "1"
    },
    {
        "ASIN": "B09ZBB9KGR",
        "title": "essence | What the Fake! Plumping Lip Filler | Volumizing Lip Gloss Made With Hyaluronic Acid and Vitamin E | Vegan & Cruelty Free | Free From Gluten, & Parabens (02 | Oh My Nude!)",
        "price": "$4.99 ($35.64 / Fl Oz)",
        "listPrice": "",
        "imageUrl": "https://m.media-amazon.com/images/I/31cojAZZj3L._SL160_.jpg",
        "detailPageURL": "https://www.amazon.com/dp/B09ZBB9KGR",
        "rating": "4.0",
        "totalReviews": "909",
        "subtitle": "essence cosmetics",
        "isPrimeEligible": "1"
    },
    {
        "ASIN": "B0BXYFF5VQ",
        "title": "essence | Keep Me Covered Long-Lasting Foundation | Medium to Full Buildable Coverage | Vegan & Cruelty Free | Free From Alcohol, Parabens-Fragrance, Oil & Microplastic Particles",
        "price": "$6.99 ($6.92 / Fl Oz)",
        "listPrice": "",
        "imageUrl": "https://m.media-amazon.com/images/I/31UkZJ0pxYL._SL160_.jpg",
        "detailPageURL": "https://www.amazon.com/dp/B0BXYFF5VQ",
        "rating": "3.7",
        "totalReviews": "45",
        "subtitle": "essence cosmetics",
        "isPrimeEligible": "1"
    },
    {
        "ASIN": "B01F1LVPEC",
        "title": "Essence : (Nectar Trilogy, Dark Vampire Romance, Book 3)",
        "price": "$3.99",
        "listPrice": "",
        "imageUrl": "https://m.media-amazon.com/images/I/41fjuEKnq9L._SL160_.jpg",
        "detailPageURL": "https://www.amazon.com/dp/B01F1LVPEC",
        "rating": "4.2",
        "totalReviews": "408",
        "subtitle": "",
        "isPrimeEligible": "0"
    },
    {
        "ASIN": "B0CH7Y1B5Y",
        "title": "Cono Peptide Essence 84%\uff0cAnti-Wrinkle Essence Series,Cono Peptide Anti-wrinkle Anti-aging Essence Lifting, Plumping, Firming Skin,Pure Plant Extract Facial Serum Essence(2pcs)",
        "price": "$12.99 ($6.50 / Ounce)",
        "listPrice": "",
        "imageUrl": "https://m.media-amazon.com/images/I/41tCB2CcLwL._SL160_.jpg",
        "detailPageURL": "https://www.amazon.com/dp/B0CH7Y1B5Y",
        "rating": "",
        "totalReviews": "",
        "subtitle": "HongChengSM",
        "isPrimeEligible": "1"
    },
    {
        "ASIN": "B07X6RWQFB",
        "title": "essence | What the Fake! Volumizing & Lengthening Fiber Mascara | Paraben Free | Cruelty Free (Pack of 1)",
        "price": "$4.99 ($4.99 / Count)",
        "listPrice": "",
        "imageUrl": "https://m.media-amazon.com/images/I/31-BFAYtI9L._SL160_.jpg",
        "detailPageURL": "https://www.amazon.com/dp/B07X6RWQFB",
        "rating": "4.0",
        "totalReviews": "4833",
        "subtitle": "essence cosmetics",
        "isPrimeEligible": "1"
    },
    {
        "ASIN": "B09KG5PLW1",
        "title": "essence | 3-Pack Extreme Shine Volume Lip Gloss | High Shine, Non-Sticky, Long Lasting Transparent Lip Gloss | Vegan & Cruelty Free (01 | Crystal Clear)",
        "price": "$11.97",
        "listPrice": "",
        "imageUrl": "https://m.media-amazon.com/images/I/41O9eRrJx3L._SL160_.jpg",
        "detailPageURL": "https://www.amazon.com/dp/B09KG5PLW1",
        "rating": "4.6",
        "totalReviews": "576",
        "subtitle": "essence cosmetics",
        "isPrimeEligible": "1"
    },
    {
        "ASIN": "B01B24A5O8",
        "title": "The Essence",
        "price": "$2.99",
        "listPrice": "",
        "imageUrl": "https://m.media-amazon.com/images/I/31vs051dB9L._SL160_.jpg",
        "detailPageURL": "https://www.amazon.com/dp/B01B24A5O8",
        "rating": "4.5",
        "totalReviews": "146",
        "subtitle": "",
        "isPrimeEligible": "0"
    },
    {
        "ASIN": "B006R962UA",
        "title": "M30 Elliptical",
        "price": "$2,899.00",
        "listPrice": "",
        "imageUrl": "https://m.media-amazon.com/images/I/41ilHRgBevL._SL160_.jpg",
        "detailPageURL": "https://www.amazon.com/dp/B006R962UA",
        "rating": "3.4",
        "totalReviews": "17",
        "subtitle": "True Fitness",
        "isPrimeEligible": "0"
    },
    {
        "ASIN": "B011I2LG8I",
        "title": "Essence",
        "price": "$2.99",
        "listPrice": "",
        "imageUrl": "https://m.media-amazon.com/images/I/411QAD+BG1L._SL160_.jpg",
        "detailPageURL": "https://www.amazon.com/dp/B011I2LG8I",
        "rating": "4.8",
        "totalReviews": "1548",
        "subtitle": "",
        "isPrimeEligible": "0"
    },
    {
        "ASIN": "B09ZBB9KGR",
        "title": "essence | What the Fake! Plumping Lip Filler | Volumizing Lip Gloss Made With Hyaluronic Acid and Vitamin E | Vegan & Cruelty Free | Free From Gluten, & Parabens (02 | Oh My Nude!)",
        "price": "$4.99 ($35.64 / Fl Oz)",
        "listPrice": "",
        "imageUrl": "https://m.media-amazon.com/images/I/31cojAZZj3L._SL160_.jpg",
        "detailPageURL": "https://www.amazon.com/dp/B09ZBB9KGR",
        "rating": "4.0",
        "totalReviews": "909",
        "subtitle": "essence cosmetics",
        "isPrimeEligible": "1"
    },
    {
        "ASIN": "B0BXYFF5VQ",
        "title": "essence | Keep Me Covered Long-Lasting Foundation | Medium to Full Buildable Coverage | Vegan & Cruelty Free | Free From Alcohol, Parabens-Fragrance, Oil & Microplastic Particles",
        "price": "$6.99 ($6.92 / Fl Oz)",
        "listPrice": "",
        "imageUrl": "https://m.media-amazon.com/images/I/31UkZJ0pxYL._SL160_.jpg",
        "detailPageURL": "https://www.amazon.com/dp/B0BXYFF5VQ",
        "rating": "3.7",
        "totalReviews": "45",
        "subtitle": "essence cosmetics",
        "isPrimeEligible": "1"
    },
    {
        "ASIN": "B01F1LVPEC",
        "title": "Essence : (Nectar Trilogy, Dark Vampire Romance, Book 3)",
        "price": "$3.99",
        "listPrice": "",
        "imageUrl": "https://m.media-amazon.com/images/I/41fjuEKnq9L._SL160_.jpg",
        "detailPageURL": "https://www.amazon.com/dp/B01F1LVPEC",
        "rating": "4.2",
        "totalReviews": "408",
        "subtitle": "",
        "isPrimeEligible": "0"
    },
    {
        "ASIN": "B0CH7Y1B5Y",
        "title": "Cono Peptide Essence 84%\uff0cAnti-Wrinkle Essence Series,Cono Peptide Anti-wrinkle Anti-aging Essence Lifting, Plumping, Firming Skin,Pure Plant Extract Facial Serum Essence(2pcs)",
        "price": "$12.99 ($6.50 / Ounce)",
        "listPrice": "",
        "imageUrl": "https://m.media-amazon.com/images/I/41tCB2CcLwL._SL160_.jpg",
        "detailPageURL": "https://www.amazon.com/dp/B0CH7Y1B5Y",
        "rating": "",
        "totalReviews": "",
        "subtitle": "HongChengSM",
        "isPrimeEligible": "1"
    },
    {
        "ASIN": "B07X6RWQFB",
        "title": "essence | What the Fake! Volumizing & Lengthening Fiber Mascara | Paraben Free | Cruelty Free (Pack of 1)",
        "price": "$4.99 ($4.99 / Count)",
        "listPrice": "",
        "imageUrl": "https://m.media-amazon.com/images/I/31-BFAYtI9L._SL160_.jpg",
        "detailPageURL": "https://www.amazon.com/dp/B07X6RWQFB",
        "rating": "4.0",
        "totalReviews": "4833",
        "subtitle": "essence cosmetics",
        "isPrimeEligible": "1"
    },
    {
        "ASIN": "B09KG5PLW1",
        "title": "essence | 3-Pack Extreme Shine Volume Lip Gloss | High Shine, Non-Sticky, Long Lasting Transparent Lip Gloss | Vegan & Cruelty Free (01 | Crystal Clear)",
        "price": "$11.97",
        "listPrice": "",
        "imageUrl": "https://m.media-amazon.com/images/I/41O9eRrJx3L._SL160_.jpg",
        "detailPageURL": "https://www.amazon.com/dp/B09KG5PLW1",
        "rating": "4.6",
        "totalReviews": "576",
        "subtitle": "essence cosmetics",
        "isPrimeEligible": "1"
    },
    {
        "ASIN": "B01B24A5O8",
        "title": "The Essence",
        "price": "$2.99",
        "listPrice": "",
        "imageUrl": "https://m.media-amazon.com/images/I/31vs051dB9L._SL160_.jpg",
        "detailPageURL": "https://www.amazon.com/dp/B01B24A5O8",
        "rating": "4.5",
        "totalReviews": "146",
        "subtitle": "",
        "isPrimeEligible": "0"
    },
    {
        "ASIN": "B006R962UA",
        "title": "M30 Elliptical",
        "price": "$2,899.00",
        "listPrice": "",
        "imageUrl": "https://m.media-amazon.com/images/I/41ilHRgBevL._SL160_.jpg",
        "detailPageURL": "https://www.amazon.com/dp/B006R962UA",
        "rating": "3.4",
        "totalReviews": "17",
        "subtitle": "True Fitness",
        "isPrimeEligible": "0"
    },
    {
        "ASIN": "B011I2LG8I",
        "title": "Essence",
        "price": "$2.99",
        "listPrice": "",
        "imageUrl": "https://m.media-amazon.com/images/I/411QAD+BG1L._SL160_.jpg",
        "detailPageURL": "https://www.amazon.com/dp/B011I2LG8I",
        "rating": "4.8",
        "totalReviews": "1548",
        "subtitle": "",
        "isPrimeEligible": "0"
    },
    {
        "ASIN": "B07DZSZGM5",
        "title": "Hanskin Real Complexion Hyaluronic Skin Essence - Hyaluronic Acid, Moisturizing, Glowing, Soft & Fragrance-Free [10.14 fl. oz. (300 ml)]",
        "price": "$42.00 ($4.14 / Fl Oz)",
        "listPrice": "$46.00 ($4.54 / Fl Oz)",
        "imageUrl": "https://m.media-amazon.com/images/I/416lbnJs22L._SL160_.jpg",
        "detailPageURL": "https://www.amazon.com/dp/B07DZSZGM5",
        "rating": "4.7",
        "totalReviews": "125",
        "subtitle": "Hanskin",
        "isPrimeEligible": "1"
    },
    {
        "ASIN": "B0BXYFF5VQ",
        "title": "essence | Keep Me Covered Long-Lasting Foundation | Medium to Full Buildable Coverage | Vegan & Cruelty Free | Free From Alcohol, Parabens-Fragrance, Oil & Microplastic Particles",
        "price": "$6.99 ($6.92 / Fl Oz)",
        "listPrice": "",
        "imageUrl": "https://m.media-amazon.com/images/I/31UkZJ0pxYL._SL160_.jpg",
        "detailPageURL": "https://www.amazon.com/dp/B0BXYFF5VQ",
        "rating": "3.7",
        "totalReviews": "45",
        "subtitle": "essence cosmetics",
        "isPrimeEligible": "1"
    },
    {
        "ASIN": "B01F1LVPEC",
        "title": "Essence : (Nectar Trilogy, Dark Vampire Romance, Book 3)",
        "price": "$3.99",
        "listPrice": "",
        "imageUrl": "https://m.media-amazon.com/images/I/41fjuEKnq9L._SL160_.jpg",
        "detailPageURL": "https://www.amazon.com/dp/B01F1LVPEC",
        "rating": "4.2",
        "totalReviews": "408",
        "subtitle": "",
        "isPrimeEligible": "0"
    },
    {
        "ASIN": "B0CH7Y1B5Y",
        "title": "Cono Peptide Essence 84%\uff0cAnti-Wrinkle Essence Series,Cono Peptide Anti-wrinkle Anti-aging Essence Lifting, Plumping, Firming Skin,Pure Plant Extract Facial Serum Essence(2pcs)",
        "price": "$12.99 ($6.50 / Ounce)",
        "listPrice": "",
        "imageUrl": "https://m.media-amazon.com/images/I/41tCB2CcLwL._SL160_.jpg",
        "detailPageURL": "https://www.amazon.com/dp/B0CH7Y1B5Y",
        "rating": "",
        "totalReviews": "",
        "subtitle": "HongChengSM",
        "isPrimeEligible": "1"
    },
    {
        "ASIN": "B07X6RWQFB",
        "title": "essence | What the Fake! Volumizing & Lengthening Fiber Mascara | Paraben Free | Cruelty Free (Pack of 1)",
        "price": "$4.99 ($4.99 / Count)",
        "listPrice": "",
        "imageUrl": "https://m.media-amazon.com/images/I/31-BFAYtI9L._SL160_.jpg",
        "detailPageURL": "https://www.amazon.com/dp/B07X6RWQFB",
        "rating": "4.0",
        "totalReviews": "4833",
        "subtitle": "essence cosmetics",
        "isPrimeEligible": "1"
    },
    {
        "ASIN": "B09KG5PLW1",
        "title": "essence | 3-Pack Extreme Shine Volume Lip Gloss | High Shine, Non-Sticky, Long Lasting Transparent Lip Gloss | Vegan & Cruelty Free (01 | Crystal Clear)",
        "price": "$11.97",
        "listPrice": "",
        "imageUrl": "https://m.media-amazon.com/images/I/41O9eRrJx3L._SL160_.jpg",
        "detailPageURL": "https://www.amazon.com/dp/B09KG5PLW1",
        "rating": "4.6",
        "totalReviews": "576",
        "subtitle": "essence cosmetics",
        "isPrimeEligible": "1"
    },
    {
        "ASIN": "B01B24A5O8",
        "title": "The Essence",
        "price": "$2.99",
        "listPrice": "",
        "imageUrl": "https://m.media-amazon.com/images/I/31vs051dB9L._SL160_.jpg",
        "detailPageURL": "https://www.amazon.com/dp/B01B24A5O8",
        "rating": "4.5",
        "totalReviews": "146",
        "subtitle": "",
        "isPrimeEligible": "0"
    },
    {
        "ASIN": "B006R962UA",
        "title": "M30 Elliptical",
        "price": "$2,899.00",
        "listPrice": "",
        "imageUrl": "https://m.media-amazon.com/images/I/41ilHRgBevL._SL160_.jpg",
        "detailPageURL": "https://www.amazon.com/dp/B006R962UA",
        "rating": "3.4",
        "totalReviews": "17",
        "subtitle": "True Fitness",
        "isPrimeEligible": "0"
    },
    {
        "ASIN": "B011I2LG8I",
        "title": "Essence",
        "price": "$2.99",
        "listPrice": "",
        "imageUrl": "https://m.media-amazon.com/images/I/411QAD+BG1L._SL160_.jpg",
        "detailPageURL": "https://www.amazon.com/dp/B011I2LG8I",
        "rating": "4.8",
        "totalReviews": "1548",
        "subtitle": "",
        "isPrimeEligible": "0"
    },
    {
        "ASIN": "B07DZSZGM5",
        "title": "Hanskin Real Complexion Hyaluronic Skin Essence - Hyaluronic Acid, Moisturizing, Glowing, Soft & Fragrance-Free [10.14 fl. oz. (300 ml)]",
        "price": "$42.00 ($4.14 / Fl Oz)",
        "listPrice": "$46.00 ($4.54 / Fl Oz)",
        "imageUrl": "https://m.media-amazon.com/images/I/416lbnJs22L._SL160_.jpg",
        "detailPageURL": "https://www.amazon.com/dp/B07DZSZGM5",
        "rating": "4.7",
        "totalReviews": "125",
        "subtitle": "Hanskin",
        "isPrimeEligible": "1"
    },
    {
        "ASIN": "B0BXY7GWBL",
        "title": "essence | Luminous Eye Tint Liquid Shadow | Dries Like a Powder with a Shimmery, Smudge-proof Finish | Vegan & Cruelty Free (Glazed Candy Cloud)",
        "price": "$4.99 ($24.95 / Fl Oz)",
        "listPrice": "",
        "imageUrl": "https://m.media-amazon.com/images/I/31uw671awzL._SL160_.jpg",
        "detailPageURL": "https://www.amazon.com/dp/B0BXY7GWBL",
        "rating": "4.5",
        "totalReviews": "2",
        "subtitle": "essence cosmetics",
        "isPrimeEligible": "1"
    },
    {
        "ASIN": "B01F1LVPEC",
        "title": "Essence : (Nectar Trilogy, Dark Vampire Romance, Book 3)",
        "price": "$3.99",
        "listPrice": "",
        "imageUrl": "https://m.media-amazon.com/images/I/41fjuEKnq9L._SL160_.jpg",
        "detailPageURL": "https://www.amazon.com/dp/B01F1LVPEC",
        "rating": "4.2",
        "totalReviews": "408",
        "subtitle": "",
        "isPrimeEligible": "0"
    },
    {
        "ASIN": "B0CH7Y1B5Y",
        "title": "Cono Peptide Essence 84%\uff0cAnti-Wrinkle Essence Series,Cono Peptide Anti-wrinkle Anti-aging Essence Lifting, Plumping, Firming Skin,Pure Plant Extract Facial Serum Essence(2pcs)",
        "price": "$12.99 ($6.50 / Ounce)",
        "listPrice": "",
        "imageUrl": "https://m.media-amazon.com/images/I/41tCB2CcLwL._SL160_.jpg",
        "detailPageURL": "https://www.amazon.com/dp/B0CH7Y1B5Y",
        "rating": "",
        "totalReviews": "",
        "subtitle": "HongChengSM",
        "isPrimeEligible": "1"
    },
    {
        "ASIN": "B07X6RWQFB",
        "title": "essence | What the Fake! Volumizing & Lengthening Fiber Mascara | Paraben Free | Cruelty Free (Pack of 1)",
        "price": "$4.99 ($4.99 / Count)",
        "listPrice": "",
        "imageUrl": "https://m.media-amazon.com/images/I/31-BFAYtI9L._SL160_.jpg",
        "detailPageURL": "https://www.amazon.com/dp/B07X6RWQFB",
        "rating": "4.0",
        "totalReviews": "4833",
        "subtitle": "essence cosmetics",
        "isPrimeEligible": "1"
    },
    {
        "ASIN": "B09KG5PLW1",
        "title": "essence | 3-Pack Extreme Shine Volume Lip Gloss | High Shine, Non-Sticky, Long Lasting Transparent Lip Gloss | Vegan & Cruelty Free (01 | Crystal Clear)",
        "price": "$11.97",
        "listPrice": "",
        "imageUrl": "https://m.media-amazon.com/images/I/41O9eRrJx3L._SL160_.jpg",
        "detailPageURL": "https://www.amazon.com/dp/B09KG5PLW1",
        "rating": "4.6",
        "totalReviews": "576",
        "subtitle": "essence cosmetics",
        "isPrimeEligible": "1"
    },
    {
        "ASIN": "B01B24A5O8",
        "title": "The Essence",
        "price": "$2.99",
        "listPrice": "",
        "imageUrl": "https://m.media-amazon.com/images/I/31vs051dB9L._SL160_.jpg",
        "detailPageURL": "https://www.amazon.com/dp/B01B24A5O8",
        "rating": "4.5",
        "totalReviews": "146",
        "subtitle": "",
        "isPrimeEligible": "0"
    },
    {
        "ASIN": "B006R962UA",
        "title": "M30 Elliptical",
        "price": "$2,899.00",
        "listPrice": "",
        "imageUrl": "https://m.media-amazon.com/images/I/41ilHRgBevL._SL160_.jpg",
        "detailPageURL": "https://www.amazon.com/dp/B006R962UA",
        "rating": "3.4",
        "totalReviews": "17",
        "subtitle": "True Fitness",
        "isPrimeEligible": "0"
    },
    {
        "ASIN": "B011I2LG8I",
        "title": "Essence",
        "price": "$2.99",
        "listPrice": "",
        "imageUrl": "https://m.media-amazon.com/images/I/411QAD+BG1L._SL160_.jpg",
        "detailPageURL": "https://www.amazon.com/dp/B011I2LG8I",
        "rating": "4.8",
        "totalReviews": "1548",
        "subtitle": "",
        "isPrimeEligible": "0"
    },
    {
        "ASIN": "B07DZSZGM5",
        "title": "Hanskin Real Complexion Hyaluronic Skin Essence - Hyaluronic Acid, Moisturizing, Glowing, Soft & Fragrance-Free [10.14 fl. oz. (300 ml)]",
        "price": "$42.00 ($4.14 / Fl Oz)",
        "listPrice": "$46.00 ($4.54 / Fl Oz)",
        "imageUrl": "https://m.media-amazon.com/images/I/416lbnJs22L._SL160_.jpg",
        "detailPageURL": "https://www.amazon.com/dp/B07DZSZGM5",
        "rating": "4.7",
        "totalReviews": "125",
        "subtitle": "Hanskin",
        "isPrimeEligible": "1"
    },
    {
        "ASIN": "B0BXY7GWBL",
        "title": "essence | Luminous Eye Tint Liquid Shadow | Dries Like a Powder with a Shimmery, Smudge-proof Finish | Vegan & Cruelty Free (Glazed Candy Cloud)",
        "price": "$4.99 ($24.95 / Fl Oz)",
        "listPrice": "",
        "imageUrl": "https://m.media-amazon.com/images/I/31uw671awzL._SL160_.jpg",
        "detailPageURL": "https://www.amazon.com/dp/B0BXY7GWBL",
        "rating": "4.5",
        "totalReviews": "2",
        "subtitle": "essence cosmetics",
        "isPrimeEligible": "1"
    },
    {
        "ASIN": "B09646RFWJ",
        "title": "MISSHA TIME REVOLUTION THE FIRST ESSENCE Face Serum (5th Gen) 150ml - Face Serum That Moisturizes and Smoothes The Skin Creating A Clean Base",
        "price": "$20.00 ($3.94 / Fl Oz)",
        "listPrice": "$25.00 ($4.93 / Fl Oz)",
        "imageUrl": "https://m.media-amazon.com/images/I/21srHn6plEL._SL160_.jpg",
        "detailPageURL": "https://www.amazon.com/dp/B09646RFWJ",
        "rating": "4.6",
        "totalReviews": "144",
        "subtitle": "MISSHA",
        "isPrimeEligible": "1"
    },
    {
        "ASIN": "B0CH7Y1B5Y",
        "title": "Cono Peptide Essence 84%\uff0cAnti-Wrinkle Essence Series,Cono Peptide Anti-wrinkle Anti-aging Essence Lifting, Plumping, Firming Skin,Pure Plant Extract Facial Serum Essence(2pcs)",
        "price": "$12.99 ($6.50 / Ounce)",
        "listPrice": "",
        "imageUrl": "https://m.media-amazon.com/images/I/41tCB2CcLwL._SL160_.jpg",
        "detailPageURL": "https://www.amazon.com/dp/B0CH7Y1B5Y",
        "rating": "",
        "totalReviews": "",
        "subtitle": "HongChengSM",
        "isPrimeEligible": "1"
    },
    {
        "ASIN": "B07X6RWQFB",
        "title": "essence | What the Fake! Volumizing & Lengthening Fiber Mascara | Paraben Free | Cruelty Free (Pack of 1)",
        "price": "$4.99 ($4.99 / Count)",
        "listPrice": "",
        "imageUrl": "https://m.media-amazon.com/images/I/31-BFAYtI9L._SL160_.jpg",
        "detailPageURL": "https://www.amazon.com/dp/B07X6RWQFB",
        "rating": "4.0",
        "totalReviews": "4833",
        "subtitle": "essence cosmetics",
        "isPrimeEligible": "1"
    },
    {
        "ASIN": "B09KG5PLW1",
        "title": "essence | 3-Pack Extreme Shine Volume Lip Gloss | High Shine, Non-Sticky, Long Lasting Transparent Lip Gloss | Vegan & Cruelty Free (01 | Crystal Clear)",
        "price": "$11.97",
        "listPrice": "",
        "imageUrl": "https://m.media-amazon.com/images/I/41O9eRrJx3L._SL160_.jpg",
        "detailPageURL": "https://www.amazon.com/dp/B09KG5PLW1",
        "rating": "4.6",
        "totalReviews": "576",
        "subtitle": "essence cosmetics",
        "isPrimeEligible": "1"
    },
    {
        "ASIN": "B01B24A5O8",
        "title": "The Essence",
        "price": "$2.99",
        "listPrice": "",
        "imageUrl": "https://m.media-amazon.com/images/I/31vs051dB9L._SL160_.jpg",
        "detailPageURL": "https://www.amazon.com/dp/B01B24A5O8",
        "rating": "4.5",
        "totalReviews": "146",
        "subtitle": "",
        "isPrimeEligible": "0"
    },
    {
        "ASIN": "B006R962UA",
        "title": "M30 Elliptical",
        "price": "$2,899.00",
        "listPrice": "",
        "imageUrl": "https://m.media-amazon.com/images/I/41ilHRgBevL._SL160_.jpg",
        "detailPageURL": "https://www.amazon.com/dp/B006R962UA",
        "rating": "3.4",
        "totalReviews": "17",
        "subtitle": "True Fitness",
        "isPrimeEligible": "0"
    },
    {
        "ASIN": "B011I2LG8I",
        "title": "Essence",
        "price": "$2.99",
        "listPrice": "",
        "imageUrl": "https://m.media-amazon.com/images/I/411QAD+BG1L._SL160_.jpg",
        "detailPageURL": "https://www.amazon.com/dp/B011I2LG8I",
        "rating": "4.8",
        "totalReviews": "1548",
        "subtitle": "",
        "isPrimeEligible": "0"
    },
    {
        "ASIN": "B07DZSZGM5",
        "title": "Hanskin Real Complexion Hyaluronic Skin Essence - Hyaluronic Acid, Moisturizing, Glowing, Soft & Fragrance-Free [10.14 fl. oz. (300 ml)]",
        "price": "$42.00 ($4.14 / Fl Oz)",
        "listPrice": "$46.00 ($4.54 / Fl Oz)",
        "imageUrl": "https://m.media-amazon.com/images/I/416lbnJs22L._SL160_.jpg",
        "detailPageURL": "https://www.amazon.com/dp/B07DZSZGM5",
        "rating": "4.7",
        "totalReviews": "125",
        "subtitle": "Hanskin",
        "isPrimeEligible": "1"
    },
    {
        "ASIN": "B0BXY7GWBL",
        "title": "essence | Luminous Eye Tint Liquid Shadow | Dries Like a Powder with a Shimmery, Smudge-proof Finish | Vegan & Cruelty Free (Glazed Candy Cloud)",
        "price": "$4.99 ($24.95 / Fl Oz)",
        "listPrice": "",
        "imageUrl": "https://m.media-amazon.com/images/I/31uw671awzL._SL160_.jpg",
        "detailPageURL": "https://www.amazon.com/dp/B0BXY7GWBL",
        "rating": "4.5",
        "totalReviews": "2",
        "subtitle": "essence cosmetics",
        "isPrimeEligible": "1"
    },
    {
        "ASIN": "B09646RFWJ",
        "title": "MISSHA TIME REVOLUTION THE FIRST ESSENCE Face Serum (5th Gen) 150ml - Face Serum That Moisturizes and Smoothes The Skin Creating A Clean Base",
        "price": "$20.00 ($3.94 / Fl Oz)",
        "listPrice": "$25.00 ($4.93 / Fl Oz)",
        "imageUrl": "https://m.media-amazon.com/images/I/21srHn6plEL._SL160_.jpg",
        "detailPageURL": "https://www.amazon.com/dp/B09646RFWJ",
        "rating": "4.6",
        "totalReviews": "144",
        "subtitle": "MISSHA",
        "isPrimeEligible": "1"
    },
    {
        "ASIN": "B0BHDM5R1C",
        "title": "essence | Space Glow Color Changing Lipstick | pH Reactive Personalized Pink for all Skin Tones | Soft Tint & Subtle Shimmer Effect | Vegan & Cruelty Free | Gluten & Parabens",
        "price": "$4.99 ($4.99 / Count)",
        "listPrice": "",
        "imageUrl": "https://m.media-amazon.com/images/I/31lXMf+AjbL._SL160_.jpg",
        "detailPageURL": "https://www.amazon.com/dp/B0BHDM5R1C",
        "rating": "4.3",
        "totalReviews": "86",
        "subtitle": "essence cosmetics",
        "isPrimeEligible": "1"
    },
    {
        "ASIN": "B07X6RWQFB",
        "title": "essence | What the Fake! Volumizing & Lengthening Fiber Mascara | Paraben Free | Cruelty Free (Pack of 1)",
        "price": "$4.99 ($4.99 / Count)",
        "listPrice": "",
        "imageUrl": "https://m.media-amazon.com/images/I/31-BFAYtI9L._SL160_.jpg",
        "detailPageURL": "https://www.amazon.com/dp/B07X6RWQFB",
        "rating": "4.0",
        "totalReviews": "4833",
        "subtitle": "essence cosmetics",
        "isPrimeEligible": "1"
    },
    {
        "ASIN": "B09KG5PLW1",
        "title": "essence | 3-Pack Extreme Shine Volume Lip Gloss | High Shine, Non-Sticky, Long Lasting Transparent Lip Gloss | Vegan & Cruelty Free (01 | Crystal Clear)",
        "price": "$11.97",
        "listPrice": "",
        "imageUrl": "https://m.media-amazon.com/images/I/41O9eRrJx3L._SL160_.jpg",
        "detailPageURL": "https://www.amazon.com/dp/B09KG5PLW1",
        "rating": "4.6",
        "totalReviews": "576",
        "subtitle": "essence cosmetics",
        "isPrimeEligible": "1"
    },
    {
        "ASIN": "B01B24A5O8",
        "title": "The Essence",
        "price": "$2.99",
        "listPrice": "",
        "imageUrl": "https://m.media-amazon.com/images/I/31vs051dB9L._SL160_.jpg",
        "detailPageURL": "https://www.amazon.com/dp/B01B24A5O8",
        "rating": "4.5",
        "totalReviews": "146",
        "subtitle": "",
        "isPrimeEligible": "0"
    },
    {
        "ASIN": "B006R962UA",
        "title": "M30 Elliptical",
        "price": "$2,899.00",
        "listPrice": "",
        "imageUrl": "https://m.media-amazon.com/images/I/41ilHRgBevL._SL160_.jpg",
        "detailPageURL": "https://www.amazon.com/dp/B006R962UA",
        "rating": "3.4",
        "totalReviews": "17",
        "subtitle": "True Fitness",
        "isPrimeEligible": "0"
    },
    {
        "ASIN": "B011I2LG8I",
        "title": "Essence",
        "price": "$2.99",
        "listPrice": "",
        "imageUrl": "https://m.media-amazon.com/images/I/411QAD+BG1L._SL160_.jpg",
        "detailPageURL": "https://www.amazon.com/dp/B011I2LG8I",
        "rating": "4.8",
        "totalReviews": "1548",
        "subtitle": "",
        "isPrimeEligible": "0"
    },
    {
        "ASIN": "B07DZSZGM5",
        "title": "Hanskin Real Complexion Hyaluronic Skin Essence - Hyaluronic Acid, Moisturizing, Glowing, Soft & Fragrance-Free [10.14 fl. oz. (300 ml)]",
        "price": "$42.00 ($4.14 / Fl Oz)",
        "listPrice": "$46.00 ($4.54 / Fl Oz)",
        "imageUrl": "https://m.media-amazon.com/images/I/416lbnJs22L._SL160_.jpg",
        "detailPageURL": "https://www.amazon.com/dp/B07DZSZGM5",
        "rating": "4.7",
        "totalReviews": "125",
        "subtitle": "Hanskin",
        "isPrimeEligible": "1"
    },
    {
        "ASIN": "B0BXY7GWBL",
        "title": "essence | Luminous Eye Tint Liquid Shadow | Dries Like a Powder with a Shimmery, Smudge-proof Finish | Vegan & Cruelty Free (Glazed Candy Cloud)",
        "price": "$4.99 ($24.95 / Fl Oz)",
        "listPrice": "",
        "imageUrl": "https://m.media-amazon.com/images/I/31uw671awzL._SL160_.jpg",
        "detailPageURL": "https://www.amazon.com/dp/B0BXY7GWBL",
        "rating": "4.5",
        "totalReviews": "2",
        "subtitle": "essence cosmetics",
        "isPrimeEligible": "1"
    },
    {
        "ASIN": "B09646RFWJ",
        "title": "MISSHA TIME REVOLUTION THE FIRST ESSENCE Face Serum (5th Gen) 150ml - Face Serum That Moisturizes and Smoothes The Skin Creating A Clean Base",
        "price": "$20.00 ($3.94 / Fl Oz)",
        "listPrice": "$25.00 ($4.93 / Fl Oz)",
        "imageUrl": "https://m.media-amazon.com/images/I/21srHn6plEL._SL160_.jpg",
        "detailPageURL": "https://www.amazon.com/dp/B09646RFWJ",
        "rating": "4.6",
        "totalReviews": "144",
        "subtitle": "MISSHA",
        "isPrimeEligible": "1"
    },
    {
        "ASIN": "B0BHDM5R1C",
        "title": "essence | Space Glow Color Changing Lipstick | pH Reactive Personalized Pink for all Skin Tones | Soft Tint & Subtle Shimmer Effect | Vegan & Cruelty Free | Gluten & Parabens",
        "price": "$4.99 ($4.99 / Count)",
        "listPrice": "",
        "imageUrl": "https://m.media-amazon.com/images/I/31lXMf+AjbL._SL160_.jpg",
        "detailPageURL": "https://www.amazon.com/dp/B0BHDM5R1C",
        "rating": "4.3",
        "totalReviews": "86",
        "subtitle": "essence cosmetics",
        "isPrimeEligible": "1"
    },
    {
        "ASIN": "B08YFD3WSG",
        "title": "essence | Glimmer GLOW Lipstick | pH Color Changing Technology | Subtle & Sheer Pink | Vegan & Cruelty Free | Free From Parabens, Gluten, Oil, Preservatives & Microplastic Particles",
        "price": "$3.99",
        "listPrice": "",
        "imageUrl": "https://m.media-amazon.com/images/I/31X5fob+d5L._SL160_.jpg",
        "detailPageURL": "https://www.amazon.com/dp/B08YFD3WSG",
        "rating": "4.0",
        "totalReviews": "4510",
        "subtitle": "essence cosmetics",
        "isPrimeEligible": "1"
    },
    {
        "ASIN": "B09KG5PLW1",
        "title": "essence | 3-Pack Extreme Shine Volume Lip Gloss | High Shine, Non-Sticky, Long Lasting Transparent Lip Gloss | Vegan & Cruelty Free (01 | Crystal Clear)",
        "price": "$11.97",
        "listPrice": "",
        "imageUrl": "https://m.media-amazon.com/images/I/41O9eRrJx3L._SL160_.jpg",
        "detailPageURL": "https://www.amazon.com/dp/B09KG5PLW1",
        "rating": "4.6",
        "totalReviews": "576",
        "subtitle": "essence cosmetics",
        "isPrimeEligible": "1"
    },
    {
        "ASIN": "B01B24A5O8",
        "title": "The Essence",
        "price": "$2.99",
        "listPrice": "",
        "imageUrl": "https://m.media-amazon.com/images/I/31vs051dB9L._SL160_.jpg",
        "detailPageURL": "https://www.amazon.com/dp/B01B24A5O8",
        "rating": "4.5",
        "totalReviews": "146",
        "subtitle": "",
        "isPrimeEligible": "0"
    },
    {
        "ASIN": "B006R962UA",
        "title": "M30 Elliptical",
        "price": "$2,899.00",
        "listPrice": "",
        "imageUrl": "https://m.media-amazon.com/images/I/41ilHRgBevL._SL160_.jpg",
        "detailPageURL": "https://www.amazon.com/dp/B006R962UA",
        "rating": "3.4",
        "totalReviews": "17",
        "subtitle": "True Fitness",
        "isPrimeEligible": "0"
    },
    {
        "ASIN": "B011I2LG8I",
        "title": "Essence",
        "price": "$2.99",
        "listPrice": "",
        "imageUrl": "https://m.media-amazon.com/images/I/411QAD+BG1L._SL160_.jpg",
        "detailPageURL": "https://www.amazon.com/dp/B011I2LG8I",
        "rating": "4.8",
        "totalReviews": "1548",
        "subtitle": "",
        "isPrimeEligible": "0"
    },
    {
        "ASIN": "B07DZSZGM5",
        "title": "Hanskin Real Complexion Hyaluronic Skin Essence - Hyaluronic Acid, Moisturizing, Glowing, Soft & Fragrance-Free [10.14 fl. oz. (300 ml)]",
        "price": "$42.00 ($4.14 / Fl Oz)",
        "listPrice": "$46.00 ($4.54 / Fl Oz)",
        "imageUrl": "https://m.media-amazon.com/images/I/416lbnJs22L._SL160_.jpg",
        "detailPageURL": "https://www.amazon.com/dp/B07DZSZGM5",
        "rating": "4.7",
        "totalReviews": "125",
        "subtitle": "Hanskin",
        "isPrimeEligible": "1"
    },
    {
        "ASIN": "B0BXY7GWBL",
        "title": "essence | Luminous Eye Tint Liquid Shadow | Dries Like a Powder with a Shimmery, Smudge-proof Finish | Vegan & Cruelty Free (Glazed Candy Cloud)",
        "price": "$4.99 ($24.95 / Fl Oz)",
        "listPrice": "",
        "imageUrl": "https://m.media-amazon.com/images/I/31uw671awzL._SL160_.jpg",
        "detailPageURL": "https://www.amazon.com/dp/B0BXY7GWBL",
        "rating": "4.5",
        "totalReviews": "2",
        "subtitle": "essence cosmetics",
        "isPrimeEligible": "1"
    },
    {
        "ASIN": "B09646RFWJ",
        "title": "MISSHA TIME REVOLUTION THE FIRST ESSENCE Face Serum (5th Gen) 150ml - Face Serum That Moisturizes and Smoothes The Skin Creating A Clean Base",
        "price": "$20.00 ($3.94 / Fl Oz)",
        "listPrice": "$25.00 ($4.93 / Fl Oz)",
        "imageUrl": "https://m.media-amazon.com/images/I/21srHn6plEL._SL160_.jpg",
        "detailPageURL": "https://www.amazon.com/dp/B09646RFWJ",
        "rating": "4.6",
        "totalReviews": "144",
        "subtitle": "MISSHA",
        "isPrimeEligible": "1"
    },
    {
        "ASIN": "B0BHDM5R1C",
        "title": "essence | Space Glow Color Changing Lipstick | pH Reactive Personalized Pink for all Skin Tones | Soft Tint & Subtle Shimmer Effect | Vegan & Cruelty Free | Gluten & Parabens",
        "price": "$4.99 ($4.99 / Count)",
        "listPrice": "",
        "imageUrl": "https://m.media-amazon.com/images/I/31lXMf+AjbL._SL160_.jpg",
        "detailPageURL": "https://www.amazon.com/dp/B0BHDM5R1C",
        "rating": "4.3",
        "totalReviews": "86",
        "subtitle": "essence cosmetics",
        "isPrimeEligible": "1"
    },
    {
        "ASIN": "B08YFD3WSG",
        "title": "essence | Glimmer GLOW Lipstick | pH Color Changing Technology | Subtle & Sheer Pink | Vegan & Cruelty Free | Free From Parabens, Gluten, Oil, Preservatives & Microplastic Particles",
        "price": "$3.99",
        "listPrice": "",
        "imageUrl": "https://m.media-amazon.com/images/I/31X5fob+d5L._SL160_.jpg",
        "detailPageURL": "https://www.amazon.com/dp/B08YFD3WSG",
        "rating": "4.0",
        "totalReviews": "4510",
        "subtitle": "essence cosmetics",
        "isPrimeEligible": "1"
    },
    {
        "ASIN": "B07ZMKXPMC",
        "title": "Essence: A Divine Dungeon Anthology",
        "price": "$4.99",
        "listPrice": "",
        "imageUrl": "https://m.media-amazon.com/images/I/51lRfzEE9lL._SL160_.jpg",
        "detailPageURL": "https://www.amazon.com/dp/B07ZMKXPMC",
        "rating": "4.5",
        "totalReviews": "267",
        "subtitle": "",
        "isPrimeEligible": "0"
    },
    {
        "ASIN": "B01B24A5O8",
        "title": "The Essence",
        "price": "$2.99",
        "listPrice": "",
        "imageUrl": "https://m.media-amazon.com/images/I/31vs051dB9L._SL160_.jpg",
        "detailPageURL": "https://www.amazon.com/dp/B01B24A5O8",
        "rating": "4.5",
        "totalReviews": "146",
        "subtitle": "",
        "isPrimeEligible": "0"
    },
    {
        "ASIN": "B006R962UA",
        "title": "M30 Elliptical",
        "price": "$2,899.00",
        "listPrice": "",
        "imageUrl": "https://m.media-amazon.com/images/I/41ilHRgBevL._SL160_.jpg",
        "detailPageURL": "https://www.amazon.com/dp/B006R962UA",
        "rating": "3.4",
        "totalReviews": "17",
        "subtitle": "True Fitness",
        "isPrimeEligible": "0"
    },
    {
        "ASIN": "B011I2LG8I",
        "title": "Essence",
        "price": "$2.99",
        "listPrice": "",
        "imageUrl": "https://m.media-amazon.com/images/I/411QAD+BG1L._SL160_.jpg",
        "detailPageURL": "https://www.amazon.com/dp/B011I2LG8I",
        "rating": "4.8",
        "totalReviews": "1548",
        "subtitle": "",
        "isPrimeEligible": "0"
    },
    {
        "ASIN": "B07DZSZGM5",
        "title": "Hanskin Real Complexion Hyaluronic Skin Essence - Hyaluronic Acid, Moisturizing, Glowing, Soft & Fragrance-Free [10.14 fl. oz. (300 ml)]",
        "price": "$42.00 ($4.14 / Fl Oz)",
        "listPrice": "$46.00 ($4.54 / Fl Oz)",
        "imageUrl": "https://m.media-amazon.com/images/I/416lbnJs22L._SL160_.jpg",
        "detailPageURL": "https://www.amazon.com/dp/B07DZSZGM5",
        "rating": "4.7",
        "totalReviews": "125",
        "subtitle": "Hanskin",
        "isPrimeEligible": "1"
    },
    {
        "ASIN": "B0BXY7GWBL",
        "title": "essence | Luminous Eye Tint Liquid Shadow | Dries Like a Powder with a Shimmery, Smudge-proof Finish | Vegan & Cruelty Free (Glazed Candy Cloud)",
        "price": "$4.99 ($24.95 / Fl Oz)",
        "listPrice": "",
        "imageUrl": "https://m.media-amazon.com/images/I/31uw671awzL._SL160_.jpg",
        "detailPageURL": "https://www.amazon.com/dp/B0BXY7GWBL",
        "rating": "4.5",
        "totalReviews": "2",
        "subtitle": "essence cosmetics",
        "isPrimeEligible": "1"
    },
    {
        "ASIN": "B09646RFWJ",
        "title": "MISSHA TIME REVOLUTION THE FIRST ESSENCE Face Serum (5th Gen) 150ml - Face Serum That Moisturizes and Smoothes The Skin Creating A Clean Base",
        "price": "$20.00 ($3.94 / Fl Oz)",
        "listPrice": "$25.00 ($4.93 / Fl Oz)",
        "imageUrl": "https://m.media-amazon.com/images/I/21srHn6plEL._SL160_.jpg",
        "detailPageURL": "https://www.amazon.com/dp/B09646RFWJ",
        "rating": "4.6",
        "totalReviews": "144",
        "subtitle": "MISSHA",
        "isPrimeEligible": "1"
    },
    {
        "ASIN": "B0BHDM5R1C",
        "title": "essence | Space Glow Color Changing Lipstick | pH Reactive Personalized Pink for all Skin Tones | Soft Tint & Subtle Shimmer Effect | Vegan & Cruelty Free | Gluten & Parabens",
        "price": "$4.99 ($4.99 / Count)",
        "listPrice": "",
        "imageUrl": "https://m.media-amazon.com/images/I/31lXMf+AjbL._SL160_.jpg",
        "detailPageURL": "https://www.amazon.com/dp/B0BHDM5R1C",
        "rating": "4.3",
        "totalReviews": "86",
        "subtitle": "essence cosmetics",
        "isPrimeEligible": "1"
    },
    {
        "ASIN": "B08YFD3WSG",
        "title": "essence | Glimmer GLOW Lipstick | pH Color Changing Technology | Subtle & Sheer Pink | Vegan & Cruelty Free | Free From Parabens, Gluten, Oil, Preservatives & Microplastic Particles",
        "price": "$3.99",
        "listPrice": "",
        "imageUrl": "https://m.media-amazon.com/images/I/31X5fob+d5L._SL160_.jpg",
        "detailPageURL": "https://www.amazon.com/dp/B08YFD3WSG",
        "rating": "4.0",
        "totalReviews": "4510",
        "subtitle": "essence cosmetics",
        "isPrimeEligible": "1"
    },
    {
        "ASIN": "B07ZMKXPMC",
        "title": "Essence: A Divine Dungeon Anthology",
        "price": "$4.99",
        "listPrice": "",
        "imageUrl": "https://m.media-amazon.com/images/I/51lRfzEE9lL._SL160_.jpg",
        "detailPageURL": "https://www.amazon.com/dp/B07ZMKXPMC",
        "rating": "4.5",
        "totalReviews": "267",
        "subtitle": "",
        "isPrimeEligible": "0"
    },
    {
        "ASIN": "B073HSLVK8",
        "title": "Essence",
        "price": "$1.99",
        "listPrice": "",
        "imageUrl": "https://m.media-amazon.com/images/I/01RmK+J4pJL._SL160_.gif",
        "detailPageURL": "https://www.amazon.com/dp/B073HSLVK8",
        "rating": "4.4",
        "totalReviews": "120",
        "subtitle": "",
        "isPrimeEligible": "0"
    },
    {
        "ASIN": "B006R962UA",
        "title": "M30 Elliptical",
        "price": "$2,899.00",
        "listPrice": "",
        "imageUrl": "https://m.media-amazon.com/images/I/41ilHRgBevL._SL160_.jpg",
        "detailPageURL": "https://www.amazon.com/dp/B006R962UA",
        "rating": "3.4",
        "totalReviews": "17",
        "subtitle": "True Fitness",
        "isPrimeEligible": "0"
    },
    {
        "ASIN": "B011I2LG8I",
        "title": "Essence",
        "price": "$2.99",
        "listPrice": "",
        "imageUrl": "https://m.media-amazon.com/images/I/411QAD+BG1L._SL160_.jpg",
        "detailPageURL": "https://www.amazon.com/dp/B011I2LG8I",
        "rating": "4.8",
        "totalReviews": "1548",
        "subtitle": "",
        "isPrimeEligible": "0"
    },
    {
        "ASIN": "B07DZSZGM5",
        "title": "Hanskin Real Complexion Hyaluronic Skin Essence - Hyaluronic Acid, Moisturizing, Glowing, Soft & Fragrance-Free [10.14 fl. oz. (300 ml)]",
        "price": "$42.00 ($4.14 / Fl Oz)",
        "listPrice": "$46.00 ($4.54 / Fl Oz)",
        "imageUrl": "https://m.media-amazon.com/images/I/416lbnJs22L._SL160_.jpg",
        "detailPageURL": "https://www.amazon.com/dp/B07DZSZGM5",
        "rating": "4.7",
        "totalReviews": "125",
        "subtitle": "Hanskin",
        "isPrimeEligible": "1"
    },
    {
        "ASIN": "B0BXY7GWBL",
        "title": "essence | Luminous Eye Tint Liquid Shadow | Dries Like a Powder with a Shimmery, Smudge-proof Finish | Vegan & Cruelty Free (Glazed Candy Cloud)",
        "price": "$4.99 ($24.95 / Fl Oz)",
        "listPrice": "",
        "imageUrl": "https://m.media-amazon.com/images/I/31uw671awzL._SL160_.jpg",
        "detailPageURL": "https://www.amazon.com/dp/B0BXY7GWBL",
        "rating": "4.5",
        "totalReviews": "2",
        "subtitle": "essence cosmetics",
        "isPrimeEligible": "1"
    },
    {
        "ASIN": "B09646RFWJ",
        "title": "MISSHA TIME REVOLUTION THE FIRST ESSENCE Face Serum (5th Gen) 150ml - Face Serum That Moisturizes and Smoothes The Skin Creating A Clean Base",
        "price": "$20.00 ($3.94 / Fl Oz)",
        "listPrice": "$25.00 ($4.93 / Fl Oz)",
        "imageUrl": "https://m.media-amazon.com/images/I/21srHn6plEL._SL160_.jpg",
        "detailPageURL": "https://www.amazon.com/dp/B09646RFWJ",
        "rating": "4.6",
        "totalReviews": "144",
        "subtitle": "MISSHA",
        "isPrimeEligible": "1"
    },
    {
        "ASIN": "B0BHDM5R1C",
        "title": "essence | Space Glow Color Changing Lipstick | pH Reactive Personalized Pink for all Skin Tones | Soft Tint & Subtle Shimmer Effect | Vegan & Cruelty Free | Gluten & Parabens",
        "price": "$4.99 ($4.99 / Count)",
        "listPrice": "",
        "imageUrl": "https://m.media-amazon.com/images/I/31lXMf+AjbL._SL160_.jpg",
        "detailPageURL": "https://www.amazon.com/dp/B0BHDM5R1C",
        "rating": "4.3",
        "totalReviews": "86",
        "subtitle": "essence cosmetics",
        "isPrimeEligible": "1"
    },
    {
        "ASIN": "B08YFD3WSG",
        "title": "essence | Glimmer GLOW Lipstick | pH Color Changing Technology | Subtle & Sheer Pink | Vegan & Cruelty Free | Free From Parabens, Gluten, Oil, Preservatives & Microplastic Particles",
        "price": "$3.99",
        "listPrice": "",
        "imageUrl": "https://m.media-amazon.com/images/I/31X5fob+d5L._SL160_.jpg",
        "detailPageURL": "https://www.amazon.com/dp/B08YFD3WSG",
        "rating": "4.0",
        "totalReviews": "4510",
        "subtitle": "essence cosmetics",
        "isPrimeEligible": "1"
    },
    {
        "ASIN": "B07ZMKXPMC",
        "title": "Essence: A Divine Dungeon Anthology",
        "price": "$4.99",
        "listPrice": "",
        "imageUrl": "https://m.media-amazon.com/images/I/51lRfzEE9lL._SL160_.jpg",
        "detailPageURL": "https://www.amazon.com/dp/B07ZMKXPMC",
        "rating": "4.5",
        "totalReviews": "267",
        "subtitle": "",
        "isPrimeEligible": "0"
    },
    {
        "ASIN": "B073HSLVK8",
        "title": "Essence",
        "price": "$1.99",
        "listPrice": "",
        "imageUrl": "https://m.media-amazon.com/images/I/01RmK+J4pJL._SL160_.gif",
        "detailPageURL": "https://www.amazon.com/dp/B073HSLVK8",
        "rating": "4.4",
        "totalReviews": "120",
        "subtitle": "",
        "isPrimeEligible": "0"
    },
    {
        "ASIN": "B0BQZ1RX1C",
        "title": "essence | 8h Matte Liquid Lipstick | Highly Pigmented with Smudge-proof Matte Finish | Vegan & Cruelty Free (Silky Hazelnut)",
        "price": "$4.99 ($62.38 / Fl Oz)",
        "listPrice": "",
        "imageUrl": "https://m.media-amazon.com/images/I/314QGNWmFfL._SL160_.jpg",
        "detailPageURL": "https://www.amazon.com/dp/B0BQZ1RX1C",
        "rating": "4.4",
        "totalReviews": "8",
        "subtitle": "essence cosmetics",
        "isPrimeEligible": "1"
    },
    {
        "ASIN": "B011I2LG8I",
        "title": "Essence",
        "price": "$2.99",
        "listPrice": "",
        "imageUrl": "https://m.media-amazon.com/images/I/411QAD+BG1L._SL160_.jpg",
        "detailPageURL": "https://www.amazon.com/dp/B011I2LG8I",
        "rating": "4.8",
        "totalReviews": "1548",
        "subtitle": "",
        "isPrimeEligible": "0"
    },
    {
        "ASIN": "B07DZSZGM5",
        "title": "Hanskin Real Complexion Hyaluronic Skin Essence - Hyaluronic Acid, Moisturizing, Glowing, Soft & Fragrance-Free [10.14 fl. oz. (300 ml)]",
        "price": "$42.00 ($4.14 / Fl Oz)",
        "listPrice": "$46.00 ($4.54 / Fl Oz)",
        "imageUrl": "https://m.media-amazon.com/images/I/416lbnJs22L._SL160_.jpg",
        "detailPageURL": "https://www.amazon.com/dp/B07DZSZGM5",
        "rating": "4.7",
        "totalReviews": "125",
        "subtitle": "Hanskin",
        "isPrimeEligible": "1"
    },
    {
        "ASIN": "B0BXY7GWBL",
        "title": "essence | Luminous Eye Tint Liquid Shadow | Dries Like a Powder with a Shimmery, Smudge-proof Finish | Vegan & Cruelty Free (Glazed Candy Cloud)",
        "price": "$4.99 ($24.95 / Fl Oz)",
        "listPrice": "",
        "imageUrl": "https://m.media-amazon.com/images/I/31uw671awzL._SL160_.jpg",
        "detailPageURL": "https://www.amazon.com/dp/B0BXY7GWBL",
        "rating": "4.5",
        "totalReviews": "2",
        "subtitle": "essence cosmetics",
        "isPrimeEligible": "1"
    },
    {
        "ASIN": "B09646RFWJ",
        "title": "MISSHA TIME REVOLUTION THE FIRST ESSENCE Face Serum (5th Gen) 150ml - Face Serum That Moisturizes and Smoothes The Skin Creating A Clean Base",
        "price": "$20.00 ($3.94 / Fl Oz)",
        "listPrice": "$25.00 ($4.93 / Fl Oz)",
        "imageUrl": "https://m.media-amazon.com/images/I/21srHn6plEL._SL160_.jpg",
        "detailPageURL": "https://www.amazon.com/dp/B09646RFWJ",
        "rating": "4.6",
        "totalReviews": "144",
        "subtitle": "MISSHA",
        "isPrimeEligible": "1"
    },
    {
        "ASIN": "B0BHDM5R1C",
        "title": "essence | Space Glow Color Changing Lipstick | pH Reactive Personalized Pink for all Skin Tones | Soft Tint & Subtle Shimmer Effect | Vegan & Cruelty Free | Gluten & Parabens",
        "price": "$4.99 ($4.99 / Count)",
        "listPrice": "",
        "imageUrl": "https://m.media-amazon.com/images/I/31lXMf+AjbL._SL160_.jpg",
        "detailPageURL": "https://www.amazon.com/dp/B0BHDM5R1C",
        "rating": "4.3",
        "totalReviews": "86",
        "subtitle": "essence cosmetics",
        "isPrimeEligible": "1"
    },
    {
        "ASIN": "B08YFD3WSG",
        "title": "essence | Glimmer GLOW Lipstick | pH Color Changing Technology | Subtle & Sheer Pink | Vegan & Cruelty Free | Free From Parabens, Gluten, Oil, Preservatives & Microplastic Particles",
        "price": "$3.99",
        "listPrice": "",
        "imageUrl": "https://m.media-amazon.com/images/I/31X5fob+d5L._SL160_.jpg",
        "detailPageURL": "https://www.amazon.com/dp/B08YFD3WSG",
        "rating": "4.0",
        "totalReviews": "4510",
        "subtitle": "essence cosmetics",
        "isPrimeEligible": "1"
    },
    {
        "ASIN": "B07ZMKXPMC",
        "title": "Essence: A Divine Dungeon Anthology",
        "price": "$4.99",
        "listPrice": "",
        "imageUrl": "https://m.media-amazon.com/images/I/51lRfzEE9lL._SL160_.jpg",
        "detailPageURL": "https://www.amazon.com/dp/B07ZMKXPMC",
        "rating": "4.5",
        "totalReviews": "267",
        "subtitle": "",
        "isPrimeEligible": "0"
    },
    {
        "ASIN": "B073HSLVK8",
        "title": "Essence",
        "price": "$1.99",
        "listPrice": "",
        "imageUrl": "https://m.media-amazon.com/images/I/01RmK+J4pJL._SL160_.gif",
        "detailPageURL": "https://www.amazon.com/dp/B073HSLVK8",
        "rating": "4.4",
        "totalReviews": "120",
        "subtitle": "",
        "isPrimeEligible": "0"
    },
    {
        "ASIN": "B0BQZ1RX1C",
        "title": "essence | 8h Matte Liquid Lipstick | Highly Pigmented with Smudge-proof Matte Finish | Vegan & Cruelty Free (Silky Hazelnut)",
        "price": "$4.99 ($62.38 / Fl Oz)",
        "listPrice": "",
        "imageUrl": "https://m.media-amazon.com/images/I/314QGNWmFfL._SL160_.jpg",
        "detailPageURL": "https://www.amazon.com/dp/B0BQZ1RX1C",
        "rating": "4.4",
        "totalReviews": "8",
        "subtitle": "essence cosmetics",
        "isPrimeEligible": "1"
    },
    {
        "ASIN": "B0BVTWXW51",
        "title": "Essence: Toda historia tiene dos caras (Spanish Edition)",
        "price": "$4.99",
        "listPrice": "",
        "imageUrl": "https://m.media-amazon.com/images/I/41g7QCqldoL._SL160_.jpg",
        "detailPageURL": "https://www.amazon.com/dp/B0BVTWXW51",
        "rating": "4.7",
        "totalReviews": "12",
        "subtitle": "",
        "isPrimeEligible": "0"
    },
    {
        "ASIN": "B07DZSZGM5",
        "title": "Hanskin Real Complexion Hyaluronic Skin Essence - Hyaluronic Acid, Moisturizing, Glowing, Soft & Fragrance-Free [10.14 fl. oz. (300 ml)]",
        "price": "$42.00 ($4.14 / Fl Oz)",
        "listPrice": "$46.00 ($4.54 / Fl Oz)",
        "imageUrl": "https://m.media-amazon.com/images/I/416lbnJs22L._SL160_.jpg",
        "detailPageURL": "https://www.amazon.com/dp/B07DZSZGM5",
        "rating": "4.7",
        "totalReviews": "125",
        "subtitle": "Hanskin",
        "isPrimeEligible": "1"
    },
    {
        "ASIN": "B0BXY7GWBL",
        "title": "essence | Luminous Eye Tint Liquid Shadow | Dries Like a Powder with a Shimmery, Smudge-proof Finish | Vegan & Cruelty Free (Glazed Candy Cloud)",
        "price": "$4.99 ($24.95 / Fl Oz)",
        "listPrice": "",
        "imageUrl": "https://m.media-amazon.com/images/I/31uw671awzL._SL160_.jpg",
        "detailPageURL": "https://www.amazon.com/dp/B0BXY7GWBL",
        "rating": "4.5",
        "totalReviews": "2",
        "subtitle": "essence cosmetics",
        "isPrimeEligible": "1"
    },
    {
        "ASIN": "B09646RFWJ",
        "title": "MISSHA TIME REVOLUTION THE FIRST ESSENCE Face Serum (5th Gen) 150ml - Face Serum That Moisturizes and Smoothes The Skin Creating A Clean Base",
        "price": "$20.00 ($3.94 / Fl Oz)",
        "listPrice": "$25.00 ($4.93 / Fl Oz)",
        "imageUrl": "https://m.media-amazon.com/images/I/21srHn6plEL._SL160_.jpg",
        "detailPageURL": "https://www.amazon.com/dp/B09646RFWJ",
        "rating": "4.6",
        "totalReviews": "144",
        "subtitle": "MISSHA",
        "isPrimeEligible": "1"
    },
    {
        "ASIN": "B0BHDM5R1C",
        "title": "essence | Space Glow Color Changing Lipstick | pH Reactive Personalized Pink for all Skin Tones | Soft Tint & Subtle Shimmer Effect | Vegan & Cruelty Free | Gluten & Parabens",
        "price": "$4.99 ($4.99 / Count)",
        "listPrice": "",
        "imageUrl": "https://m.media-amazon.com/images/I/31lXMf+AjbL._SL160_.jpg",
        "detailPageURL": "https://www.amazon.com/dp/B0BHDM5R1C",
        "rating": "4.3",
        "totalReviews": "86",
        "subtitle": "essence cosmetics",
        "isPrimeEligible": "1"
    },
    {
        "ASIN": "B08YFD3WSG",
        "title": "essence | Glimmer GLOW Lipstick | pH Color Changing Technology | Subtle & Sheer Pink | Vegan & Cruelty Free | Free From Parabens, Gluten, Oil, Preservatives & Microplastic Particles",
        "price": "$3.99",
        "listPrice": "",
        "imageUrl": "https://m.media-amazon.com/images/I/31X5fob+d5L._SL160_.jpg",
        "detailPageURL": "https://www.amazon.com/dp/B08YFD3WSG",
        "rating": "4.0",
        "totalReviews": "4510",
        "subtitle": "essence cosmetics",
        "isPrimeEligible": "1"
    },
    {
        "ASIN": "B07ZMKXPMC",
        "title": "Essence: A Divine Dungeon Anthology",
        "price": "$4.99",
        "listPrice": "",
        "imageUrl": "https://m.media-amazon.com/images/I/51lRfzEE9lL._SL160_.jpg",
        "detailPageURL": "https://www.amazon.com/dp/B07ZMKXPMC",
        "rating": "4.5",
        "totalReviews": "267",
        "subtitle": "",
        "isPrimeEligible": "0"
    },
    {
        "ASIN": "B073HSLVK8",
        "title": "Essence",
        "price": "$1.99",
        "listPrice": "",
        "imageUrl": "https://m.media-amazon.com/images/I/01RmK+J4pJL._SL160_.gif",
        "detailPageURL": "https://www.amazon.com/dp/B073HSLVK8",
        "rating": "4.4",
        "totalReviews": "120",
        "subtitle": "",
        "isPrimeEligible": "0"
    },
    {
        "ASIN": "B0BQZ1RX1C",
        "title": "essence | 8h Matte Liquid Lipstick | Highly Pigmented with Smudge-proof Matte Finish | Vegan & Cruelty Free (Silky Hazelnut)",
        "price": "$4.99 ($62.38 / Fl Oz)",
        "listPrice": "",
        "imageUrl": "https://m.media-amazon.com/images/I/314QGNWmFfL._SL160_.jpg",
        "detailPageURL": "https://www.amazon.com/dp/B0BQZ1RX1C",
        "rating": "4.4",
        "totalReviews": "8",
        "subtitle": "essence cosmetics",
        "isPrimeEligible": "1"
    },
    {
        "ASIN": "B0BVTWXW51",
        "title": "Essence: Toda historia tiene dos caras (Spanish Edition)",
        "price": "$4.99",
        "listPrice": "",
        "imageUrl": "https://m.media-amazon.com/images/I/41g7QCqldoL._SL160_.jpg",
        "detailPageURL": "https://www.amazon.com/dp/B0BVTWXW51",
        "rating": "4.7",
        "totalReviews": "12",
        "subtitle": "",
        "isPrimeEligible": "0"
    },
    {
        "ASIN": "B07YN814J6",
        "title": "stay 8h waterproof lipliner",
        "price": "$5.74 ($5.74 / Count)",
        "listPrice": "",
        "imageUrl": "https://m.media-amazon.com/images/I/311c7FFxRdL._SL160_.jpg",
        "detailPageURL": "https://www.amazon.com/dp/B07YN814J6",
        "rating": "4.8",
        "totalReviews": "6",
        "subtitle": "Essence",
        "isPrimeEligible": "1"
    },
    {
        "ASIN": "B0BXY7GWBL",
        "title": "essence | Luminous Eye Tint Liquid Shadow | Dries Like a Powder with a Shimmery, Smudge-proof Finish | Vegan & Cruelty Free (Glazed Candy Cloud)",
        "price": "$4.99 ($24.95 / Fl Oz)",
        "listPrice": "",
        "imageUrl": "https://m.media-amazon.com/images/I/31uw671awzL._SL160_.jpg",
        "detailPageURL": "https://www.amazon.com/dp/B0BXY7GWBL",
        "rating": "4.5",
        "totalReviews": "2",
        "subtitle": "essence cosmetics",
        "isPrimeEligible": "1"
    },
    {
        "ASIN": "B09646RFWJ",
        "title": "MISSHA TIME REVOLUTION THE FIRST ESSENCE Face Serum (5th Gen) 150ml - Face Serum That Moisturizes and Smoothes The Skin Creating A Clean Base",
        "price": "$20.00 ($3.94 / Fl Oz)",
        "listPrice": "$25.00 ($4.93 / Fl Oz)",
        "imageUrl": "https://m.media-amazon.com/images/I/21srHn6plEL._SL160_.jpg",
        "detailPageURL": "https://www.amazon.com/dp/B09646RFWJ",
        "rating": "4.6",
        "totalReviews": "144",
        "subtitle": "MISSHA",
        "isPrimeEligible": "1"
    },
    {
        "ASIN": "B0BHDM5R1C",
        "title": "essence | Space Glow Color Changing Lipstick | pH Reactive Personalized Pink for all Skin Tones | Soft Tint & Subtle Shimmer Effect | Vegan & Cruelty Free | Gluten & Parabens",
        "price": "$4.99 ($4.99 / Count)",
        "listPrice": "",
        "imageUrl": "https://m.media-amazon.com/images/I/31lXMf+AjbL._SL160_.jpg",
        "detailPageURL": "https://www.amazon.com/dp/B0BHDM5R1C",
        "rating": "4.3",
        "totalReviews": "86",
        "subtitle": "essence cosmetics",
        "isPrimeEligible": "1"
    },
    {
        "ASIN": "B08YFD3WSG",
        "title": "essence | Glimmer GLOW Lipstick | pH Color Changing Technology | Subtle & Sheer Pink | Vegan & Cruelty Free | Free From Parabens, Gluten, Oil, Preservatives & Microplastic Particles",
        "price": "$3.99",
        "listPrice": "",
        "imageUrl": "https://m.media-amazon.com/images/I/31X5fob+d5L._SL160_.jpg",
        "detailPageURL": "https://www.amazon.com/dp/B08YFD3WSG",
        "rating": "4.0",
        "totalReviews": "4510",
        "subtitle": "essence cosmetics",
        "isPrimeEligible": "1"
    },
    {
        "ASIN": "B07ZMKXPMC",
        "title": "Essence: A Divine Dungeon Anthology",
        "price": "$4.99",
        "listPrice": "",
        "imageUrl": "https://m.media-amazon.com/images/I/51lRfzEE9lL._SL160_.jpg",
        "detailPageURL": "https://www.amazon.com/dp/B07ZMKXPMC",
        "rating": "4.5",
        "totalReviews": "267",
        "subtitle": "",
        "isPrimeEligible": "0"
    },
    {
        "ASIN": "B073HSLVK8",
        "title": "Essence",
        "price": "$1.99",
        "listPrice": "",
        "imageUrl": "https://m.media-amazon.com/images/I/01RmK+J4pJL._SL160_.gif",
        "detailPageURL": "https://www.amazon.com/dp/B073HSLVK8",
        "rating": "4.4",
        "totalReviews": "120",
        "subtitle": "",
        "isPrimeEligible": "0"
    },
    {
        "ASIN": "B0BQZ1RX1C",
        "title": "essence | 8h Matte Liquid Lipstick | Highly Pigmented with Smudge-proof Matte Finish | Vegan & Cruelty Free (Silky Hazelnut)",
        "price": "$4.99 ($62.38 / Fl Oz)",
        "listPrice": "",
        "imageUrl": "https://m.media-amazon.com/images/I/314QGNWmFfL._SL160_.jpg",
        "detailPageURL": "https://www.amazon.com/dp/B0BQZ1RX1C",
        "rating": "4.4",
        "totalReviews": "8",
        "subtitle": "essence cosmetics",
        "isPrimeEligible": "1"
    },
    {
        "ASIN": "B0BVTWXW51",
        "title": "Essence: Toda historia tiene dos caras (Spanish Edition)",
        "price": "$4.99",
        "listPrice": "",
        "imageUrl": "https://m.media-amazon.com/images/I/41g7QCqldoL._SL160_.jpg",
        "detailPageURL": "https://www.amazon.com/dp/B0BVTWXW51",
        "rating": "4.7",
        "totalReviews": "12",
        "subtitle": "",
        "isPrimeEligible": "0"
    },
    {
        "ASIN": "B07YN814J6",
        "title": "stay 8h waterproof lipliner",
        "price": "$5.74 ($5.74 / Count)",
        "listPrice": "",
        "imageUrl": "https://m.media-amazon.com/images/I/311c7FFxRdL._SL160_.jpg",
        "detailPageURL": "https://www.amazon.com/dp/B07YN814J6",
        "rating": "4.8",
        "totalReviews": "6",
        "subtitle": "Essence",
        "isPrimeEligible": "1"
    },
    {
        "ASIN": "B0CF7D8RVJ",
        "title": "Biore UV Aqua Rich Sunscreen Water Essence SPF50+ PA++++ 2.36floz(70g) ODE Twin Pack Bundle",
        "price": "$22.98 ($4.69 / Ounce)",
        "listPrice": "$30.00 ($6.12 / Ounce)",
        "imageUrl": "https://m.media-amazon.com/images/I/51njEBL0-8L._SL160_.jpg",
        "detailPageURL": "https://www.amazon.com/dp/B0CF7D8RVJ",
        "rating": "",
        "totalReviews": "",
        "subtitle": "ODE",
        "isPrimeEligible": "1"
    },
    {
        "ASIN": "B09646RFWJ",
        "title": "MISSHA TIME REVOLUTION THE FIRST ESSENCE Face Serum (5th Gen) 150ml - Face Serum That Moisturizes and Smoothes The Skin Creating A Clean Base",
        "price": "$20.00 ($3.94 / Fl Oz)",
        "listPrice": "$25.00 ($4.93 / Fl Oz)",
        "imageUrl": "https://m.media-amazon.com/images/I/21srHn6plEL._SL160_.jpg",
        "detailPageURL": "https://www.amazon.com/dp/B09646RFWJ",
        "rating": "4.6",
        "totalReviews": "144",
        "subtitle": "MISSHA",
        "isPrimeEligible": "1"
    },
    {
        "ASIN": "B0BHDM5R1C",
        "title": "essence | Space Glow Color Changing Lipstick | pH Reactive Personalized Pink for all Skin Tones | Soft Tint & Subtle Shimmer Effect | Vegan & Cruelty Free | Gluten & Parabens",
        "price": "$4.99 ($4.99 / Count)",
        "listPrice": "",
        "imageUrl": "https://m.media-amazon.com/images/I/31lXMf+AjbL._SL160_.jpg",
        "detailPageURL": "https://www.amazon.com/dp/B0BHDM5R1C",
        "rating": "4.3",
        "totalReviews": "86",
        "subtitle": "essence cosmetics",
        "isPrimeEligible": "1"
    },
    {
        "ASIN": "B08YFD3WSG",
        "title": "essence | Glimmer GLOW Lipstick | pH Color Changing Technology | Subtle & Sheer Pink | Vegan & Cruelty Free | Free From Parabens, Gluten, Oil, Preservatives & Microplastic Particles",
        "price": "$3.99",
        "listPrice": "",
        "imageUrl": "https://m.media-amazon.com/images/I/31X5fob+d5L._SL160_.jpg",
        "detailPageURL": "https://www.amazon.com/dp/B08YFD3WSG",
        "rating": "4.0",
        "totalReviews": "4510",
        "subtitle": "essence cosmetics",
        "isPrimeEligible": "1"
    },
    {
        "ASIN": "B07ZMKXPMC",
        "title": "Essence: A Divine Dungeon Anthology",
        "price": "$4.99",
        "listPrice": "",
        "imageUrl": "https://m.media-amazon.com/images/I/51lRfzEE9lL._SL160_.jpg",
        "detailPageURL": "https://www.amazon.com/dp/B07ZMKXPMC",
        "rating": "4.5",
        "totalReviews": "267",
        "subtitle": "",
        "isPrimeEligible": "0"
    },
    {
        "ASIN": "B073HSLVK8",
        "title": "Essence",
        "price": "$1.99",
        "listPrice": "",
        "imageUrl": "https://m.media-amazon.com/images/I/01RmK+J4pJL._SL160_.gif",
        "detailPageURL": "https://www.amazon.com/dp/B073HSLVK8",
        "rating": "4.4",
        "totalReviews": "120",
        "subtitle": "",
        "isPrimeEligible": "0"
    },
    {
        "ASIN": "B0BQZ1RX1C",
        "title": "essence | 8h Matte Liquid Lipstick | Highly Pigmented with Smudge-proof Matte Finish | Vegan & Cruelty Free (Silky Hazelnut)",
        "price": "$4.99 ($62.38 / Fl Oz)",
        "listPrice": "",
        "imageUrl": "https://m.media-amazon.com/images/I/314QGNWmFfL._SL160_.jpg",
        "detailPageURL": "https://www.amazon.com/dp/B0BQZ1RX1C",
        "rating": "4.4",
        "totalReviews": "8",
        "subtitle": "essence cosmetics",
        "isPrimeEligible": "1"
    },
    {
        "ASIN": "B0BVTWXW51",
        "title": "Essence: Toda historia tiene dos caras (Spanish Edition)",
        "price": "$4.99",
        "listPrice": "",
        "imageUrl": "https://m.media-amazon.com/images/I/41g7QCqldoL._SL160_.jpg",
        "detailPageURL": "https://www.amazon.com/dp/B0BVTWXW51",
        "rating": "4.7",
        "totalReviews": "12",
        "subtitle": "",
        "isPrimeEligible": "0"
    },
    {
        "ASIN": "B07YN814J6",
        "title": "stay 8h waterproof lipliner",
        "price": "$5.74 ($5.74 / Count)",
        "listPrice": "",
        "imageUrl": "https://m.media-amazon.com/images/I/311c7FFxRdL._SL160_.jpg",
        "detailPageURL": "https://www.amazon.com/dp/B07YN814J6",
        "rating": "4.8",
        "totalReviews": "6",
        "subtitle": "Essence",
        "isPrimeEligible": "1"
    },
    {
        "ASIN": "B0CF7D8RVJ",
        "title": "Biore UV Aqua Rich Sunscreen Water Essence SPF50+ PA++++ 2.36floz(70g) ODE Twin Pack Bundle",
        "price": "$22.98 ($4.69 / Ounce)",
        "listPrice": "$30.00 ($6.12 / Ounce)",
        "imageUrl": "https://m.media-amazon.com/images/I/51njEBL0-8L._SL160_.jpg",
        "detailPageURL": "https://www.amazon.com/dp/B0CF7D8RVJ",
        "rating": "",
        "totalReviews": "",
        "subtitle": "ODE",
        "isPrimeEligible": "1"
    },
    {
        "ASIN": "B07TXJHYKB",
        "title": "essence | Lash Princess False Lash Waterproof Mascara | Vegan & Cruelty Free | Free From Parabens & Microplastic Particles (Pack of 1)",
        "price": "$11.15",
        "listPrice": "",
        "imageUrl": "https://m.media-amazon.com/images/I/31Rq405FaoL._SL160_.jpg",
        "detailPageURL": "https://www.amazon.com/dp/B07TXJHYKB",
        "rating": "4.4",
        "totalReviews": "62553",
        "subtitle": "Essence",
        "isPrimeEligible": "0"
    },
    {
        "ASIN": "B0BHDM5R1C",
        "title": "essence | Space Glow Color Changing Lipstick | pH Reactive Personalized Pink for all Skin Tones | Soft Tint & Subtle Shimmer Effect | Vegan & Cruelty Free | Gluten & Parabens",
        "price": "$4.99 ($4.99 / Count)",
        "listPrice": "",
        "imageUrl": "https://m.media-amazon.com/images/I/31lXMf+AjbL._SL160_.jpg",
        "detailPageURL": "https://www.amazon.com/dp/B0BHDM5R1C",
        "rating": "4.3",
        "totalReviews": "86",
        "subtitle": "essence cosmetics",
        "isPrimeEligible": "1"
    },
    {
        "ASIN": "B08YFD3WSG",
        "title": "essence | Glimmer GLOW Lipstick | pH Color Changing Technology | Subtle & Sheer Pink | Vegan & Cruelty Free | Free From Parabens, Gluten, Oil, Preservatives & Microplastic Particles",
        "price": "$3.99",
        "listPrice": "",
        "imageUrl": "https://m.media-amazon.com/images/I/31X5fob+d5L._SL160_.jpg",
        "detailPageURL": "https://www.amazon.com/dp/B08YFD3WSG",
        "rating": "4.0",
        "totalReviews": "4510",
        "subtitle": "essence cosmetics",
        "isPrimeEligible": "1"
    },
    {
        "ASIN": "B07ZMKXPMC",
        "title": "Essence: A Divine Dungeon Anthology",
        "price": "$4.99",
        "listPrice": "",
        "imageUrl": "https://m.media-amazon.com/images/I/51lRfzEE9lL._SL160_.jpg",
        "detailPageURL": "https://www.amazon.com/dp/B07ZMKXPMC",
        "rating": "4.5",
        "totalReviews": "267",
        "subtitle": "",
        "isPrimeEligible": "0"
    },
    {
        "ASIN": "B073HSLVK8",
        "title": "Essence",
        "price": "$1.99",
        "listPrice": "",
        "imageUrl": "https://m.media-amazon.com/images/I/01RmK+J4pJL._SL160_.gif",
        "detailPageURL": "https://www.amazon.com/dp/B073HSLVK8",
        "rating": "4.4",
        "totalReviews": "120",
        "subtitle": "",
        "isPrimeEligible": "0"
    },
    {
        "ASIN": "B0BQZ1RX1C",
        "title": "essence | 8h Matte Liquid Lipstick | Highly Pigmented with Smudge-proof Matte Finish | Vegan & Cruelty Free (Silky Hazelnut)",
        "price": "$4.99 ($62.38 / Fl Oz)",
        "listPrice": "",
        "imageUrl": "https://m.media-amazon.com/images/I/314QGNWmFfL._SL160_.jpg",
        "detailPageURL": "https://www.amazon.com/dp/B0BQZ1RX1C",
        "rating": "4.4",
        "totalReviews": "8",
        "subtitle": "essence cosmetics",
        "isPrimeEligible": "1"
    },
    {
        "ASIN": "B0BVTWXW51",
        "title": "Essence: Toda historia tiene dos caras (Spanish Edition)",
        "price": "$4.99",
        "listPrice": "",
        "imageUrl": "https://m.media-amazon.com/images/I/41g7QCqldoL._SL160_.jpg",
        "detailPageURL": "https://www.amazon.com/dp/B0BVTWXW51",
        "rating": "4.7",
        "totalReviews": "12",
        "subtitle": "",
        "isPrimeEligible": "0"
    },
    {
        "ASIN": "B07YN814J6",
        "title": "stay 8h waterproof lipliner",
        "price": "$5.74 ($5.74 / Count)",
        "listPrice": "",
        "imageUrl": "https://m.media-amazon.com/images/I/311c7FFxRdL._SL160_.jpg",
        "detailPageURL": "https://www.amazon.com/dp/B07YN814J6",
        "rating": "4.8",
        "totalReviews": "6",
        "subtitle": "Essence",
        "isPrimeEligible": "1"
    },
    {
        "ASIN": "B0CF7D8RVJ",
        "title": "Biore UV Aqua Rich Sunscreen Water Essence SPF50+ PA++++ 2.36floz(70g) ODE Twin Pack Bundle",
        "price": "$22.98 ($4.69 / Ounce)",
        "listPrice": "$30.00 ($6.12 / Ounce)",
        "imageUrl": "https://m.media-amazon.com/images/I/51njEBL0-8L._SL160_.jpg",
        "detailPageURL": "https://www.amazon.com/dp/B0CF7D8RVJ",
        "rating": "",
        "totalReviews": "",
        "subtitle": "ODE",
        "isPrimeEligible": "1"
    },
    {
        "ASIN": "B07TXJHYKB",
        "title": "essence | Lash Princess False Lash Waterproof Mascara | Vegan & Cruelty Free | Free From Parabens & Microplastic Particles (Pack of 1)",
        "price": "$11.15",
        "listPrice": "",
        "imageUrl": "https://m.media-amazon.com/images/I/31Rq405FaoL._SL160_.jpg",
        "detailPageURL": "https://www.amazon.com/dp/B07TXJHYKB",
        "rating": "4.4",
        "totalReviews": "62553",
        "subtitle": "Essence",
        "isPrimeEligible": "0"
    },
    {
        "ASIN": "B09DHSBDQJ",
        "title": "essence | Baby Got Brow! Eyebrow Pencil | Long Lasting & Waterproof with Spoolie | Vegan, Cruelty Free, Formulated without Parabens, Preservatives & Oils (20 | Brunette)",
        "price": "$4.99 ($4.99 / Count)",
        "listPrice": "",
        "imageUrl": "https://m.media-amazon.com/images/I/21DVA3c0kzL._SL160_.jpg",
        "detailPageURL": "https://www.amazon.com/dp/B09DHSBDQJ",
        "rating": "4.4",
        "totalReviews": "437",
        "subtitle": "essence cosmetics",
        "isPrimeEligible": "1"
    },
    {
        "ASIN": "B08YFD3WSG",
        "title": "essence | Glimmer GLOW Lipstick | pH Color Changing Technology | Subtle & Sheer Pink | Vegan & Cruelty Free | Free From Parabens, Gluten, Oil, Preservatives & Microplastic Particles",
        "price": "$3.99",
        "listPrice": "",
        "imageUrl": "https://m.media-amazon.com/images/I/31X5fob+d5L._SL160_.jpg",
        "detailPageURL": "https://www.amazon.com/dp/B08YFD3WSG",
        "rating": "4.0",
        "totalReviews": "4510",
        "subtitle": "essence cosmetics",
        "isPrimeEligible": "1"
    },
    {
        "ASIN": "B07ZMKXPMC",
        "title": "Essence: A Divine Dungeon Anthology",
        "price": "$4.99",
        "listPrice": "",
        "imageUrl": "https://m.media-amazon.com/images/I/51lRfzEE9lL._SL160_.jpg",
        "detailPageURL": "https://www.amazon.com/dp/B07ZMKXPMC",
        "rating": "4.5",
        "totalReviews": "267",
        "subtitle": "",
        "isPrimeEligible": "0"
    },
    {
        "ASIN": "B073HSLVK8",
        "title": "Essence",
        "price": "$1.99",
        "listPrice": "",
        "imageUrl": "https://m.media-amazon.com/images/I/01RmK+J4pJL._SL160_.gif",
        "detailPageURL": "https://www.amazon.com/dp/B073HSLVK8",
        "rating": "4.4",
        "totalReviews": "120",
        "subtitle": "",
        "isPrimeEligible": "0"
    },
    {
        "ASIN": "B0BQZ1RX1C",
        "title": "essence | 8h Matte Liquid Lipstick | Highly Pigmented with Smudge-proof Matte Finish | Vegan & Cruelty Free (Silky Hazelnut)",
        "price": "$4.99 ($62.38 / Fl Oz)",
        "listPrice": "",
        "imageUrl": "https://m.media-amazon.com/images/I/314QGNWmFfL._SL160_.jpg",
        "detailPageURL": "https://www.amazon.com/dp/B0BQZ1RX1C",
        "rating": "4.4",
        "totalReviews": "8",
        "subtitle": "essence cosmetics",
        "isPrimeEligible": "1"
    },
    {
        "ASIN": "B0BVTWXW51",
        "title": "Essence: Toda historia tiene dos caras (Spanish Edition)",
        "price": "$4.99",
        "listPrice": "",
        "imageUrl": "https://m.media-amazon.com/images/I/41g7QCqldoL._SL160_.jpg",
        "detailPageURL": "https://www.amazon.com/dp/B0BVTWXW51",
        "rating": "4.7",
        "totalReviews": "12",
        "subtitle": "",
        "isPrimeEligible": "0"
    },
    {
        "ASIN": "B07YN814J6",
        "title": "stay 8h waterproof lipliner",
        "price": "$5.74 ($5.74 / Count)",
        "listPrice": "",
        "imageUrl": "https://m.media-amazon.com/images/I/311c7FFxRdL._SL160_.jpg",
        "detailPageURL": "https://www.amazon.com/dp/B07YN814J6",
        "rating": "4.8",
        "totalReviews": "6",
        "subtitle": "Essence",
        "isPrimeEligible": "1"
    },
    {
        "ASIN": "B0CF7D8RVJ",
        "title": "Biore UV Aqua Rich Sunscreen Water Essence SPF50+ PA++++ 2.36floz(70g) ODE Twin Pack Bundle",
        "price": "$22.98 ($4.69 / Ounce)",
        "listPrice": "$30.00 ($6.12 / Ounce)",
        "imageUrl": "https://m.media-amazon.com/images/I/51njEBL0-8L._SL160_.jpg",
        "detailPageURL": "https://www.amazon.com/dp/B0CF7D8RVJ",
        "rating": "",
        "totalReviews": "",
        "subtitle": "ODE",
        "isPrimeEligible": "1"
    },
    {
        "ASIN": "B07TXJHYKB",
        "title": "essence | Lash Princess False Lash Waterproof Mascara | Vegan & Cruelty Free | Free From Parabens & Microplastic Particles (Pack of 1)",
        "price": "$11.15",
        "listPrice": "",
        "imageUrl": "https://m.media-amazon.com/images/I/31Rq405FaoL._SL160_.jpg",
        "detailPageURL": "https://www.amazon.com/dp/B07TXJHYKB",
        "rating": "4.4",
        "totalReviews": "62553",
        "subtitle": "Essence",
        "isPrimeEligible": "0"
    },
    {
        "ASIN": "B09DHSBDQJ",
        "title": "essence | Baby Got Brow! Eyebrow Pencil | Long Lasting & Waterproof with Spoolie | Vegan, Cruelty Free, Formulated without Parabens, Preservatives & Oils (20 | Brunette)",
        "price": "$4.99 ($4.99 / Count)",
        "listPrice": "",
        "imageUrl": "https://m.media-amazon.com/images/I/21DVA3c0kzL._SL160_.jpg",
        "detailPageURL": "https://www.amazon.com/dp/B09DHSBDQJ",
        "rating": "4.4",
        "totalReviews": "437",
        "subtitle": "essence cosmetics",
        "isPrimeEligible": "1"
    },
    {
        "ASIN": "B073P7CC78",
        "title": "SECRET KEY Starting Treatment Essence 5.24 fl.oz. (155ml) - Galactomyces Contained Antioxidant Moisturizing Boosting First Skin Care Step Essece, Nourushing and Anti-Aging Care with Enzyme",
        "price": "$20.90 ($3.99 / Fl Oz)",
        "listPrice": "",
        "imageUrl": "https://m.media-amazon.com/images/I/31Ojul7nXWL._SL160_.jpg",
        "detailPageURL": "https://www.amazon.com/dp/B073P7CC78",
        "rating": "4.4",
        "totalReviews": "1195",
        "subtitle": "Secret Key",
        "isPrimeEligible": "0"
    },
    {
        "ASIN": "B07ZMKXPMC",
        "title": "Essence: A Divine Dungeon Anthology",
        "price": "$4.99",
        "listPrice": "",
        "imageUrl": "https://m.media-amazon.com/images/I/51lRfzEE9lL._SL160_.jpg",
        "detailPageURL": "https://www.amazon.com/dp/B07ZMKXPMC",
        "rating": "4.5",
        "totalReviews": "267",
        "subtitle": "",
        "isPrimeEligible": "0"
    },
    {
        "ASIN": "B073HSLVK8",
        "title": "Essence",
        "price": "$1.99",
        "listPrice": "",
        "imageUrl": "https://m.media-amazon.com/images/I/01RmK+J4pJL._SL160_.gif",
        "detailPageURL": "https://www.amazon.com/dp/B073HSLVK8",
        "rating": "4.4",
        "totalReviews": "120",
        "subtitle": "",
        "isPrimeEligible": "0"
    },
    {
        "ASIN": "B0BQZ1RX1C",
        "title": "essence | 8h Matte Liquid Lipstick | Highly Pigmented with Smudge-proof Matte Finish | Vegan & Cruelty Free (Silky Hazelnut)",
        "price": "$4.99 ($62.38 / Fl Oz)",
        "listPrice": "",
        "imageUrl": "https://m.media-amazon.com/images/I/314QGNWmFfL._SL160_.jpg",
        "detailPageURL": "https://www.amazon.com/dp/B0BQZ1RX1C",
        "rating": "4.4",
        "totalReviews": "8",
        "subtitle": "essence cosmetics",
        "isPrimeEligible": "1"
    },
    {
        "ASIN": "B0BVTWXW51",
        "title": "Essence: Toda historia tiene dos caras (Spanish Edition)",
        "price": "$4.99",
        "listPrice": "",
        "imageUrl": "https://m.media-amazon.com/images/I/41g7QCqldoL._SL160_.jpg",
        "detailPageURL": "https://www.amazon.com/dp/B0BVTWXW51",
        "rating": "4.7",
        "totalReviews": "12",
        "subtitle": "",
        "isPrimeEligible": "0"
    },
    {
        "ASIN": "B07YN814J6",
        "title": "stay 8h waterproof lipliner",
        "price": "$5.74 ($5.74 / Count)",
        "listPrice": "",
        "imageUrl": "https://m.media-amazon.com/images/I/311c7FFxRdL._SL160_.jpg",
        "detailPageURL": "https://www.amazon.com/dp/B07YN814J6",
        "rating": "4.8",
        "totalReviews": "6",
        "subtitle": "Essence",
        "isPrimeEligible": "1"
    },
    {
        "ASIN": "B0CF7D8RVJ",
        "title": "Biore UV Aqua Rich Sunscreen Water Essence SPF50+ PA++++ 2.36floz(70g) ODE Twin Pack Bundle",
        "price": "$22.98 ($4.69 / Ounce)",
        "listPrice": "$30.00 ($6.12 / Ounce)",
        "imageUrl": "https://m.media-amazon.com/images/I/51njEBL0-8L._SL160_.jpg",
        "detailPageURL": "https://www.amazon.com/dp/B0CF7D8RVJ",
        "rating": "",
        "totalReviews": "",
        "subtitle": "ODE",
        "isPrimeEligible": "1"
    },
    {
        "ASIN": "B07TXJHYKB",
        "title": "essence | Lash Princess False Lash Waterproof Mascara | Vegan & Cruelty Free | Free From Parabens & Microplastic Particles (Pack of 1)",
        "price": "$11.15",
        "listPrice": "",
        "imageUrl": "https://m.media-amazon.com/images/I/31Rq405FaoL._SL160_.jpg",
        "detailPageURL": "https://www.amazon.com/dp/B07TXJHYKB",
        "rating": "4.4",
        "totalReviews": "62553",
        "subtitle": "Essence",
        "isPrimeEligible": "0"
    },
    {
        "ASIN": "B09DHSBDQJ",
        "title": "essence | Baby Got Brow! Eyebrow Pencil | Long Lasting & Waterproof with Spoolie | Vegan, Cruelty Free, Formulated without Parabens, Preservatives & Oils (20 | Brunette)",
        "price": "$4.99 ($4.99 / Count)",
        "listPrice": "",
        "imageUrl": "https://m.media-amazon.com/images/I/21DVA3c0kzL._SL160_.jpg",
        "detailPageURL": "https://www.amazon.com/dp/B09DHSBDQJ",
        "rating": "4.4",
        "totalReviews": "437",
        "subtitle": "essence cosmetics",
        "isPrimeEligible": "1"
    },
    {
        "ASIN": "B073P7CC78",
        "title": "SECRET KEY Starting Treatment Essence 5.24 fl.oz. (155ml) - Galactomyces Contained Antioxidant Moisturizing Boosting First Skin Care Step Essece, Nourushing and Anti-Aging Care with Enzyme",
        "price": "$20.90 ($3.99 / Fl Oz)",
        "listPrice": "",
        "imageUrl": "https://m.media-amazon.com/images/I/31Ojul7nXWL._SL160_.jpg",
        "detailPageURL": "https://www.amazon.com/dp/B073P7CC78",
        "rating": "4.4",
        "totalReviews": "1195",
        "subtitle": "Secret Key",
        "isPrimeEligible": "0"
    },
    {
        "ASIN": "B0C9SM8SRM",
        "title": "essence | Heart Core Fruity Lip Balm Set | 4 Lip Balms for Soft, Hydrated Lips | Limited Edition Colors | Vegan & Cruelty Free",
        "price": "$10.99 ($26.17 / Ounce)",
        "listPrice": "",
        "imageUrl": "https://m.media-amazon.com/images/I/41LSFR+pLSL._SL160_.jpg",
        "detailPageURL": "https://www.amazon.com/dp/B0C9SM8SRM",
        "rating": "1.0",
        "totalReviews": "1",
        "subtitle": "essence cosmetics",
        "isPrimeEligible": "1"
    },
    {
        "ASIN": "B073HSLVK8",
        "title": "Essence",
        "price": "$1.99",
        "listPrice": "",
        "imageUrl": "https://m.media-amazon.com/images/I/01RmK+J4pJL._SL160_.gif",
        "detailPageURL": "https://www.amazon.com/dp/B073HSLVK8",
        "rating": "4.4",
        "totalReviews": "120",
        "subtitle": "",
        "isPrimeEligible": "0"
    },
    {
        "ASIN": "B0BQZ1RX1C",
        "title": "essence | 8h Matte Liquid Lipstick | Highly Pigmented with Smudge-proof Matte Finish | Vegan & Cruelty Free (Silky Hazelnut)",
        "price": "$4.99 ($62.38 / Fl Oz)",
        "listPrice": "",
        "imageUrl": "https://m.media-amazon.com/images/I/314QGNWmFfL._SL160_.jpg",
        "detailPageURL": "https://www.amazon.com/dp/B0BQZ1RX1C",
        "rating": "4.4",
        "totalReviews": "8",
        "subtitle": "essence cosmetics",
        "isPrimeEligible": "1"
    },
    {
        "ASIN": "B0BVTWXW51",
        "title": "Essence: Toda historia tiene dos caras (Spanish Edition)",
        "price": "$4.99",
        "listPrice": "",
        "imageUrl": "https://m.media-amazon.com/images/I/41g7QCqldoL._SL160_.jpg",
        "detailPageURL": "https://www.amazon.com/dp/B0BVTWXW51",
        "rating": "4.7",
        "totalReviews": "12",
        "subtitle": "",
        "isPrimeEligible": "0"
    },
    {
        "ASIN": "B07YN814J6",
        "title": "stay 8h waterproof lipliner",
        "price": "$5.74 ($5.74 / Count)",
        "listPrice": "",
        "imageUrl": "https://m.media-amazon.com/images/I/311c7FFxRdL._SL160_.jpg",
        "detailPageURL": "https://www.amazon.com/dp/B07YN814J6",
        "rating": "4.8",
        "totalReviews": "6",
        "subtitle": "Essence",
        "isPrimeEligible": "1"
    },
    {
        "ASIN": "B0CF7D8RVJ",
        "title": "Biore UV Aqua Rich Sunscreen Water Essence SPF50+ PA++++ 2.36floz(70g) ODE Twin Pack Bundle",
        "price": "$22.98 ($4.69 / Ounce)",
        "listPrice": "$30.00 ($6.12 / Ounce)",
        "imageUrl": "https://m.media-amazon.com/images/I/51njEBL0-8L._SL160_.jpg",
        "detailPageURL": "https://www.amazon.com/dp/B0CF7D8RVJ",
        "rating": "",
        "totalReviews": "",
        "subtitle": "ODE",
        "isPrimeEligible": "1"
    },
    {
        "ASIN": "B07TXJHYKB",
        "title": "essence | Lash Princess False Lash Waterproof Mascara | Vegan & Cruelty Free | Free From Parabens & Microplastic Particles (Pack of 1)",
        "price": "$11.15",
        "listPrice": "",
        "imageUrl": "https://m.media-amazon.com/images/I/31Rq405FaoL._SL160_.jpg",
        "detailPageURL": "https://www.amazon.com/dp/B07TXJHYKB",
        "rating": "4.4",
        "totalReviews": "62553",
        "subtitle": "Essence",
        "isPrimeEligible": "0"
    },
    {
        "ASIN": "B09DHSBDQJ",
        "title": "essence | Baby Got Brow! Eyebrow Pencil | Long Lasting & Waterproof with Spoolie | Vegan, Cruelty Free, Formulated without Parabens, Preservatives & Oils (20 | Brunette)",
        "price": "$4.99 ($4.99 / Count)",
        "listPrice": "",
        "imageUrl": "https://m.media-amazon.com/images/I/21DVA3c0kzL._SL160_.jpg",
        "detailPageURL": "https://www.amazon.com/dp/B09DHSBDQJ",
        "rating": "4.4",
        "totalReviews": "437",
        "subtitle": "essence cosmetics",
        "isPrimeEligible": "1"
    },
    {
        "ASIN": "B073P7CC78",
        "title": "SECRET KEY Starting Treatment Essence 5.24 fl.oz. (155ml) - Galactomyces Contained Antioxidant Moisturizing Boosting First Skin Care Step Essece, Nourushing and Anti-Aging Care with Enzyme",
        "price": "$20.90 ($3.99 / Fl Oz)",
        "listPrice": "",
        "imageUrl": "https://m.media-amazon.com/images/I/31Ojul7nXWL._SL160_.jpg",
        "detailPageURL": "https://www.amazon.com/dp/B073P7CC78",
        "rating": "4.4",
        "totalReviews": "1195",
        "subtitle": "Secret Key",
        "isPrimeEligible": "0"
    },
    {
        "ASIN": "B0C9SM8SRM",
        "title": "essence | Heart Core Fruity Lip Balm Set | 4 Lip Balms for Soft, Hydrated Lips | Limited Edition Colors | Vegan & Cruelty Free",
        "price": "$10.99 ($26.17 / Ounce)",
        "listPrice": "",
        "imageUrl": "https://m.media-amazon.com/images/I/41LSFR+pLSL._SL160_.jpg",
        "detailPageURL": "https://www.amazon.com/dp/B0C9SM8SRM",
        "rating": "1.0",
        "totalReviews": "1",
        "subtitle": "essence cosmetics",
        "isPrimeEligible": "1"
    },
    {
        "ASIN": "B09V1DLZ2P",
        "title": "essence | Lash Princess Eyeliner Pen | Vegan & Cruelty Free (Black - Waterproof)",
        "price": "$4.99 ($4.99 / Count)",
        "listPrice": "",
        "imageUrl": "https://m.media-amazon.com/images/I/31zsWB8ezIL._SL160_.jpg",
        "detailPageURL": "https://www.amazon.com/dp/B09V1DLZ2P",
        "rating": "3.8",
        "totalReviews": "1717",
        "subtitle": "essence cosmetics",
        "isPrimeEligible": "1"
    },
    {
        "ASIN": "B0BQZ1RX1C",
        "title": "essence | 8h Matte Liquid Lipstick | Highly Pigmented with Smudge-proof Matte Finish | Vegan & Cruelty Free (Silky Hazelnut)",
        "price": "$4.99 ($62.38 / Fl Oz)",
        "listPrice": "",
        "imageUrl": "https://m.media-amazon.com/images/I/314QGNWmFfL._SL160_.jpg",
        "detailPageURL": "https://www.amazon.com/dp/B0BQZ1RX1C",
        "rating": "4.4",
        "totalReviews": "8",
        "subtitle": "essence cosmetics",
        "isPrimeEligible": "1"
    },
    {
        "ASIN": "B0BVTWXW51",
        "title": "Essence: Toda historia tiene dos caras (Spanish Edition)",
        "price": "$4.99",
        "listPrice": "",
        "imageUrl": "https://m.media-amazon.com/images/I/41g7QCqldoL._SL160_.jpg",
        "detailPageURL": "https://www.amazon.com/dp/B0BVTWXW51",
        "rating": "4.7",
        "totalReviews": "12",
        "subtitle": "",
        "isPrimeEligible": "0"
    },
    {
        "ASIN": "B07YN814J6",
        "title": "stay 8h waterproof lipliner",
        "price": "$5.74 ($5.74 / Count)",
        "listPrice": "",
        "imageUrl": "https://m.media-amazon.com/images/I/311c7FFxRdL._SL160_.jpg",
        "detailPageURL": "https://www.amazon.com/dp/B07YN814J6",
        "rating": "4.8",
        "totalReviews": "6",
        "subtitle": "Essence",
        "isPrimeEligible": "1"
    },
    {
        "ASIN": "B0CF7D8RVJ",
        "title": "Biore UV Aqua Rich Sunscreen Water Essence SPF50+ PA++++ 2.36floz(70g) ODE Twin Pack Bundle",
        "price": "$22.98 ($4.69 / Ounce)",
        "listPrice": "$30.00 ($6.12 / Ounce)",
        "imageUrl": "https://m.media-amazon.com/images/I/51njEBL0-8L._SL160_.jpg",
        "detailPageURL": "https://www.amazon.com/dp/B0CF7D8RVJ",
        "rating": "",
        "totalReviews": "",
        "subtitle": "ODE",
        "isPrimeEligible": "1"
    },
    {
        "ASIN": "B07TXJHYKB",
        "title": "essence | Lash Princess False Lash Waterproof Mascara | Vegan & Cruelty Free | Free From Parabens & Microplastic Particles (Pack of 1)",
        "price": "$11.15",
        "listPrice": "",
        "imageUrl": "https://m.media-amazon.com/images/I/31Rq405FaoL._SL160_.jpg",
        "detailPageURL": "https://www.amazon.com/dp/B07TXJHYKB",
        "rating": "4.4",
        "totalReviews": "62553",
        "subtitle": "Essence",
        "isPrimeEligible": "0"
    },
    {
        "ASIN": "B09DHSBDQJ",
        "title": "essence | Baby Got Brow! Eyebrow Pencil | Long Lasting & Waterproof with Spoolie | Vegan, Cruelty Free, Formulated without Parabens, Preservatives & Oils (20 | Brunette)",
        "price": "$4.99 ($4.99 / Count)",
        "listPrice": "",
        "imageUrl": "https://m.media-amazon.com/images/I/21DVA3c0kzL._SL160_.jpg",
        "detailPageURL": "https://www.amazon.com/dp/B09DHSBDQJ",
        "rating": "4.4",
        "totalReviews": "437",
        "subtitle": "essence cosmetics",
        "isPrimeEligible": "1"
    },
    {
        "ASIN": "B073P7CC78",
        "title": "SECRET KEY Starting Treatment Essence 5.24 fl.oz. (155ml) - Galactomyces Contained Antioxidant Moisturizing Boosting First Skin Care Step Essece, Nourushing and Anti-Aging Care with Enzyme",
        "price": "$20.90 ($3.99 / Fl Oz)",
        "listPrice": "",
        "imageUrl": "https://m.media-amazon.com/images/I/31Ojul7nXWL._SL160_.jpg",
        "detailPageURL": "https://www.amazon.com/dp/B073P7CC78",
        "rating": "4.4",
        "totalReviews": "1195",
        "subtitle": "Secret Key",
        "isPrimeEligible": "0"
    },
    {
        "ASIN": "B0C9SM8SRM",
        "title": "essence | Heart Core Fruity Lip Balm Set | 4 Lip Balms for Soft, Hydrated Lips | Limited Edition Colors | Vegan & Cruelty Free",
        "price": "$10.99 ($26.17 / Ounce)",
        "listPrice": "",
        "imageUrl": "https://m.media-amazon.com/images/I/41LSFR+pLSL._SL160_.jpg",
        "detailPageURL": "https://www.amazon.com/dp/B0C9SM8SRM",
        "rating": "1.0",
        "totalReviews": "1",
        "subtitle": "essence cosmetics",
        "isPrimeEligible": "1"
    },
    {
        "ASIN": "B09V1DLZ2P",
        "title": "essence | Lash Princess Eyeliner Pen | Vegan & Cruelty Free (Black - Waterproof)",
        "price": "$4.99 ($4.99 / Count)",
        "listPrice": "",
        "imageUrl": "https://m.media-amazon.com/images/I/31zsWB8ezIL._SL160_.jpg",
        "detailPageURL": "https://www.amazon.com/dp/B09V1DLZ2P",
        "rating": "3.8",
        "totalReviews": "1717",
        "subtitle": "essence cosmetics",
        "isPrimeEligible": "1"
    },
    {
        "ASIN": "B09R83Z7PS",
        "title": "essence | Extreme Care Hydrating Glossy Lip Balm | Made with Hyaluronic Acid, Shea Butter & Vegan Collagen | Free From Gluten, Parabens, Preservatives, & Microplastic Particles | Vegan & Cruelty Free (01 | Baby Rose)",
        "price": "$4.99 ($4.99 / Count)",
        "listPrice": "",
        "imageUrl": "https://m.media-amazon.com/images/I/31tC9floqUL._SL160_.jpg",
        "detailPageURL": "https://www.amazon.com/dp/B09R83Z7PS",
        "rating": "3.9",
        "totalReviews": "82",
        "subtitle": "essence cosmetics",
        "isPrimeEligible": "1"
    },
    {
        "ASIN": "B0BVTWXW51",
        "title": "Essence: Toda historia tiene dos caras (Spanish Edition)",
        "price": "$4.99",
        "listPrice": "",
        "imageUrl": "https://m.media-amazon.com/images/I/41g7QCqldoL._SL160_.jpg",
        "detailPageURL": "https://www.amazon.com/dp/B0BVTWXW51",
        "rating": "4.7",
        "totalReviews": "12",
        "subtitle": "",
        "isPrimeEligible": "0"
    },
    {
        "ASIN": "B07YN814J6",
        "title": "stay 8h waterproof lipliner",
        "price": "$5.74 ($5.74 / Count)",
        "listPrice": "",
        "imageUrl": "https://m.media-amazon.com/images/I/311c7FFxRdL._SL160_.jpg",
        "detailPageURL": "https://www.amazon.com/dp/B07YN814J6",
        "rating": "4.8",
        "totalReviews": "6",
        "subtitle": "Essence",
        "isPrimeEligible": "1"
    },
    {
        "ASIN": "B0CF7D8RVJ",
        "title": "Biore UV Aqua Rich Sunscreen Water Essence SPF50+ PA++++ 2.36floz(70g) ODE Twin Pack Bundle",
        "price": "$22.98 ($4.69 / Ounce)",
        "listPrice": "$30.00 ($6.12 / Ounce)",
        "imageUrl": "https://m.media-amazon.com/images/I/51njEBL0-8L._SL160_.jpg",
        "detailPageURL": "https://www.amazon.com/dp/B0CF7D8RVJ",
        "rating": "",
        "totalReviews": "",
        "subtitle": "ODE",
        "isPrimeEligible": "1"
    },
    {
        "ASIN": "B07TXJHYKB",
        "title": "essence | Lash Princess False Lash Waterproof Mascara | Vegan & Cruelty Free | Free From Parabens & Microplastic Particles (Pack of 1)",
        "price": "$11.15",
        "listPrice": "",
        "imageUrl": "https://m.media-amazon.com/images/I/31Rq405FaoL._SL160_.jpg",
        "detailPageURL": "https://www.amazon.com/dp/B07TXJHYKB",
        "rating": "4.4",
        "totalReviews": "62553",
        "subtitle": "Essence",
        "isPrimeEligible": "0"
    },
    {
        "ASIN": "B09DHSBDQJ",
        "title": "essence | Baby Got Brow! Eyebrow Pencil | Long Lasting & Waterproof with Spoolie | Vegan, Cruelty Free, Formulated without Parabens, Preservatives & Oils (20 | Brunette)",
        "price": "$4.99 ($4.99 / Count)",
        "listPrice": "",
        "imageUrl": "https://m.media-amazon.com/images/I/21DVA3c0kzL._SL160_.jpg",
        "detailPageURL": "https://www.amazon.com/dp/B09DHSBDQJ",
        "rating": "4.4",
        "totalReviews": "437",
        "subtitle": "essence cosmetics",
        "isPrimeEligible": "1"
    },
    {
        "ASIN": "B073P7CC78",
        "title": "SECRET KEY Starting Treatment Essence 5.24 fl.oz. (155ml) - Galactomyces Contained Antioxidant Moisturizing Boosting First Skin Care Step Essece, Nourushing and Anti-Aging Care with Enzyme",
        "price": "$20.90 ($3.99 / Fl Oz)",
        "listPrice": "",
        "imageUrl": "https://m.media-amazon.com/images/I/31Ojul7nXWL._SL160_.jpg",
        "detailPageURL": "https://www.amazon.com/dp/B073P7CC78",
        "rating": "4.4",
        "totalReviews": "1195",
        "subtitle": "Secret Key",
        "isPrimeEligible": "0"
    },
    {
        "ASIN": "B0C9SM8SRM",
        "title": "essence | Heart Core Fruity Lip Balm Set | 4 Lip Balms for Soft, Hydrated Lips | Limited Edition Colors | Vegan & Cruelty Free",
        "price": "$10.99 ($26.17 / Ounce)",
        "listPrice": "",
        "imageUrl": "https://m.media-amazon.com/images/I/41LSFR+pLSL._SL160_.jpg",
        "detailPageURL": "https://www.amazon.com/dp/B0C9SM8SRM",
        "rating": "1.0",
        "totalReviews": "1",
        "subtitle": "essence cosmetics",
        "isPrimeEligible": "1"
    },
    {
        "ASIN": "B09V1DLZ2P",
        "title": "essence | Lash Princess Eyeliner Pen | Vegan & Cruelty Free (Black - Waterproof)",
        "price": "$4.99 ($4.99 / Count)",
        "listPrice": "",
        "imageUrl": "https://m.media-amazon.com/images/I/31zsWB8ezIL._SL160_.jpg",
        "detailPageURL": "https://www.amazon.com/dp/B09V1DLZ2P",
        "rating": "3.8",
        "totalReviews": "1717",
        "subtitle": "essence cosmetics",
        "isPrimeEligible": "1"
    },
    {
        "ASIN": "B09R83Z7PS",
        "title": "essence | Extreme Care Hydrating Glossy Lip Balm | Made with Hyaluronic Acid, Shea Butter & Vegan Collagen | Free From Gluten, Parabens, Preservatives, & Microplastic Particles | Vegan & Cruelty Free (01 | Baby Rose)",
        "price": "$4.99 ($4.99 / Count)",
        "listPrice": "",
        "imageUrl": "https://m.media-amazon.com/images/I/31tC9floqUL._SL160_.jpg",
        "detailPageURL": "https://www.amazon.com/dp/B09R83Z7PS",
        "rating": "3.9",
        "totalReviews": "82",
        "subtitle": "essence cosmetics",
        "isPrimeEligible": "1"
    },
    {
        "ASIN": "B09V1BZ16P",
        "title": "essence | Lash Princess Eyeliner Pen | Vegan & Cruelty Free (Brown)",
        "price": "$4.99 ($4.99 / Count)",
        "listPrice": "",
        "imageUrl": "https://m.media-amazon.com/images/I/311mHa2fjQL._SL160_.jpg",
        "detailPageURL": "https://www.amazon.com/dp/B09V1BZ16P",
        "rating": "3.6",
        "totalReviews": "1572",
        "subtitle": "essence cosmetics",
        "isPrimeEligible": "1"
    },
    {
        "ASIN": "B07YN814J6",
        "title": "stay 8h waterproof lipliner",
        "price": "$5.74 ($5.74 / Count)",
        "listPrice": "",
        "imageUrl": "https://m.media-amazon.com/images/I/311c7FFxRdL._SL160_.jpg",
        "detailPageURL": "https://www.amazon.com/dp/B07YN814J6",
        "rating": "4.8",
        "totalReviews": "6",
        "subtitle": "Essence",
        "isPrimeEligible": "1"
    },
    {
        "ASIN": "B0CF7D8RVJ",
        "title": "Biore UV Aqua Rich Sunscreen Water Essence SPF50+ PA++++ 2.36floz(70g) ODE Twin Pack Bundle",
        "price": "$22.98 ($4.69 / Ounce)",
        "listPrice": "$30.00 ($6.12 / Ounce)",
        "imageUrl": "https://m.media-amazon.com/images/I/51njEBL0-8L._SL160_.jpg",
        "detailPageURL": "https://www.amazon.com/dp/B0CF7D8RVJ",
        "rating": "",
        "totalReviews": "",
        "subtitle": "ODE",
        "isPrimeEligible": "1"
    },
    {
        "ASIN": "B07TXJHYKB",
        "title": "essence | Lash Princess False Lash Waterproof Mascara | Vegan & Cruelty Free | Free From Parabens & Microplastic Particles (Pack of 1)",
        "price": "$11.15",
        "listPrice": "",
        "imageUrl": "https://m.media-amazon.com/images/I/31Rq405FaoL._SL160_.jpg",
        "detailPageURL": "https://www.amazon.com/dp/B07TXJHYKB",
        "rating": "4.4",
        "totalReviews": "62553",
        "subtitle": "Essence",
        "isPrimeEligible": "0"
    },
    {
        "ASIN": "B09DHSBDQJ",
        "title": "essence | Baby Got Brow! Eyebrow Pencil | Long Lasting & Waterproof with Spoolie | Vegan, Cruelty Free, Formulated without Parabens, Preservatives & Oils (20 | Brunette)",
        "price": "$4.99 ($4.99 / Count)",
        "listPrice": "",
        "imageUrl": "https://m.media-amazon.com/images/I/21DVA3c0kzL._SL160_.jpg",
        "detailPageURL": "https://www.amazon.com/dp/B09DHSBDQJ",
        "rating": "4.4",
        "totalReviews": "437",
        "subtitle": "essence cosmetics",
        "isPrimeEligible": "1"
    },
    {
        "ASIN": "B073P7CC78",
        "title": "SECRET KEY Starting Treatment Essence 5.24 fl.oz. (155ml) - Galactomyces Contained Antioxidant Moisturizing Boosting First Skin Care Step Essece, Nourushing and Anti-Aging Care with Enzyme",
        "price": "$20.90 ($3.99 / Fl Oz)",
        "listPrice": "",
        "imageUrl": "https://m.media-amazon.com/images/I/31Ojul7nXWL._SL160_.jpg",
        "detailPageURL": "https://www.amazon.com/dp/B073P7CC78",
        "rating": "4.4",
        "totalReviews": "1195",
        "subtitle": "Secret Key",
        "isPrimeEligible": "0"
    },
    {
        "ASIN": "B0C9SM8SRM",
        "title": "essence | Heart Core Fruity Lip Balm Set | 4 Lip Balms for Soft, Hydrated Lips | Limited Edition Colors | Vegan & Cruelty Free",
        "price": "$10.99 ($26.17 / Ounce)",
        "listPrice": "",
        "imageUrl": "https://m.media-amazon.com/images/I/41LSFR+pLSL._SL160_.jpg",
        "detailPageURL": "https://www.amazon.com/dp/B0C9SM8SRM",
        "rating": "1.0",
        "totalReviews": "1",
        "subtitle": "essence cosmetics",
        "isPrimeEligible": "1"
    },
    {
        "ASIN": "B09V1DLZ2P",
        "title": "essence | Lash Princess Eyeliner Pen | Vegan & Cruelty Free (Black - Waterproof)",
        "price": "$4.99 ($4.99 / Count)",
        "listPrice": "",
        "imageUrl": "https://m.media-amazon.com/images/I/31zsWB8ezIL._SL160_.jpg",
        "detailPageURL": "https://www.amazon.com/dp/B09V1DLZ2P",
        "rating": "3.8",
        "totalReviews": "1717",
        "subtitle": "essence cosmetics",
        "isPrimeEligible": "1"
    },
    {
        "ASIN": "B09R83Z7PS",
        "title": "essence | Extreme Care Hydrating Glossy Lip Balm | Made with Hyaluronic Acid, Shea Butter & Vegan Collagen | Free From Gluten, Parabens, Preservatives, & Microplastic Particles | Vegan & Cruelty Free (01 | Baby Rose)",
        "price": "$4.99 ($4.99 / Count)",
        "listPrice": "",
        "imageUrl": "https://m.media-amazon.com/images/I/31tC9floqUL._SL160_.jpg",
        "detailPageURL": "https://www.amazon.com/dp/B09R83Z7PS",
        "rating": "3.9",
        "totalReviews": "82",
        "subtitle": "essence cosmetics",
        "isPrimeEligible": "1"
    },
    {
        "ASIN": "B09V1BZ16P",
        "title": "essence | Lash Princess Eyeliner Pen | Vegan & Cruelty Free (Brown)",
        "price": "$4.99 ($4.99 / Count)",
        "listPrice": "",
        "imageUrl": "https://m.media-amazon.com/images/I/311mHa2fjQL._SL160_.jpg",
        "detailPageURL": "https://www.amazon.com/dp/B09V1BZ16P",
        "rating": "3.6",
        "totalReviews": "1572",
        "subtitle": "essence cosmetics",
        "isPrimeEligible": "1"
    },
    {
        "ASIN": "B0843D1CTJ",
        "title": "Essence (The Essence Trilogy Book 1)",
        "price": "$2.99",
        "listPrice": "",
        "imageUrl": "https://m.media-amazon.com/images/I/51S9NMiSHkL._SL160_.jpg",
        "detailPageURL": "https://www.amazon.com/dp/B0843D1CTJ",
        "rating": "4.4",
        "totalReviews": "35",
        "subtitle": "",
        "isPrimeEligible": "0"
    },
    {
        "ASIN": "B0CF7D8RVJ",
        "title": "Biore UV Aqua Rich Sunscreen Water Essence SPF50+ PA++++ 2.36floz(70g) ODE Twin Pack Bundle",
        "price": "$22.98 ($4.69 / Ounce)",
        "listPrice": "$30.00 ($6.12 / Ounce)",
        "imageUrl": "https://m.media-amazon.com/images/I/51njEBL0-8L._SL160_.jpg",
        "detailPageURL": "https://www.amazon.com/dp/B0CF7D8RVJ",
        "rating": "",
        "totalReviews": "",
        "subtitle": "ODE",
        "isPrimeEligible": "1"
    },
    {
        "ASIN": "B07TXJHYKB",
        "title": "essence | Lash Princess False Lash Waterproof Mascara | Vegan & Cruelty Free | Free From Parabens & Microplastic Particles (Pack of 1)",
        "price": "$11.15",
        "listPrice": "",
        "imageUrl": "https://m.media-amazon.com/images/I/31Rq405FaoL._SL160_.jpg",
        "detailPageURL": "https://www.amazon.com/dp/B07TXJHYKB",
        "rating": "4.4",
        "totalReviews": "62553",
        "subtitle": "Essence",
        "isPrimeEligible": "0"
    },
    {
        "ASIN": "B09DHSBDQJ",
        "title": "essence | Baby Got Brow! Eyebrow Pencil | Long Lasting & Waterproof with Spoolie | Vegan, Cruelty Free, Formulated without Parabens, Preservatives & Oils (20 | Brunette)",
        "price": "$4.99 ($4.99 / Count)",
        "listPrice": "",
        "imageUrl": "https://m.media-amazon.com/images/I/21DVA3c0kzL._SL160_.jpg",
        "detailPageURL": "https://www.amazon.com/dp/B09DHSBDQJ",
        "rating": "4.4",
        "totalReviews": "437",
        "subtitle": "essence cosmetics",
        "isPrimeEligible": "1"
    },
    {
        "ASIN": "B073P7CC78",
        "title": "SECRET KEY Starting Treatment Essence 5.24 fl.oz. (155ml) - Galactomyces Contained Antioxidant Moisturizing Boosting First Skin Care Step Essece, Nourushing and Anti-Aging Care with Enzyme",
        "price": "$20.90 ($3.99 / Fl Oz)",
        "listPrice": "",
        "imageUrl": "https://m.media-amazon.com/images/I/31Ojul7nXWL._SL160_.jpg",
        "detailPageURL": "https://www.amazon.com/dp/B073P7CC78",
        "rating": "4.4",
        "totalReviews": "1195",
        "subtitle": "Secret Key",
        "isPrimeEligible": "0"
    },
    {
        "ASIN": "B0C9SM8SRM",
        "title": "essence | Heart Core Fruity Lip Balm Set | 4 Lip Balms for Soft, Hydrated Lips | Limited Edition Colors | Vegan & Cruelty Free",
        "price": "$10.99 ($26.17 / Ounce)",
        "listPrice": "",
        "imageUrl": "https://m.media-amazon.com/images/I/41LSFR+pLSL._SL160_.jpg",
        "detailPageURL": "https://www.amazon.com/dp/B0C9SM8SRM",
        "rating": "1.0",
        "totalReviews": "1",
        "subtitle": "essence cosmetics",
        "isPrimeEligible": "1"
    },
    {
        "ASIN": "B09V1DLZ2P",
        "title": "essence | Lash Princess Eyeliner Pen | Vegan & Cruelty Free (Black - Waterproof)",
        "price": "$4.99 ($4.99 / Count)",
        "listPrice": "",
        "imageUrl": "https://m.media-amazon.com/images/I/31zsWB8ezIL._SL160_.jpg",
        "detailPageURL": "https://www.amazon.com/dp/B09V1DLZ2P",
        "rating": "3.8",
        "totalReviews": "1717",
        "subtitle": "essence cosmetics",
        "isPrimeEligible": "1"
    },
    {
        "ASIN": "B09R83Z7PS",
        "title": "essence | Extreme Care Hydrating Glossy Lip Balm | Made with Hyaluronic Acid, Shea Butter & Vegan Collagen | Free From Gluten, Parabens, Preservatives, & Microplastic Particles | Vegan & Cruelty Free (01 | Baby Rose)",
        "price": "$4.99 ($4.99 / Count)",
        "listPrice": "",
        "imageUrl": "https://m.media-amazon.com/images/I/31tC9floqUL._SL160_.jpg",
        "detailPageURL": "https://www.amazon.com/dp/B09R83Z7PS",
        "rating": "3.9",
        "totalReviews": "82",
        "subtitle": "essence cosmetics",
        "isPrimeEligible": "1"
    },
    {
        "ASIN": "B09V1BZ16P",
        "title": "essence | Lash Princess Eyeliner Pen | Vegan & Cruelty Free (Brown)",
        "price": "$4.99 ($4.99 / Count)",
        "listPrice": "",
        "imageUrl": "https://m.media-amazon.com/images/I/311mHa2fjQL._SL160_.jpg",
        "detailPageURL": "https://www.amazon.com/dp/B09V1BZ16P",
        "rating": "3.6",
        "totalReviews": "1572",
        "subtitle": "essence cosmetics",
        "isPrimeEligible": "1"
    },
    {
        "ASIN": "B0843D1CTJ",
        "title": "Essence (The Essence Trilogy Book 1)",
        "price": "$2.99",
        "listPrice": "",
        "imageUrl": "https://m.media-amazon.com/images/I/51S9NMiSHkL._SL160_.jpg",
        "detailPageURL": "https://www.amazon.com/dp/B0843D1CTJ",
        "rating": "4.4",
        "totalReviews": "35",
        "subtitle": "",
        "isPrimeEligible": "0"
    },
    {
        "ASIN": "B079F64B4H",
        "title": "Essence",
        "price": "",
        "listPrice": "",
        "imageUrl": "https://m.media-amazon.com/images/I/21MW48JqCPS._SL160_.jpg",
        "detailPageURL": "https://www.amazon.com/dp/B079F64B4H",
        "rating": "4.0",
        "totalReviews": "76",
        "subtitle": "",
        "isPrimeEligible": ""
    },
    {
        "ASIN": "B07TXJHYKB",
        "title": "essence | Lash Princess False Lash Waterproof Mascara | Vegan & Cruelty Free | Free From Parabens & Microplastic Particles (Pack of 1)",
        "price": "$11.15",
        "listPrice": "",
        "imageUrl": "https://m.media-amazon.com/images/I/31Rq405FaoL._SL160_.jpg",
        "detailPageURL": "https://www.amazon.com/dp/B07TXJHYKB",
        "rating": "4.4",
        "totalReviews": "62553",
        "subtitle": "Essence",
        "isPrimeEligible": "0"
    },
    {
        "ASIN": "B09DHSBDQJ",
        "title": "essence | Baby Got Brow! Eyebrow Pencil | Long Lasting & Waterproof with Spoolie | Vegan, Cruelty Free, Formulated without Parabens, Preservatives & Oils (20 | Brunette)",
        "price": "$4.99 ($4.99 / Count)",
        "listPrice": "",
        "imageUrl": "https://m.media-amazon.com/images/I/21DVA3c0kzL._SL160_.jpg",
        "detailPageURL": "https://www.amazon.com/dp/B09DHSBDQJ",
        "rating": "4.4",
        "totalReviews": "437",
        "subtitle": "essence cosmetics",
        "isPrimeEligible": "1"
    },
    {
        "ASIN": "B073P7CC78",
        "title": "SECRET KEY Starting Treatment Essence 5.24 fl.oz. (155ml) - Galactomyces Contained Antioxidant Moisturizing Boosting First Skin Care Step Essece, Nourushing and Anti-Aging Care with Enzyme",
        "price": "$20.90 ($3.99 / Fl Oz)",
        "listPrice": "",
        "imageUrl": "https://m.media-amazon.com/images/I/31Ojul7nXWL._SL160_.jpg",
        "detailPageURL": "https://www.amazon.com/dp/B073P7CC78",
        "rating": "4.4",
        "totalReviews": "1195",
        "subtitle": "Secret Key",
        "isPrimeEligible": "0"
    },
    {
        "ASIN": "B0C9SM8SRM",
        "title": "essence | Heart Core Fruity Lip Balm Set | 4 Lip Balms for Soft, Hydrated Lips | Limited Edition Colors | Vegan & Cruelty Free",
        "price": "$10.99 ($26.17 / Ounce)",
        "listPrice": "",
        "imageUrl": "https://m.media-amazon.com/images/I/41LSFR+pLSL._SL160_.jpg",
        "detailPageURL": "https://www.amazon.com/dp/B0C9SM8SRM",
        "rating": "1.0",
        "totalReviews": "1",
        "subtitle": "essence cosmetics",
        "isPrimeEligible": "1"
    },
    {
        "ASIN": "B09V1DLZ2P",
        "title": "essence | Lash Princess Eyeliner Pen | Vegan & Cruelty Free (Black - Waterproof)",
        "price": "$4.99 ($4.99 / Count)",
        "listPrice": "",
        "imageUrl": "https://m.media-amazon.com/images/I/31zsWB8ezIL._SL160_.jpg",
        "detailPageURL": "https://www.amazon.com/dp/B09V1DLZ2P",
        "rating": "3.8",
        "totalReviews": "1717",
        "subtitle": "essence cosmetics",
        "isPrimeEligible": "1"
    },
    {
        "ASIN": "B09R83Z7PS",
        "title": "essence | Extreme Care Hydrating Glossy Lip Balm | Made with Hyaluronic Acid, Shea Butter & Vegan Collagen | Free From Gluten, Parabens, Preservatives, & Microplastic Particles | Vegan & Cruelty Free (01 | Baby Rose)",
        "price": "$4.99 ($4.99 / Count)",
        "listPrice": "",
        "imageUrl": "https://m.media-amazon.com/images/I/31tC9floqUL._SL160_.jpg",
        "detailPageURL": "https://www.amazon.com/dp/B09R83Z7PS",
        "rating": "3.9",
        "totalReviews": "82",
        "subtitle": "essence cosmetics",
        "isPrimeEligible": "1"
    },
    {
        "ASIN": "B09V1BZ16P",
        "title": "essence | Lash Princess Eyeliner Pen | Vegan & Cruelty Free (Brown)",
        "price": "$4.99 ($4.99 / Count)",
        "listPrice": "",
        "imageUrl": "https://m.media-amazon.com/images/I/311mHa2fjQL._SL160_.jpg",
        "detailPageURL": "https://www.amazon.com/dp/B09V1BZ16P",
        "rating": "3.6",
        "totalReviews": "1572",
        "subtitle": "essence cosmetics",
        "isPrimeEligible": "1"
    },
    {
        "ASIN": "B0843D1CTJ",
        "title": "Essence (The Essence Trilogy Book 1)",
        "price": "$2.99",
        "listPrice": "",
        "imageUrl": "https://m.media-amazon.com/images/I/51S9NMiSHkL._SL160_.jpg",
        "detailPageURL": "https://www.amazon.com/dp/B0843D1CTJ",
        "rating": "4.4",
        "totalReviews": "35",
        "subtitle": "",
        "isPrimeEligible": "0"
    },
    {
        "ASIN": "B079F64B4H",
        "title": "Essence",
        "price": "",
        "listPrice": "",
        "imageUrl": "https://m.media-amazon.com/images/I/21MW48JqCPS._SL160_.jpg",
        "detailPageURL": "https://www.amazon.com/dp/B079F64B4H",
        "rating": "4.0",
        "totalReviews": "76",
        "subtitle": "",
        "isPrimeEligible": ""
    },
    {
        "ASIN": "B0CGZTD4YW",
        "title": "Cono Peptide Essence - Botox Face Serum for Women, Jennifer Aniston Anti Aging Serum, Eelhoe Cono Peptide Essence, Instant Lifting Face Skin, Reduce Pigmentation and Fine Lines (2Pcs)",
        "price": "$9.95 ($4.98 / Count)",
        "listPrice": "",
        "imageUrl": "https://m.media-amazon.com/images/I/51vZ4ndrRfL._SL160_.jpg",
        "detailPageURL": "https://www.amazon.com/dp/B0CGZTD4YW",
        "rating": "",
        "totalReviews": "",
        "subtitle": "MKNIO",
        "isPrimeEligible": "0"
    },
    {
        "ASIN": "B09DHSBDQJ",
        "title": "essence | Baby Got Brow! Eyebrow Pencil | Long Lasting & Waterproof with Spoolie | Vegan, Cruelty Free, Formulated without Parabens, Preservatives & Oils (20 | Brunette)",
        "price": "$4.99 ($4.99 / Count)",
        "listPrice": "",
        "imageUrl": "https://m.media-amazon.com/images/I/21DVA3c0kzL._SL160_.jpg",
        "detailPageURL": "https://www.amazon.com/dp/B09DHSBDQJ",
        "rating": "4.4",
        "totalReviews": "437",
        "subtitle": "essence cosmetics",
        "isPrimeEligible": "1"
    },
    {
        "ASIN": "B073P7CC78",
        "title": "SECRET KEY Starting Treatment Essence 5.24 fl.oz. (155ml) - Galactomyces Contained Antioxidant Moisturizing Boosting First Skin Care Step Essece, Nourushing and Anti-Aging Care with Enzyme",
        "price": "$20.90 ($3.99 / Fl Oz)",
        "listPrice": "",
        "imageUrl": "https://m.media-amazon.com/images/I/31Ojul7nXWL._SL160_.jpg",
        "detailPageURL": "https://www.amazon.com/dp/B073P7CC78",
        "rating": "4.4",
        "totalReviews": "1195",
        "subtitle": "Secret Key",
        "isPrimeEligible": "0"
    },
    {
        "ASIN": "B0C9SM8SRM",
        "title": "essence | Heart Core Fruity Lip Balm Set | 4 Lip Balms for Soft, Hydrated Lips | Limited Edition Colors | Vegan & Cruelty Free",
        "price": "$10.99 ($26.17 / Ounce)",
        "listPrice": "",
        "imageUrl": "https://m.media-amazon.com/images/I/41LSFR+pLSL._SL160_.jpg",
        "detailPageURL": "https://www.amazon.com/dp/B0C9SM8SRM",
        "rating": "1.0",
        "totalReviews": "1",
        "subtitle": "essence cosmetics",
        "isPrimeEligible": "1"
    },
    {
        "ASIN": "B09V1DLZ2P",
        "title": "essence | Lash Princess Eyeliner Pen | Vegan & Cruelty Free (Black - Waterproof)",
        "price": "$4.99 ($4.99 / Count)",
        "listPrice": "",
        "imageUrl": "https://m.media-amazon.com/images/I/31zsWB8ezIL._SL160_.jpg",
        "detailPageURL": "https://www.amazon.com/dp/B09V1DLZ2P",
        "rating": "3.8",
        "totalReviews": "1717",
        "subtitle": "essence cosmetics",
        "isPrimeEligible": "1"
    },
    {
        "ASIN": "B09R83Z7PS",
        "title": "essence | Extreme Care Hydrating Glossy Lip Balm | Made with Hyaluronic Acid, Shea Butter & Vegan Collagen | Free From Gluten, Parabens, Preservatives, & Microplastic Particles | Vegan & Cruelty Free (01 | Baby Rose)",
        "price": "$4.99 ($4.99 / Count)",
        "listPrice": "",
        "imageUrl": "https://m.media-amazon.com/images/I/31tC9floqUL._SL160_.jpg",
        "detailPageURL": "https://www.amazon.com/dp/B09R83Z7PS",
        "rating": "3.9",
        "totalReviews": "82",
        "subtitle": "essence cosmetics",
        "isPrimeEligible": "1"
    },
    {
        "ASIN": "B09V1BZ16P",
        "title": "essence | Lash Princess Eyeliner Pen | Vegan & Cruelty Free (Brown)",
        "price": "$4.99 ($4.99 / Count)",
        "listPrice": "",
        "imageUrl": "https://m.media-amazon.com/images/I/311mHa2fjQL._SL160_.jpg",
        "detailPageURL": "https://www.amazon.com/dp/B09V1BZ16P",
        "rating": "3.6",
        "totalReviews": "1572",
        "subtitle": "essence cosmetics",
        "isPrimeEligible": "1"
    },
    {
        "ASIN": "B0843D1CTJ",
        "title": "Essence (The Essence Trilogy Book 1)",
        "price": "$2.99",
        "listPrice": "",
        "imageUrl": "https://m.media-amazon.com/images/I/51S9NMiSHkL._SL160_.jpg",
        "detailPageURL": "https://www.amazon.com/dp/B0843D1CTJ",
        "rating": "4.4",
        "totalReviews": "35",
        "subtitle": "",
        "isPrimeEligible": "0"
    },
    {
        "ASIN": "B079F64B4H",
        "title": "Essence",
        "price": "",
        "listPrice": "",
        "imageUrl": "https://m.media-amazon.com/images/I/21MW48JqCPS._SL160_.jpg",
        "detailPageURL": "https://www.amazon.com/dp/B079F64B4H",
        "rating": "4.0",
        "totalReviews": "76",
        "subtitle": "",
        "isPrimeEligible": ""
    },
    {
        "ASIN": "B0CGZTD4YW",
        "title": "Cono Peptide Essence - Botox Face Serum for Women, Jennifer Aniston Anti Aging Serum, Eelhoe Cono Peptide Essence, Instant Lifting Face Skin, Reduce Pigmentation and Fine Lines (2Pcs)",
        "price": "$9.95 ($4.98 / Count)",
        "listPrice": "",
        "imageUrl": "https://m.media-amazon.com/images/I/51vZ4ndrRfL._SL160_.jpg",
        "detailPageURL": "https://www.amazon.com/dp/B0CGZTD4YW",
        "rating": "",
        "totalReviews": "",
        "subtitle": "MKNIO",
        "isPrimeEligible": "0"
    },
    {
        "ASIN": "B0CFB66L21",
        "title": "Advanced Snail Mucin 96% Power Repairing Essence, Snail Mucin Serum, Hydrating Serum For Face With Snail Secretion Filtrate For Dull And Damaged Skin, Anti-Aging & Discoloration Correcting 100 ML",
        "price": "$14.99 ($4.41 / Fl Oz)",
        "listPrice": "",
        "imageUrl": "https://m.media-amazon.com/images/I/419XIseuXGL._SL160_.jpg",
        "detailPageURL": "https://www.amazon.com/dp/B0CFB66L21",
        "rating": "5.0",
        "totalReviews": "15",
        "subtitle": "COSINGKIN",
        "isPrimeEligible": "1"
    },
    {
        "ASIN": "B073P7CC78",
        "title": "SECRET KEY Starting Treatment Essence 5.24 fl.oz. (155ml) - Galactomyces Contained Antioxidant Moisturizing Boosting First Skin Care Step Essece, Nourushing and Anti-Aging Care with Enzyme",
        "price": "$20.90 ($3.99 / Fl Oz)",
        "listPrice": "",
        "imageUrl": "https://m.media-amazon.com/images/I/31Ojul7nXWL._SL160_.jpg",
        "detailPageURL": "https://www.amazon.com/dp/B073P7CC78",
        "rating": "4.4",
        "totalReviews": "1195",
        "subtitle": "Secret Key",
        "isPrimeEligible": "0"
    },
    {
        "ASIN": "B0C9SM8SRM",
        "title": "essence | Heart Core Fruity Lip Balm Set | 4 Lip Balms for Soft, Hydrated Lips | Limited Edition Colors | Vegan & Cruelty Free",
        "price": "$10.99 ($26.17 / Ounce)",
        "listPrice": "",
        "imageUrl": "https://m.media-amazon.com/images/I/41LSFR+pLSL._SL160_.jpg",
        "detailPageURL": "https://www.amazon.com/dp/B0C9SM8SRM",
        "rating": "1.0",
        "totalReviews": "1",
        "subtitle": "essence cosmetics",
        "isPrimeEligible": "1"
    },
    {
        "ASIN": "B09V1DLZ2P",
        "title": "essence | Lash Princess Eyeliner Pen | Vegan & Cruelty Free (Black - Waterproof)",
        "price": "$4.99 ($4.99 / Count)",
        "listPrice": "",
        "imageUrl": "https://m.media-amazon.com/images/I/31zsWB8ezIL._SL160_.jpg",
        "detailPageURL": "https://www.amazon.com/dp/B09V1DLZ2P",
        "rating": "3.8",
        "totalReviews": "1717",
        "subtitle": "essence cosmetics",
        "isPrimeEligible": "1"
    },
    {
        "ASIN": "B09R83Z7PS",
        "title": "essence | Extreme Care Hydrating Glossy Lip Balm | Made with Hyaluronic Acid, Shea Butter & Vegan Collagen | Free From Gluten, Parabens, Preservatives, & Microplastic Particles | Vegan & Cruelty Free (01 | Baby Rose)",
        "price": "$4.99 ($4.99 / Count)",
        "listPrice": "",
        "imageUrl": "https://m.media-amazon.com/images/I/31tC9floqUL._SL160_.jpg",
        "detailPageURL": "https://www.amazon.com/dp/B09R83Z7PS",
        "rating": "3.9",
        "totalReviews": "82",
        "subtitle": "essence cosmetics",
        "isPrimeEligible": "1"
    },
    {
        "ASIN": "B09V1BZ16P",
        "title": "essence | Lash Princess Eyeliner Pen | Vegan & Cruelty Free (Brown)",
        "price": "$4.99 ($4.99 / Count)",
        "listPrice": "",
        "imageUrl": "https://m.media-amazon.com/images/I/311mHa2fjQL._SL160_.jpg",
        "detailPageURL": "https://www.amazon.com/dp/B09V1BZ16P",
        "rating": "3.6",
        "totalReviews": "1572",
        "subtitle": "essence cosmetics",
        "isPrimeEligible": "1"
    },
    {
        "ASIN": "B0843D1CTJ",
        "title": "Essence (The Essence Trilogy Book 1)",
        "price": "$2.99",
        "listPrice": "",
        "imageUrl": "https://m.media-amazon.com/images/I/51S9NMiSHkL._SL160_.jpg",
        "detailPageURL": "https://www.amazon.com/dp/B0843D1CTJ",
        "rating": "4.4",
        "totalReviews": "35",
        "subtitle": "",
        "isPrimeEligible": "0"
    },
    {
        "ASIN": "B079F64B4H",
        "title": "Essence",
        "price": "",
        "listPrice": "",
        "imageUrl": "https://m.media-amazon.com/images/I/21MW48JqCPS._SL160_.jpg",
        "detailPageURL": "https://www.amazon.com/dp/B079F64B4H",
        "rating": "4.0",
        "totalReviews": "76",
        "subtitle": "",
        "isPrimeEligible": ""
    },
    {
        "ASIN": "B0CGZTD4YW",
        "title": "Cono Peptide Essence - Botox Face Serum for Women, Jennifer Aniston Anti Aging Serum, Eelhoe Cono Peptide Essence, Instant Lifting Face Skin, Reduce Pigmentation and Fine Lines (2Pcs)",
        "price": "$9.95 ($4.98 / Count)",
        "listPrice": "",
        "imageUrl": "https://m.media-amazon.com/images/I/51vZ4ndrRfL._SL160_.jpg",
        "detailPageURL": "https://www.amazon.com/dp/B0CGZTD4YW",
        "rating": "",
        "totalReviews": "",
        "subtitle": "MKNIO",
        "isPrimeEligible": "0"
    },
    {
        "ASIN": "B0CFB66L21",
        "title": "Advanced Snail Mucin 96% Power Repairing Essence, Snail Mucin Serum, Hydrating Serum For Face With Snail Secretion Filtrate For Dull And Damaged Skin, Anti-Aging & Discoloration Correcting 100 ML",
        "price": "$14.99 ($4.41 / Fl Oz)",
        "listPrice": "",
        "imageUrl": "https://m.media-amazon.com/images/I/419XIseuXGL._SL160_.jpg",
        "detailPageURL": "https://www.amazon.com/dp/B0CFB66L21",
        "rating": "5.0",
        "totalReviews": "15",
        "subtitle": "COSINGKIN",
        "isPrimeEligible": "1"
    },
    {
        "ASIN": "B07FP453RC",
        "title": "[I'm From] Mugwort Essence 5.4 Fl Oz | 100% Vegan Mugwort Extract - Soothe Sensitive and Irritated Skin, Redness Relief, Refreshing, Hydrating toner | All Skin Types, PETA approved",
        "price": "$28.57 ($5.25 / Fl Oz)",
        "listPrice": "",
        "imageUrl": "https://m.media-amazon.com/images/I/417P39KIw4L._SL160_.jpg",
        "detailPageURL": "https://www.amazon.com/dp/B07FP453RC",
        "rating": "4.6",
        "totalReviews": "996",
        "subtitle": "I'm from",
        "isPrimeEligible": "1"
    },
    {
        "ASIN": "B0C9SM8SRM",
        "title": "essence | Heart Core Fruity Lip Balm Set | 4 Lip Balms for Soft, Hydrated Lips | Limited Edition Colors | Vegan & Cruelty Free",
        "price": "$10.99 ($26.17 / Ounce)",
        "listPrice": "",
        "imageUrl": "https://m.media-amazon.com/images/I/41LSFR+pLSL._SL160_.jpg",
        "detailPageURL": "https://www.amazon.com/dp/B0C9SM8SRM",
        "rating": "1.0",
        "totalReviews": "1",
        "subtitle": "essence cosmetics",
        "isPrimeEligible": "1"
    },
    {
        "ASIN": "B09V1DLZ2P",
        "title": "essence | Lash Princess Eyeliner Pen | Vegan & Cruelty Free (Black - Waterproof)",
        "price": "$4.99 ($4.99 / Count)",
        "listPrice": "",
        "imageUrl": "https://m.media-amazon.com/images/I/31zsWB8ezIL._SL160_.jpg",
        "detailPageURL": "https://www.amazon.com/dp/B09V1DLZ2P",
        "rating": "3.8",
        "totalReviews": "1717",
        "subtitle": "essence cosmetics",
        "isPrimeEligible": "1"
    },
    {
        "ASIN": "B09R83Z7PS",
        "title": "essence | Extreme Care Hydrating Glossy Lip Balm | Made with Hyaluronic Acid, Shea Butter & Vegan Collagen | Free From Gluten, Parabens, Preservatives, & Microplastic Particles | Vegan & Cruelty Free (01 | Baby Rose)",
        "price": "$4.99 ($4.99 / Count)",
        "listPrice": "",
        "imageUrl": "https://m.media-amazon.com/images/I/31tC9floqUL._SL160_.jpg",
        "detailPageURL": "https://www.amazon.com/dp/B09R83Z7PS",
        "rating": "3.9",
        "totalReviews": "82",
        "subtitle": "essence cosmetics",
        "isPrimeEligible": "1"
    },
    {
        "ASIN": "B09V1BZ16P",
        "title": "essence | Lash Princess Eyeliner Pen | Vegan & Cruelty Free (Brown)",
        "price": "$4.99 ($4.99 / Count)",
        "listPrice": "",
        "imageUrl": "https://m.media-amazon.com/images/I/311mHa2fjQL._SL160_.jpg",
        "detailPageURL": "https://www.amazon.com/dp/B09V1BZ16P",
        "rating": "3.6",
        "totalReviews": "1572",
        "subtitle": "essence cosmetics",
        "isPrimeEligible": "1"
    },
    {
        "ASIN": "B0843D1CTJ",
        "title": "Essence (The Essence Trilogy Book 1)",
        "price": "$2.99",
        "listPrice": "",
        "imageUrl": "https://m.media-amazon.com/images/I/51S9NMiSHkL._SL160_.jpg",
        "detailPageURL": "https://www.amazon.com/dp/B0843D1CTJ",
        "rating": "4.4",
        "totalReviews": "35",
        "subtitle": "",
        "isPrimeEligible": "0"
    },
    {
        "ASIN": "B079F64B4H",
        "title": "Essence",
        "price": "",
        "listPrice": "",
        "imageUrl": "https://m.media-amazon.com/images/I/21MW48JqCPS._SL160_.jpg",
        "detailPageURL": "https://www.amazon.com/dp/B079F64B4H",
        "rating": "4.0",
        "totalReviews": "76",
        "subtitle": "",
        "isPrimeEligible": ""
    },
    {
        "ASIN": "B0CGZTD4YW",
        "title": "Cono Peptide Essence - Botox Face Serum for Women, Jennifer Aniston Anti Aging Serum, Eelhoe Cono Peptide Essence, Instant Lifting Face Skin, Reduce Pigmentation and Fine Lines (2Pcs)",
        "price": "$9.95 ($4.98 / Count)",
        "listPrice": "",
        "imageUrl": "https://m.media-amazon.com/images/I/51vZ4ndrRfL._SL160_.jpg",
        "detailPageURL": "https://www.amazon.com/dp/B0CGZTD4YW",
        "rating": "",
        "totalReviews": "",
        "subtitle": "MKNIO",
        "isPrimeEligible": "0"
    },
    {
        "ASIN": "B0CFB66L21",
        "title": "Advanced Snail Mucin 96% Power Repairing Essence, Snail Mucin Serum, Hydrating Serum For Face With Snail Secretion Filtrate For Dull And Damaged Skin, Anti-Aging & Discoloration Correcting 100 ML",
        "price": "$14.99 ($4.41 / Fl Oz)",
        "listPrice": "",
        "imageUrl": "https://m.media-amazon.com/images/I/419XIseuXGL._SL160_.jpg",
        "detailPageURL": "https://www.amazon.com/dp/B0CFB66L21",
        "rating": "5.0",
        "totalReviews": "15",
        "subtitle": "COSINGKIN",
        "isPrimeEligible": "1"
    },
    {
        "ASIN": "B07FP453RC",
        "title": "[I'm From] Mugwort Essence 5.4 Fl Oz | 100% Vegan Mugwort Extract - Soothe Sensitive and Irritated Skin, Redness Relief, Refreshing, Hydrating toner | All Skin Types, PETA approved",
        "price": "$28.57 ($5.25 / Fl Oz)",
        "listPrice": "",
        "imageUrl": "https://m.media-amazon.com/images/I/417P39KIw4L._SL160_.jpg",
        "detailPageURL": "https://www.amazon.com/dp/B07FP453RC",
        "rating": "4.6",
        "totalReviews": "996",
        "subtitle": "I'm from",
        "isPrimeEligible": "1"
    },
    {
        "ASIN": "B08YFFFW3M",
        "title": "essence | Cranberry Lip Oil | pH-Reactive, Hydrating, Non-Sticky | With Vitamin E & Cranberry Oil | Vegan & Cruelty Free",
        "price": "$4.99 ($35.64 / Fl Oz)",
        "listPrice": "",
        "imageUrl": "https://m.media-amazon.com/images/I/31-LIc5SIkL._SL160_.jpg",
        "detailPageURL": "https://www.amazon.com/dp/B08YFFFW3M",
        "rating": "4.4",
        "totalReviews": "55",
        "subtitle": "essence cosmetics",
        "isPrimeEligible": "1"
    },
    {
        "ASIN": "B09V1DLZ2P",
        "title": "essence | Lash Princess Eyeliner Pen | Vegan & Cruelty Free (Black - Waterproof)",
        "price": "$4.99 ($4.99 / Count)",
        "listPrice": "",
        "imageUrl": "https://m.media-amazon.com/images/I/31zsWB8ezIL._SL160_.jpg",
        "detailPageURL": "https://www.amazon.com/dp/B09V1DLZ2P",
        "rating": "3.8",
        "totalReviews": "1717",
        "subtitle": "essence cosmetics",
        "isPrimeEligible": "1"
    },
    {
        "ASIN": "B09R83Z7PS",
        "title": "essence | Extreme Care Hydrating Glossy Lip Balm | Made with Hyaluronic Acid, Shea Butter & Vegan Collagen | Free From Gluten, Parabens, Preservatives, & Microplastic Particles | Vegan & Cruelty Free (01 | Baby Rose)",
        "price": "$4.99 ($4.99 / Count)",
        "listPrice": "",
        "imageUrl": "https://m.media-amazon.com/images/I/31tC9floqUL._SL160_.jpg",
        "detailPageURL": "https://www.amazon.com/dp/B09R83Z7PS",
        "rating": "3.9",
        "totalReviews": "82",
        "subtitle": "essence cosmetics",
        "isPrimeEligible": "1"
    },
    {
        "ASIN": "B09V1BZ16P",
        "title": "essence | Lash Princess Eyeliner Pen | Vegan & Cruelty Free (Brown)",
        "price": "$4.99 ($4.99 / Count)",
        "listPrice": "",
        "imageUrl": "https://m.media-amazon.com/images/I/311mHa2fjQL._SL160_.jpg",
        "detailPageURL": "https://www.amazon.com/dp/B09V1BZ16P",
        "rating": "3.6",
        "totalReviews": "1572",
        "subtitle": "essence cosmetics",
        "isPrimeEligible": "1"
    },
    {
        "ASIN": "B0843D1CTJ",
        "title": "Essence (The Essence Trilogy Book 1)",
        "price": "$2.99",
        "listPrice": "",
        "imageUrl": "https://m.media-amazon.com/images/I/51S9NMiSHkL._SL160_.jpg",
        "detailPageURL": "https://www.amazon.com/dp/B0843D1CTJ",
        "rating": "4.4",
        "totalReviews": "35",
        "subtitle": "",
        "isPrimeEligible": "0"
    },
    {
        "ASIN": "B079F64B4H",
        "title": "Essence",
        "price": "",
        "listPrice": "",
        "imageUrl": "https://m.media-amazon.com/images/I/21MW48JqCPS._SL160_.jpg",
        "detailPageURL": "https://www.amazon.com/dp/B079F64B4H",
        "rating": "4.0",
        "totalReviews": "76",
        "subtitle": "",
        "isPrimeEligible": ""
    },
    {
        "ASIN": "B0CGZTD4YW",
        "title": "Cono Peptide Essence - Botox Face Serum for Women, Jennifer Aniston Anti Aging Serum, Eelhoe Cono Peptide Essence, Instant Lifting Face Skin, Reduce Pigmentation and Fine Lines (2Pcs)",
        "price": "$9.95 ($4.98 / Count)",
        "listPrice": "",
        "imageUrl": "https://m.media-amazon.com/images/I/51vZ4ndrRfL._SL160_.jpg",
        "detailPageURL": "https://www.amazon.com/dp/B0CGZTD4YW",
        "rating": "",
        "totalReviews": "",
        "subtitle": "MKNIO",
        "isPrimeEligible": "0"
    },
    {
        "ASIN": "B0CFB66L21",
        "title": "Advanced Snail Mucin 96% Power Repairing Essence, Snail Mucin Serum, Hydrating Serum For Face With Snail Secretion Filtrate For Dull And Damaged Skin, Anti-Aging & Discoloration Correcting 100 ML",
        "price": "$14.99 ($4.41 / Fl Oz)",
        "listPrice": "",
        "imageUrl": "https://m.media-amazon.com/images/I/419XIseuXGL._SL160_.jpg",
        "detailPageURL": "https://www.amazon.com/dp/B0CFB66L21",
        "rating": "5.0",
        "totalReviews": "15",
        "subtitle": "COSINGKIN",
        "isPrimeEligible": "1"
    },
    {
        "ASIN": "B07FP453RC",
        "title": "[I'm From] Mugwort Essence 5.4 Fl Oz | 100% Vegan Mugwort Extract - Soothe Sensitive and Irritated Skin, Redness Relief, Refreshing, Hydrating toner | All Skin Types, PETA approved",
        "price": "$28.57 ($5.25 / Fl Oz)",
        "listPrice": "",
        "imageUrl": "https://m.media-amazon.com/images/I/417P39KIw4L._SL160_.jpg",
        "detailPageURL": "https://www.amazon.com/dp/B07FP453RC",
        "rating": "4.6",
        "totalReviews": "996",
        "subtitle": "I'm from",
        "isPrimeEligible": "1"
    },
    {
        "ASIN": "B08YFFFW3M",
        "title": "essence | Cranberry Lip Oil | pH-Reactive, Hydrating, Non-Sticky | With Vitamin E & Cranberry Oil | Vegan & Cruelty Free",
        "price": "$4.99 ($35.64 / Fl Oz)",
        "listPrice": "",
        "imageUrl": "https://m.media-amazon.com/images/I/31-LIc5SIkL._SL160_.jpg",
        "detailPageURL": "https://www.amazon.com/dp/B08YFFFW3M",
        "rating": "4.4",
        "totalReviews": "55",
        "subtitle": "essence cosmetics",
        "isPrimeEligible": "1"
    },
    {
        "ASIN": "B07MPB27B1",
        "title": "MISSHA Time Revolution The First Treatment Essence RX 150ml - Essence/Toner That Moisturizes and Smoothes The Skin Creating A Clean Base - Amazon Code Verified for Authenticity",
        "price": "$31.00 ($6.08 / Fl Oz)",
        "listPrice": "",
        "imageUrl": "https://m.media-amazon.com/images/I/21pkiz2NgEL._SL160_.jpg",
        "detailPageURL": "https://www.amazon.com/dp/B07MPB27B1",
        "rating": "4.6",
        "totalReviews": "1060",
        "subtitle": "",
        "isPrimeEligible": "1"
    },
    {
        "ASIN": "B09R83Z7PS",
        "title": "essence | Extreme Care Hydrating Glossy Lip Balm | Made with Hyaluronic Acid, Shea Butter & Vegan Collagen | Free From Gluten, Parabens, Preservatives, & Microplastic Particles | Vegan & Cruelty Free (01 | Baby Rose)",
        "price": "$4.99 ($4.99 / Count)",
        "listPrice": "",
        "imageUrl": "https://m.media-amazon.com/images/I/31tC9floqUL._SL160_.jpg",
        "detailPageURL": "https://www.amazon.com/dp/B09R83Z7PS",
        "rating": "3.9",
        "totalReviews": "82",
        "subtitle": "essence cosmetics",
        "isPrimeEligible": "1"
    },
    {
        "ASIN": "B09V1BZ16P",
        "title": "essence | Lash Princess Eyeliner Pen | Vegan & Cruelty Free (Brown)",
        "price": "$4.99 ($4.99 / Count)",
        "listPrice": "",
        "imageUrl": "https://m.media-amazon.com/images/I/311mHa2fjQL._SL160_.jpg",
        "detailPageURL": "https://www.amazon.com/dp/B09V1BZ16P",
        "rating": "3.6",
        "totalReviews": "1572",
        "subtitle": "essence cosmetics",
        "isPrimeEligible": "1"
    },
    {
        "ASIN": "B0843D1CTJ",
        "title": "Essence (The Essence Trilogy Book 1)",
        "price": "$2.99",
        "listPrice": "",
        "imageUrl": "https://m.media-amazon.com/images/I/51S9NMiSHkL._SL160_.jpg",
        "detailPageURL": "https://www.amazon.com/dp/B0843D1CTJ",
        "rating": "4.4",
        "totalReviews": "35",
        "subtitle": "",
        "isPrimeEligible": "0"
    },
    {
        "ASIN": "B079F64B4H",
        "title": "Essence",
        "price": "",
        "listPrice": "",
        "imageUrl": "https://m.media-amazon.com/images/I/21MW48JqCPS._SL160_.jpg",
        "detailPageURL": "https://www.amazon.com/dp/B079F64B4H",
        "rating": "4.0",
        "totalReviews": "76",
        "subtitle": "",
        "isPrimeEligible": ""
    },
    {
        "ASIN": "B0CGZTD4YW",
        "title": "Cono Peptide Essence - Botox Face Serum for Women, Jennifer Aniston Anti Aging Serum, Eelhoe Cono Peptide Essence, Instant Lifting Face Skin, Reduce Pigmentation and Fine Lines (2Pcs)",
        "price": "$9.95 ($4.98 / Count)",
        "listPrice": "",
        "imageUrl": "https://m.media-amazon.com/images/I/51vZ4ndrRfL._SL160_.jpg",
        "detailPageURL": "https://www.amazon.com/dp/B0CGZTD4YW",
        "rating": "",
        "totalReviews": "",
        "subtitle": "MKNIO",
        "isPrimeEligible": "0"
    },
    {
        "ASIN": "B0CFB66L21",
        "title": "Advanced Snail Mucin 96% Power Repairing Essence, Snail Mucin Serum, Hydrating Serum For Face With Snail Secretion Filtrate For Dull And Damaged Skin, Anti-Aging & Discoloration Correcting 100 ML",
        "price": "$14.99 ($4.41 / Fl Oz)",
        "listPrice": "",
        "imageUrl": "https://m.media-amazon.com/images/I/419XIseuXGL._SL160_.jpg",
        "detailPageURL": "https://www.amazon.com/dp/B0CFB66L21",
        "rating": "5.0",
        "totalReviews": "15",
        "subtitle": "COSINGKIN",
        "isPrimeEligible": "1"
    },
    {
        "ASIN": "B07FP453RC",
        "title": "[I'm From] Mugwort Essence 5.4 Fl Oz | 100% Vegan Mugwort Extract - Soothe Sensitive and Irritated Skin, Redness Relief, Refreshing, Hydrating toner | All Skin Types, PETA approved",
        "price": "$28.57 ($5.25 / Fl Oz)",
        "listPrice": "",
        "imageUrl": "https://m.media-amazon.com/images/I/417P39KIw4L._SL160_.jpg",
        "detailPageURL": "https://www.amazon.com/dp/B07FP453RC",
        "rating": "4.6",
        "totalReviews": "996",
        "subtitle": "I'm from",
        "isPrimeEligible": "1"
    },
    {
        "ASIN": "B08YFFFW3M",
        "title": "essence | Cranberry Lip Oil | pH-Reactive, Hydrating, Non-Sticky | With Vitamin E & Cranberry Oil | Vegan & Cruelty Free",
        "price": "$4.99 ($35.64 / Fl Oz)",
        "listPrice": "",
        "imageUrl": "https://m.media-amazon.com/images/I/31-LIc5SIkL._SL160_.jpg",
        "detailPageURL": "https://www.amazon.com/dp/B08YFFFW3M",
        "rating": "4.4",
        "totalReviews": "55",
        "subtitle": "essence cosmetics",
        "isPrimeEligible": "1"
    },
    {
        "ASIN": "B07MPB27B1",
        "title": "MISSHA Time Revolution The First Treatment Essence RX 150ml - Essence/Toner That Moisturizes and Smoothes The Skin Creating A Clean Base - Amazon Code Verified for Authenticity",
        "price": "$31.00 ($6.08 / Fl Oz)",
        "listPrice": "",
        "imageUrl": "https://m.media-amazon.com/images/I/21pkiz2NgEL._SL160_.jpg",
        "detailPageURL": "https://www.amazon.com/dp/B07MPB27B1",
        "rating": "4.6",
        "totalReviews": "1060",
        "subtitle": "",
        "isPrimeEligible": "1"
    },
    {
        "ASIN": "B08Y5XGM3Z",
        "title": "Vegan Kombucha Cream Essence, Cruelty Free\u3163The most Effective all-in-one serum\u3163Korean Skin Care Contains Kombucha, Tea extract 78%, Camellia, Sunflower Seed Oil\u3163Not Tested On Animals | Dr.Ceuracle",
        "price": "$32.99 ($6.51 / Fl Oz)",
        "listPrice": "",
        "imageUrl": "https://m.media-amazon.com/images/I/31gscgLoscL._SL160_.jpg",
        "detailPageURL": "https://www.amazon.com/dp/B08Y5XGM3Z",
        "rating": "4.7",
        "totalReviews": "773",
        "subtitle": "Dr. Ceuracle",
        "isPrimeEligible": "1"
    },
    {
        "ASIN": "B09V1BZ16P",
        "title": "essence | Lash Princess Eyeliner Pen | Vegan & Cruelty Free (Brown)",
        "price": "$4.99 ($4.99 / Count)",
        "listPrice": "",
        "imageUrl": "https://m.media-amazon.com/images/I/311mHa2fjQL._SL160_.jpg",
        "detailPageURL": "https://www.amazon.com/dp/B09V1BZ16P",
        "rating": "3.6",
        "totalReviews": "1572",
        "subtitle": "essence cosmetics",
        "isPrimeEligible": "1"
    },
    {
        "ASIN": "B0843D1CTJ",
        "title": "Essence (The Essence Trilogy Book 1)",
        "price": "$2.99",
        "listPrice": "",
        "imageUrl": "https://m.media-amazon.com/images/I/51S9NMiSHkL._SL160_.jpg",
        "detailPageURL": "https://www.amazon.com/dp/B0843D1CTJ",
        "rating": "4.4",
        "totalReviews": "35",
        "subtitle": "",
        "isPrimeEligible": "0"
    },
    {
        "ASIN": "B079F64B4H",
        "title": "Essence",
        "price": "",
        "listPrice": "",
        "imageUrl": "https://m.media-amazon.com/images/I/21MW48JqCPS._SL160_.jpg",
        "detailPageURL": "https://www.amazon.com/dp/B079F64B4H",
        "rating": "4.0",
        "totalReviews": "76",
        "subtitle": "",
        "isPrimeEligible": ""
    },
    {
        "ASIN": "B0CGZTD4YW",
        "title": "Cono Peptide Essence - Botox Face Serum for Women, Jennifer Aniston Anti Aging Serum, Eelhoe Cono Peptide Essence, Instant Lifting Face Skin, Reduce Pigmentation and Fine Lines (2Pcs)",
        "price": "$9.95 ($4.98 / Count)",
        "listPrice": "",
        "imageUrl": "https://m.media-amazon.com/images/I/51vZ4ndrRfL._SL160_.jpg",
        "detailPageURL": "https://www.amazon.com/dp/B0CGZTD4YW",
        "rating": "",
        "totalReviews": "",
        "subtitle": "MKNIO",
        "isPrimeEligible": "0"
    },
    {
        "ASIN": "B0CFB66L21",
        "title": "Advanced Snail Mucin 96% Power Repairing Essence, Snail Mucin Serum, Hydrating Serum For Face With Snail Secretion Filtrate For Dull And Damaged Skin, Anti-Aging & Discoloration Correcting 100 ML",
        "price": "$14.99 ($4.41 / Fl Oz)",
        "listPrice": "",
        "imageUrl": "https://m.media-amazon.com/images/I/419XIseuXGL._SL160_.jpg",
        "detailPageURL": "https://www.amazon.com/dp/B0CFB66L21",
        "rating": "5.0",
        "totalReviews": "15",
        "subtitle": "COSINGKIN",
        "isPrimeEligible": "1"
    },
    {
        "ASIN": "B07FP453RC",
        "title": "[I'm From] Mugwort Essence 5.4 Fl Oz | 100% Vegan Mugwort Extract - Soothe Sensitive and Irritated Skin, Redness Relief, Refreshing, Hydrating toner | All Skin Types, PETA approved",
        "price": "$28.57 ($5.25 / Fl Oz)",
        "listPrice": "",
        "imageUrl": "https://m.media-amazon.com/images/I/417P39KIw4L._SL160_.jpg",
        "detailPageURL": "https://www.amazon.com/dp/B07FP453RC",
        "rating": "4.6",
        "totalReviews": "996",
        "subtitle": "I'm from",
        "isPrimeEligible": "1"
    },
    {
        "ASIN": "B08YFFFW3M",
        "title": "essence | Cranberry Lip Oil | pH-Reactive, Hydrating, Non-Sticky | With Vitamin E & Cranberry Oil | Vegan & Cruelty Free",
        "price": "$4.99 ($35.64 / Fl Oz)",
        "listPrice": "",
        "imageUrl": "https://m.media-amazon.com/images/I/31-LIc5SIkL._SL160_.jpg",
        "detailPageURL": "https://www.amazon.com/dp/B08YFFFW3M",
        "rating": "4.4",
        "totalReviews": "55",
        "subtitle": "essence cosmetics",
        "isPrimeEligible": "1"
    },
    {
        "ASIN": "B07MPB27B1",
        "title": "MISSHA Time Revolution The First Treatment Essence RX 150ml - Essence/Toner That Moisturizes and Smoothes The Skin Creating A Clean Base - Amazon Code Verified for Authenticity",
        "price": "$31.00 ($6.08 / Fl Oz)",
        "listPrice": "",
        "imageUrl": "https://m.media-amazon.com/images/I/21pkiz2NgEL._SL160_.jpg",
        "detailPageURL": "https://www.amazon.com/dp/B07MPB27B1",
        "rating": "4.6",
        "totalReviews": "1060",
        "subtitle": "",
        "isPrimeEligible": "1"
    },
    {
        "ASIN": "B08Y5XGM3Z",
        "title": "Vegan Kombucha Cream Essence, Cruelty Free\u3163The most Effective all-in-one serum\u3163Korean Skin Care Contains Kombucha, Tea extract 78%, Camellia, Sunflower Seed Oil\u3163Not Tested On Animals | Dr.Ceuracle",
        "price": "$32.99 ($6.51 / Fl Oz)",
        "listPrice": "",
        "imageUrl": "https://m.media-amazon.com/images/I/31gscgLoscL._SL160_.jpg",
        "detailPageURL": "https://www.amazon.com/dp/B08Y5XGM3Z",
        "rating": "4.7",
        "totalReviews": "773",
        "subtitle": "Dr. Ceuracle",
        "isPrimeEligible": "1"
    },
    {
        "ASIN": "B08Y8MJXKS",
        "title": "The Essence: The Hidden World Series Book One",
        "price": "$0.99",
        "listPrice": "",
        "imageUrl": "https://m.media-amazon.com/images/I/41E2H4+YiVL._SL160_.jpg",
        "detailPageURL": "https://www.amazon.com/dp/B08Y8MJXKS",
        "rating": "5.0",
        "totalReviews": "14",
        "subtitle": "",
        "isPrimeEligible": "0"
    },
    {
        "ASIN": "B0843D1CTJ",
        "title": "Essence (The Essence Trilogy Book 1)",
        "price": "$2.99",
        "listPrice": "",
        "imageUrl": "https://m.media-amazon.com/images/I/51S9NMiSHkL._SL160_.jpg",
        "detailPageURL": "https://www.amazon.com/dp/B0843D1CTJ",
        "rating": "4.4",
        "totalReviews": "35",
        "subtitle": "",
        "isPrimeEligible": "0"
    },
    {
        "ASIN": "B079F64B4H",
        "title": "Essence",
        "price": "",
        "listPrice": "",
        "imageUrl": "https://m.media-amazon.com/images/I/21MW48JqCPS._SL160_.jpg",
        "detailPageURL": "https://www.amazon.com/dp/B079F64B4H",
        "rating": "4.0",
        "totalReviews": "76",
        "subtitle": "",
        "isPrimeEligible": ""
    },
    {
        "ASIN": "B0CGZTD4YW",
        "title": "Cono Peptide Essence - Botox Face Serum for Women, Jennifer Aniston Anti Aging Serum, Eelhoe Cono Peptide Essence, Instant Lifting Face Skin, Reduce Pigmentation and Fine Lines (2Pcs)",
        "price": "$9.95 ($4.98 / Count)",
        "listPrice": "",
        "imageUrl": "https://m.media-amazon.com/images/I/51vZ4ndrRfL._SL160_.jpg",
        "detailPageURL": "https://www.amazon.com/dp/B0CGZTD4YW",
        "rating": "",
        "totalReviews": "",
        "subtitle": "MKNIO",
        "isPrimeEligible": "0"
    },
    {
        "ASIN": "B0CFB66L21",
        "title": "Advanced Snail Mucin 96% Power Repairing Essence, Snail Mucin Serum, Hydrating Serum For Face With Snail Secretion Filtrate For Dull And Damaged Skin, Anti-Aging & Discoloration Correcting 100 ML",
        "price": "$14.99 ($4.41 / Fl Oz)",
        "listPrice": "",
        "imageUrl": "https://m.media-amazon.com/images/I/419XIseuXGL._SL160_.jpg",
        "detailPageURL": "https://www.amazon.com/dp/B0CFB66L21",
        "rating": "5.0",
        "totalReviews": "15",
        "subtitle": "COSINGKIN",
        "isPrimeEligible": "1"
    },
    {
        "ASIN": "B07FP453RC",
        "title": "[I'm From] Mugwort Essence 5.4 Fl Oz | 100% Vegan Mugwort Extract - Soothe Sensitive and Irritated Skin, Redness Relief, Refreshing, Hydrating toner | All Skin Types, PETA approved",
        "price": "$28.57 ($5.25 / Fl Oz)",
        "listPrice": "",
        "imageUrl": "https://m.media-amazon.com/images/I/417P39KIw4L._SL160_.jpg",
        "detailPageURL": "https://www.amazon.com/dp/B07FP453RC",
        "rating": "4.6",
        "totalReviews": "996",
        "subtitle": "I'm from",
        "isPrimeEligible": "1"
    },
    {
        "ASIN": "B08YFFFW3M",
        "title": "essence | Cranberry Lip Oil | pH-Reactive, Hydrating, Non-Sticky | With Vitamin E & Cranberry Oil | Vegan & Cruelty Free",
        "price": "$4.99 ($35.64 / Fl Oz)",
        "listPrice": "",
        "imageUrl": "https://m.media-amazon.com/images/I/31-LIc5SIkL._SL160_.jpg",
        "detailPageURL": "https://www.amazon.com/dp/B08YFFFW3M",
        "rating": "4.4",
        "totalReviews": "55",
        "subtitle": "essence cosmetics",
        "isPrimeEligible": "1"
    },
    {
        "ASIN": "B07MPB27B1",
        "title": "MISSHA Time Revolution The First Treatment Essence RX 150ml - Essence/Toner That Moisturizes and Smoothes The Skin Creating A Clean Base - Amazon Code Verified for Authenticity",
        "price": "$31.00 ($6.08 / Fl Oz)",
        "listPrice": "",
        "imageUrl": "https://m.media-amazon.com/images/I/21pkiz2NgEL._SL160_.jpg",
        "detailPageURL": "https://www.amazon.com/dp/B07MPB27B1",
        "rating": "4.6",
        "totalReviews": "1060",
        "subtitle": "",
        "isPrimeEligible": "1"
    },
    {
        "ASIN": "B08Y5XGM3Z",
        "title": "Vegan Kombucha Cream Essence, Cruelty Free\u3163The most Effective all-in-one serum\u3163Korean Skin Care Contains Kombucha, Tea extract 78%, Camellia, Sunflower Seed Oil\u3163Not Tested On Animals | Dr.Ceuracle",
        "price": "$32.99 ($6.51 / Fl Oz)",
        "listPrice": "",
        "imageUrl": "https://m.media-amazon.com/images/I/31gscgLoscL._SL160_.jpg",
        "detailPageURL": "https://www.amazon.com/dp/B08Y5XGM3Z",
        "rating": "4.7",
        "totalReviews": "773",
        "subtitle": "Dr. Ceuracle",
        "isPrimeEligible": "1"
    },
    {
        "ASIN": "B08Y8MJXKS",
        "title": "The Essence: The Hidden World Series Book One",
        "price": "$0.99",
        "listPrice": "",
        "imageUrl": "https://m.media-amazon.com/images/I/41E2H4+YiVL._SL160_.jpg",
        "detailPageURL": "https://www.amazon.com/dp/B08Y8MJXKS",
        "rating": "5.0",
        "totalReviews": "14",
        "subtitle": "",
        "isPrimeEligible": "0"
    },
    {
        "ASIN": "B0CHRBZWB8",
        "title": "Botox Face Serum, Duplicate Cono Peptide Essence 84%, Botox in a Bottle Instant Face Tightening for Face Fade Fine Lines, Boost Skin Collagen Anti Aging Serum for All Skin Type (3Pcs)",
        "price": "$10.99 ($10.99 / Fl Oz)",
        "listPrice": "",
        "imageUrl": "https://m.media-amazon.com/images/I/51R1gc3Vv8L._SL160_.jpg",
        "detailPageURL": "https://www.amazon.com/dp/B0CHRBZWB8",
        "rating": "",
        "totalReviews": "",
        "subtitle": "ESULOMP",
        "isPrimeEligible": "0"
    },
    {
        "ASIN": "B079F64B4H",
        "title": "Essence",
        "price": "",
        "listPrice": "",
        "imageUrl": "https://m.media-amazon.com/images/I/21MW48JqCPS._SL160_.jpg",
        "detailPageURL": "https://www.amazon.com/dp/B079F64B4H",
        "rating": "4.0",
        "totalReviews": "76",
        "subtitle": "",
        "isPrimeEligible": ""
    },
    {
        "ASIN": "B0CGZTD4YW",
        "title": "Cono Peptide Essence - Botox Face Serum for Women, Jennifer Aniston Anti Aging Serum, Eelhoe Cono Peptide Essence, Instant Lifting Face Skin, Reduce Pigmentation and Fine Lines (2Pcs)",
        "price": "$9.95 ($4.98 / Count)",
        "listPrice": "",
        "imageUrl": "https://m.media-amazon.com/images/I/51vZ4ndrRfL._SL160_.jpg",
        "detailPageURL": "https://www.amazon.com/dp/B0CGZTD4YW",
        "rating": "",
        "totalReviews": "",
        "subtitle": "MKNIO",
        "isPrimeEligible": "0"
    },
    {
        "ASIN": "B0CFB66L21",
        "title": "Advanced Snail Mucin 96% Power Repairing Essence, Snail Mucin Serum, Hydrating Serum For Face With Snail Secretion Filtrate For Dull And Damaged Skin, Anti-Aging & Discoloration Correcting 100 ML",
        "price": "$14.99 ($4.41 / Fl Oz)",
        "listPrice": "",
        "imageUrl": "https://m.media-amazon.com/images/I/419XIseuXGL._SL160_.jpg",
        "detailPageURL": "https://www.amazon.com/dp/B0CFB66L21",
        "rating": "5.0",
        "totalReviews": "15",
        "subtitle": "COSINGKIN",
        "isPrimeEligible": "1"
    },
    {
        "ASIN": "B07FP453RC",
        "title": "[I'm From] Mugwort Essence 5.4 Fl Oz | 100% Vegan Mugwort Extract - Soothe Sensitive and Irritated Skin, Redness Relief, Refreshing, Hydrating toner | All Skin Types, PETA approved",
        "price": "$28.57 ($5.25 / Fl Oz)",
        "listPrice": "",
        "imageUrl": "https://m.media-amazon.com/images/I/417P39KIw4L._SL160_.jpg",
        "detailPageURL": "https://www.amazon.com/dp/B07FP453RC",
        "rating": "4.6",
        "totalReviews": "996",
        "subtitle": "I'm from",
        "isPrimeEligible": "1"
    },
    {
        "ASIN": "B08YFFFW3M",
        "title": "essence | Cranberry Lip Oil | pH-Reactive, Hydrating, Non-Sticky | With Vitamin E & Cranberry Oil | Vegan & Cruelty Free",
        "price": "$4.99 ($35.64 / Fl Oz)",
        "listPrice": "",
        "imageUrl": "https://m.media-amazon.com/images/I/31-LIc5SIkL._SL160_.jpg",
        "detailPageURL": "https://www.amazon.com/dp/B08YFFFW3M",
        "rating": "4.4",
        "totalReviews": "55",
        "subtitle": "essence cosmetics",
        "isPrimeEligible": "1"
    },
    {
        "ASIN": "B07MPB27B1",
        "title": "MISSHA Time Revolution The First Treatment Essence RX 150ml - Essence/Toner That Moisturizes and Smoothes The Skin Creating A Clean Base - Amazon Code Verified for Authenticity",
        "price": "$31.00 ($6.08 / Fl Oz)",
        "listPrice": "",
        "imageUrl": "https://m.media-amazon.com/images/I/21pkiz2NgEL._SL160_.jpg",
        "detailPageURL": "https://www.amazon.com/dp/B07MPB27B1",
        "rating": "4.6",
        "totalReviews": "1060",
        "subtitle": "",
        "isPrimeEligible": "1"
    },
    {
        "ASIN": "B08Y5XGM3Z",
        "title": "Vegan Kombucha Cream Essence, Cruelty Free\u3163The most Effective all-in-one serum\u3163Korean Skin Care Contains Kombucha, Tea extract 78%, Camellia, Sunflower Seed Oil\u3163Not Tested On Animals | Dr.Ceuracle",
        "price": "$32.99 ($6.51 / Fl Oz)",
        "listPrice": "",
        "imageUrl": "https://m.media-amazon.com/images/I/31gscgLoscL._SL160_.jpg",
        "detailPageURL": "https://www.amazon.com/dp/B08Y5XGM3Z",
        "rating": "4.7",
        "totalReviews": "773",
        "subtitle": "Dr. Ceuracle",
        "isPrimeEligible": "1"
    },
    {
        "ASIN": "B08Y8MJXKS",
        "title": "The Essence: The Hidden World Series Book One",
        "price": "$0.99",
        "listPrice": "",
        "imageUrl": "https://m.media-amazon.com/images/I/41E2H4+YiVL._SL160_.jpg",
        "detailPageURL": "https://www.amazon.com/dp/B08Y8MJXKS",
        "rating": "5.0",
        "totalReviews": "14",
        "subtitle": "",
        "isPrimeEligible": "0"
    },
    {
        "ASIN": "B0CHRBZWB8",
        "title": "Botox Face Serum, Duplicate Cono Peptide Essence 84%, Botox in a Bottle Instant Face Tightening for Face Fade Fine Lines, Boost Skin Collagen Anti Aging Serum for All Skin Type (3Pcs)",
        "price": "$10.99 ($10.99 / Fl Oz)",
        "listPrice": "",
        "imageUrl": "https://m.media-amazon.com/images/I/51R1gc3Vv8L._SL160_.jpg",
        "detailPageURL": "https://www.amazon.com/dp/B0CHRBZWB8",
        "rating": "",
        "totalReviews": "",
        "subtitle": "ESULOMP",
        "isPrimeEligible": "0"
    },
    {
        "ASIN": "B012XYSK1G",
        "title": "essence | I Love Extreme Volume Mascara Waterproof | Paraben Free | Cruelty Free | Black (Pack of 1, Waterproof)",
        "price": "$4.99 ($12.48 / Fl Oz)",
        "listPrice": "",
        "imageUrl": "https://m.media-amazon.com/images/I/41oB3r3qXAL._SL160_.jpg",
        "detailPageURL": "https://www.amazon.com/dp/B012XYSK1G",
        "rating": "4.1",
        "totalReviews": "3785",
        "subtitle": "essence cosmetics",
        "isPrimeEligible": "1"
    },
    {
        "ASIN": "B0CGZTD4YW",
        "title": "Cono Peptide Essence - Botox Face Serum for Women, Jennifer Aniston Anti Aging Serum, Eelhoe Cono Peptide Essence, Instant Lifting Face Skin, Reduce Pigmentation and Fine Lines (2Pcs)",
        "price": "$9.95 ($4.98 / Count)",
        "listPrice": "",
        "imageUrl": "https://m.media-amazon.com/images/I/51vZ4ndrRfL._SL160_.jpg",
        "detailPageURL": "https://www.amazon.com/dp/B0CGZTD4YW",
        "rating": "",
        "totalReviews": "",
        "subtitle": "MKNIO",
        "isPrimeEligible": "0"
    },
    {
        "ASIN": "B0CFB66L21",
        "title": "Advanced Snail Mucin 96% Power Repairing Essence, Snail Mucin Serum, Hydrating Serum For Face With Snail Secretion Filtrate For Dull And Damaged Skin, Anti-Aging & Discoloration Correcting 100 ML",
        "price": "$14.99 ($4.41 / Fl Oz)",
        "listPrice": "",
        "imageUrl": "https://m.media-amazon.com/images/I/419XIseuXGL._SL160_.jpg",
        "detailPageURL": "https://www.amazon.com/dp/B0CFB66L21",
        "rating": "5.0",
        "totalReviews": "15",
        "subtitle": "COSINGKIN",
        "isPrimeEligible": "1"
    },
    {
        "ASIN": "B07FP453RC",
        "title": "[I'm From] Mugwort Essence 5.4 Fl Oz | 100% Vegan Mugwort Extract - Soothe Sensitive and Irritated Skin, Redness Relief, Refreshing, Hydrating toner | All Skin Types, PETA approved",
        "price": "$28.57 ($5.25 / Fl Oz)",
        "listPrice": "",
        "imageUrl": "https://m.media-amazon.com/images/I/417P39KIw4L._SL160_.jpg",
        "detailPageURL": "https://www.amazon.com/dp/B07FP453RC",
        "rating": "4.6",
        "totalReviews": "996",
        "subtitle": "I'm from",
        "isPrimeEligible": "1"
    },
    {
        "ASIN": "B08YFFFW3M",
        "title": "essence | Cranberry Lip Oil | pH-Reactive, Hydrating, Non-Sticky | With Vitamin E & Cranberry Oil | Vegan & Cruelty Free",
        "price": "$4.99 ($35.64 / Fl Oz)",
        "listPrice": "",
        "imageUrl": "https://m.media-amazon.com/images/I/31-LIc5SIkL._SL160_.jpg",
        "detailPageURL": "https://www.amazon.com/dp/B08YFFFW3M",
        "rating": "4.4",
        "totalReviews": "55",
        "subtitle": "essence cosmetics",
        "isPrimeEligible": "1"
    },
    {
        "ASIN": "B07MPB27B1",
        "title": "MISSHA Time Revolution The First Treatment Essence RX 150ml - Essence/Toner That Moisturizes and Smoothes The Skin Creating A Clean Base - Amazon Code Verified for Authenticity",
        "price": "$31.00 ($6.08 / Fl Oz)",
        "listPrice": "",
        "imageUrl": "https://m.media-amazon.com/images/I/21pkiz2NgEL._SL160_.jpg",
        "detailPageURL": "https://www.amazon.com/dp/B07MPB27B1",
        "rating": "4.6",
        "totalReviews": "1060",
        "subtitle": "",
        "isPrimeEligible": "1"
    },
    {
        "ASIN": "B08Y5XGM3Z",
        "title": "Vegan Kombucha Cream Essence, Cruelty Free\u3163The most Effective all-in-one serum\u3163Korean Skin Care Contains Kombucha, Tea extract 78%, Camellia, Sunflower Seed Oil\u3163Not Tested On Animals | Dr.Ceuracle",
        "price": "$32.99 ($6.51 / Fl Oz)",
        "listPrice": "",
        "imageUrl": "https://m.media-amazon.com/images/I/31gscgLoscL._SL160_.jpg",
        "detailPageURL": "https://www.amazon.com/dp/B08Y5XGM3Z",
        "rating": "4.7",
        "totalReviews": "773",
        "subtitle": "Dr. Ceuracle",
        "isPrimeEligible": "1"
    },
    {
        "ASIN": "B08Y8MJXKS",
        "title": "The Essence: The Hidden World Series Book One",
        "price": "$0.99",
        "listPrice": "",
        "imageUrl": "https://m.media-amazon.com/images/I/41E2H4+YiVL._SL160_.jpg",
        "detailPageURL": "https://www.amazon.com/dp/B08Y8MJXKS",
        "rating": "5.0",
        "totalReviews": "14",
        "subtitle": "",
        "isPrimeEligible": "0"
    },
    {
        "ASIN": "B0CHRBZWB8",
        "title": "Botox Face Serum, Duplicate Cono Peptide Essence 84%, Botox in a Bottle Instant Face Tightening for Face Fade Fine Lines, Boost Skin Collagen Anti Aging Serum for All Skin Type (3Pcs)",
        "price": "$10.99 ($10.99 / Fl Oz)",
        "listPrice": "",
        "imageUrl": "https://m.media-amazon.com/images/I/51R1gc3Vv8L._SL160_.jpg",
        "detailPageURL": "https://www.amazon.com/dp/B0CHRBZWB8",
        "rating": "",
        "totalReviews": "",
        "subtitle": "ESULOMP",
        "isPrimeEligible": "0"
    },
    {
        "ASIN": "B012XYSK1G",
        "title": "essence | I Love Extreme Volume Mascara Waterproof | Paraben Free | Cruelty Free | Black (Pack of 1, Waterproof)",
        "price": "$4.99 ($12.48 / Fl Oz)",
        "listPrice": "",
        "imageUrl": "https://m.media-amazon.com/images/I/41oB3r3qXAL._SL160_.jpg",
        "detailPageURL": "https://www.amazon.com/dp/B012XYSK1G",
        "rating": "4.1",
        "totalReviews": "3785",
        "subtitle": "essence cosmetics",
        "isPrimeEligible": "1"
    },
    {
        "ASIN": "B0B56TXR7W",
        "title": "essence | Baby Got Blush | Easy to Apply & Blend Pigmented Cream Blush Stick | Vegan & Cruelty Free | Free From Gluten, Parabens, & Microplastic Particles (20 | Peaches & Cream)",
        "price": "$4.99 ($27.72 / Fl Oz)",
        "listPrice": "",
        "imageUrl": "https://m.media-amazon.com/images/I/41RhwEZidKL._SL160_.jpg",
        "detailPageURL": "https://www.amazon.com/dp/B0B56TXR7W",
        "rating": "4.0",
        "totalReviews": "65",
        "subtitle": "essence cosmetics",
        "isPrimeEligible": "1"
    },
    {
        "ASIN": "B0CFB66L21",
        "title": "Advanced Snail Mucin 96% Power Repairing Essence, Snail Mucin Serum, Hydrating Serum For Face With Snail Secretion Filtrate For Dull And Damaged Skin, Anti-Aging & Discoloration Correcting 100 ML",
        "price": "$14.99 ($4.41 / Fl Oz)",
        "listPrice": "",
        "imageUrl": "https://m.media-amazon.com/images/I/419XIseuXGL._SL160_.jpg",
        "detailPageURL": "https://www.amazon.com/dp/B0CFB66L21",
        "rating": "5.0",
        "totalReviews": "15",
        "subtitle": "COSINGKIN",
        "isPrimeEligible": "1"
    },
    {
        "ASIN": "B07FP453RC",
        "title": "[I'm From] Mugwort Essence 5.4 Fl Oz | 100% Vegan Mugwort Extract - Soothe Sensitive and Irritated Skin, Redness Relief, Refreshing, Hydrating toner | All Skin Types, PETA approved",
        "price": "$28.57 ($5.25 / Fl Oz)",
        "listPrice": "",
        "imageUrl": "https://m.media-amazon.com/images/I/417P39KIw4L._SL160_.jpg",
        "detailPageURL": "https://www.amazon.com/dp/B07FP453RC",
        "rating": "4.6",
        "totalReviews": "996",
        "subtitle": "I'm from",
        "isPrimeEligible": "1"
    },
    {
        "ASIN": "B08YFFFW3M",
        "title": "essence | Cranberry Lip Oil | pH-Reactive, Hydrating, Non-Sticky | With Vitamin E & Cranberry Oil | Vegan & Cruelty Free",
        "price": "$4.99 ($35.64 / Fl Oz)",
        "listPrice": "",
        "imageUrl": "https://m.media-amazon.com/images/I/31-LIc5SIkL._SL160_.jpg",
        "detailPageURL": "https://www.amazon.com/dp/B08YFFFW3M",
        "rating": "4.4",
        "totalReviews": "55",
        "subtitle": "essence cosmetics",
        "isPrimeEligible": "1"
    },
    {
        "ASIN": "B07MPB27B1",
        "title": "MISSHA Time Revolution The First Treatment Essence RX 150ml - Essence/Toner That Moisturizes and Smoothes The Skin Creating A Clean Base - Amazon Code Verified for Authenticity",
        "price": "$31.00 ($6.08 / Fl Oz)",
        "listPrice": "",
        "imageUrl": "https://m.media-amazon.com/images/I/21pkiz2NgEL._SL160_.jpg",
        "detailPageURL": "https://www.amazon.com/dp/B07MPB27B1",
        "rating": "4.6",
        "totalReviews": "1060",
        "subtitle": "",
        "isPrimeEligible": "1"
    },
    {
        "ASIN": "B08Y5XGM3Z",
        "title": "Vegan Kombucha Cream Essence, Cruelty Free\u3163The most Effective all-in-one serum\u3163Korean Skin Care Contains Kombucha, Tea extract 78%, Camellia, Sunflower Seed Oil\u3163Not Tested On Animals | Dr.Ceuracle",
        "price": "$32.99 ($6.51 / Fl Oz)",
        "listPrice": "",
        "imageUrl": "https://m.media-amazon.com/images/I/31gscgLoscL._SL160_.jpg",
        "detailPageURL": "https://www.amazon.com/dp/B08Y5XGM3Z",
        "rating": "4.7",
        "totalReviews": "773",
        "subtitle": "Dr. Ceuracle",
        "isPrimeEligible": "1"
    },
    {
        "ASIN": "B08Y8MJXKS",
        "title": "The Essence: The Hidden World Series Book One",
        "price": "$0.99",
        "listPrice": "",
        "imageUrl": "https://m.media-amazon.com/images/I/41E2H4+YiVL._SL160_.jpg",
        "detailPageURL": "https://www.amazon.com/dp/B08Y8MJXKS",
        "rating": "5.0",
        "totalReviews": "14",
        "subtitle": "",
        "isPrimeEligible": "0"
    },
    {
        "ASIN": "B0CHRBZWB8",
        "title": "Botox Face Serum, Duplicate Cono Peptide Essence 84%, Botox in a Bottle Instant Face Tightening for Face Fade Fine Lines, Boost Skin Collagen Anti Aging Serum for All Skin Type (3Pcs)",
        "price": "$10.99 ($10.99 / Fl Oz)",
        "listPrice": "",
        "imageUrl": "https://m.media-amazon.com/images/I/51R1gc3Vv8L._SL160_.jpg",
        "detailPageURL": "https://www.amazon.com/dp/B0CHRBZWB8",
        "rating": "",
        "totalReviews": "",
        "subtitle": "ESULOMP",
        "isPrimeEligible": "0"
    },
    {
        "ASIN": "B012XYSK1G",
        "title": "essence | I Love Extreme Volume Mascara Waterproof | Paraben Free | Cruelty Free | Black (Pack of 1, Waterproof)",
        "price": "$4.99 ($12.48 / Fl Oz)",
        "listPrice": "",
        "imageUrl": "https://m.media-amazon.com/images/I/41oB3r3qXAL._SL160_.jpg",
        "detailPageURL": "https://www.amazon.com/dp/B012XYSK1G",
        "rating": "4.1",
        "totalReviews": "3785",
        "subtitle": "essence cosmetics",
        "isPrimeEligible": "1"
    },
    {
        "ASIN": "B0B56TXR7W",
        "title": "essence | Baby Got Blush | Easy to Apply & Blend Pigmented Cream Blush Stick | Vegan & Cruelty Free | Free From Gluten, Parabens, & Microplastic Particles (20 | Peaches & Cream)",
        "price": "$4.99 ($27.72 / Fl Oz)",
        "listPrice": "",
        "imageUrl": "https://m.media-amazon.com/images/I/41RhwEZidKL._SL160_.jpg",
        "detailPageURL": "https://www.amazon.com/dp/B0B56TXR7W",
        "rating": "4.0",
        "totalReviews": "65",
        "subtitle": "essence cosmetics",
        "isPrimeEligible": "1"
    },
    {
        "ASIN": "B091G3NSJY",
        "title": "essence | 3-Pack Make Me Brow Eyebrow Gel Mascara | Infused with Fibers to Fill & Sculpt | Vegan & Paraben Free | Cruelty Free (04 | Ashy Brows)",
        "price": "$8.97 ($23.00 / Fl Oz)",
        "listPrice": "",
        "imageUrl": "https://m.media-amazon.com/images/I/31oJ5RFa-8L._SL160_.jpg",
        "detailPageURL": "https://www.amazon.com/dp/B091G3NSJY",
        "rating": "4.3",
        "totalReviews": "1853",
        "subtitle": "essence cosmetics",
        "isPrimeEligible": "1"
    },
    {
        "ASIN": "B07FP453RC",
        "title": "[I'm From] Mugwort Essence 5.4 Fl Oz | 100% Vegan Mugwort Extract - Soothe Sensitive and Irritated Skin, Redness Relief, Refreshing, Hydrating toner | All Skin Types, PETA approved",
        "price": "$28.57 ($5.25 / Fl Oz)",
        "listPrice": "",
        "imageUrl": "https://m.media-amazon.com/images/I/417P39KIw4L._SL160_.jpg",
        "detailPageURL": "https://www.amazon.com/dp/B07FP453RC",
        "rating": "4.6",
        "totalReviews": "996",
        "subtitle": "I'm from",
        "isPrimeEligible": "1"
    },
    {
        "ASIN": "B08YFFFW3M",
        "title": "essence | Cranberry Lip Oil | pH-Reactive, Hydrating, Non-Sticky | With Vitamin E & Cranberry Oil | Vegan & Cruelty Free",
        "price": "$4.99 ($35.64 / Fl Oz)",
        "listPrice": "",
        "imageUrl": "https://m.media-amazon.com/images/I/31-LIc5SIkL._SL160_.jpg",
        "detailPageURL": "https://www.amazon.com/dp/B08YFFFW3M",
        "rating": "4.4",
        "totalReviews": "55",
        "subtitle": "essence cosmetics",
        "isPrimeEligible": "1"
    },
    {
        "ASIN": "B07MPB27B1",
        "title": "MISSHA Time Revolution The First Treatment Essence RX 150ml - Essence/Toner That Moisturizes and Smoothes The Skin Creating A Clean Base - Amazon Code Verified for Authenticity",
        "price": "$31.00 ($6.08 / Fl Oz)",
        "listPrice": "",
        "imageUrl": "https://m.media-amazon.com/images/I/21pkiz2NgEL._SL160_.jpg",
        "detailPageURL": "https://www.amazon.com/dp/B07MPB27B1",
        "rating": "4.6",
        "totalReviews": "1060",
        "subtitle": "",
        "isPrimeEligible": "1"
    },
    {
        "ASIN": "B08Y5XGM3Z",
        "title": "Vegan Kombucha Cream Essence, Cruelty Free\u3163The most Effective all-in-one serum\u3163Korean Skin Care Contains Kombucha, Tea extract 78%, Camellia, Sunflower Seed Oil\u3163Not Tested On Animals | Dr.Ceuracle",
        "price": "$32.99 ($6.51 / Fl Oz)",
        "listPrice": "",
        "imageUrl": "https://m.media-amazon.com/images/I/31gscgLoscL._SL160_.jpg",
        "detailPageURL": "https://www.amazon.com/dp/B08Y5XGM3Z",
        "rating": "4.7",
        "totalReviews": "773",
        "subtitle": "Dr. Ceuracle",
        "isPrimeEligible": "1"
    },
    {
        "ASIN": "B08Y8MJXKS",
        "title": "The Essence: The Hidden World Series Book One",
        "price": "$0.99",
        "listPrice": "",
        "imageUrl": "https://m.media-amazon.com/images/I/41E2H4+YiVL._SL160_.jpg",
        "detailPageURL": "https://www.amazon.com/dp/B08Y8MJXKS",
        "rating": "5.0",
        "totalReviews": "14",
        "subtitle": "",
        "isPrimeEligible": "0"
    },
    {
        "ASIN": "B0CHRBZWB8",
        "title": "Botox Face Serum, Duplicate Cono Peptide Essence 84%, Botox in a Bottle Instant Face Tightening for Face Fade Fine Lines, Boost Skin Collagen Anti Aging Serum for All Skin Type (3Pcs)",
        "price": "$10.99 ($10.99 / Fl Oz)",
        "listPrice": "",
        "imageUrl": "https://m.media-amazon.com/images/I/51R1gc3Vv8L._SL160_.jpg",
        "detailPageURL": "https://www.amazon.com/dp/B0CHRBZWB8",
        "rating": "",
        "totalReviews": "",
        "subtitle": "ESULOMP",
        "isPrimeEligible": "0"
    },
    {
        "ASIN": "B012XYSK1G",
        "title": "essence | I Love Extreme Volume Mascara Waterproof | Paraben Free | Cruelty Free | Black (Pack of 1, Waterproof)",
        "price": "$4.99 ($12.48 / Fl Oz)",
        "listPrice": "",
        "imageUrl": "https://m.media-amazon.com/images/I/41oB3r3qXAL._SL160_.jpg",
        "detailPageURL": "https://www.amazon.com/dp/B012XYSK1G",
        "rating": "4.1",
        "totalReviews": "3785",
        "subtitle": "essence cosmetics",
        "isPrimeEligible": "1"
    },
    {
        "ASIN": "B0B56TXR7W",
        "title": "essence | Baby Got Blush | Easy to Apply & Blend Pigmented Cream Blush Stick | Vegan & Cruelty Free | Free From Gluten, Parabens, & Microplastic Particles (20 | Peaches & Cream)",
        "price": "$4.99 ($27.72 / Fl Oz)",
        "listPrice": "",
        "imageUrl": "https://m.media-amazon.com/images/I/41RhwEZidKL._SL160_.jpg",
        "detailPageURL": "https://www.amazon.com/dp/B0B56TXR7W",
        "rating": "4.0",
        "totalReviews": "65",
        "subtitle": "essence cosmetics",
        "isPrimeEligible": "1"
    },
    {
        "ASIN": "B091G3NSJY",
        "title": "essence | 3-Pack Make Me Brow Eyebrow Gel Mascara | Infused with Fibers to Fill & Sculpt | Vegan & Paraben Free | Cruelty Free (04 | Ashy Brows)",
        "price": "$8.97 ($23.00 / Fl Oz)",
        "listPrice": "",
        "imageUrl": "https://m.media-amazon.com/images/I/31oJ5RFa-8L._SL160_.jpg",
        "detailPageURL": "https://www.amazon.com/dp/B091G3NSJY",
        "rating": "4.3",
        "totalReviews": "1853",
        "subtitle": "essence cosmetics",
        "isPrimeEligible": "1"
    },
    {
        "ASIN": "B0851FDRTM",
        "title": "essence | My Skin Perfector Tinted Primer | Instant Blur Effect & Natural Matte Finish | Vegan, Paraben Free, Oil Free | Cruelty Free | (30 | Medium Beige)",
        "price": "$7.24 ($7.17 / Fl Oz)",
        "listPrice": "",
        "imageUrl": "https://m.media-amazon.com/images/I/3188WghRRPL._SL160_.jpg",
        "detailPageURL": "https://www.amazon.com/dp/B0851FDRTM",
        "rating": "3.8",
        "totalReviews": "518",
        "subtitle": "essence cosmetics",
        "isPrimeEligible": "1"
    },
    {
        "ASIN": "B08YFFFW3M",
        "title": "essence | Cranberry Lip Oil | pH-Reactive, Hydrating, Non-Sticky | With Vitamin E & Cranberry Oil | Vegan & Cruelty Free",
        "price": "$4.99 ($35.64 / Fl Oz)",
        "listPrice": "",
        "imageUrl": "https://m.media-amazon.com/images/I/31-LIc5SIkL._SL160_.jpg",
        "detailPageURL": "https://www.amazon.com/dp/B08YFFFW3M",
        "rating": "4.4",
        "totalReviews": "55",
        "subtitle": "essence cosmetics",
        "isPrimeEligible": "1"
    },
    {
        "ASIN": "B07MPB27B1",
        "title": "MISSHA Time Revolution The First Treatment Essence RX 150ml - Essence/Toner That Moisturizes and Smoothes The Skin Creating A Clean Base - Amazon Code Verified for Authenticity",
        "price": "$31.00 ($6.08 / Fl Oz)",
        "listPrice": "",
        "imageUrl": "https://m.media-amazon.com/images/I/21pkiz2NgEL._SL160_.jpg",
        "detailPageURL": "https://www.amazon.com/dp/B07MPB27B1",
        "rating": "4.6",
        "totalReviews": "1060",
        "subtitle": "",
        "isPrimeEligible": "1"
    },
    {
        "ASIN": "B08Y5XGM3Z",
        "title": "Vegan Kombucha Cream Essence, Cruelty Free\u3163The most Effective all-in-one serum\u3163Korean Skin Care Contains Kombucha, Tea extract 78%, Camellia, Sunflower Seed Oil\u3163Not Tested On Animals | Dr.Ceuracle",
        "price": "$32.99 ($6.51 / Fl Oz)",
        "listPrice": "",
        "imageUrl": "https://m.media-amazon.com/images/I/31gscgLoscL._SL160_.jpg",
        "detailPageURL": "https://www.amazon.com/dp/B08Y5XGM3Z",
        "rating": "4.7",
        "totalReviews": "773",
        "subtitle": "Dr. Ceuracle",
        "isPrimeEligible": "1"
    },
    {
        "ASIN": "B08Y8MJXKS",
        "title": "The Essence: The Hidden World Series Book One",
        "price": "$0.99",
        "listPrice": "",
        "imageUrl": "https://m.media-amazon.com/images/I/41E2H4+YiVL._SL160_.jpg",
        "detailPageURL": "https://www.amazon.com/dp/B08Y8MJXKS",
        "rating": "5.0",
        "totalReviews": "14",
        "subtitle": "",
        "isPrimeEligible": "0"
    },
    {
        "ASIN": "B0CHRBZWB8",
        "title": "Botox Face Serum, Duplicate Cono Peptide Essence 84%, Botox in a Bottle Instant Face Tightening for Face Fade Fine Lines, Boost Skin Collagen Anti Aging Serum for All Skin Type (3Pcs)",
        "price": "$10.99 ($10.99 / Fl Oz)",
        "listPrice": "",
        "imageUrl": "https://m.media-amazon.com/images/I/51R1gc3Vv8L._SL160_.jpg",
        "detailPageURL": "https://www.amazon.com/dp/B0CHRBZWB8",
        "rating": "",
        "totalReviews": "",
        "subtitle": "ESULOMP",
        "isPrimeEligible": "0"
    },
    {
        "ASIN": "B012XYSK1G",
        "title": "essence | I Love Extreme Volume Mascara Waterproof | Paraben Free | Cruelty Free | Black (Pack of 1, Waterproof)",
        "price": "$4.99 ($12.48 / Fl Oz)",
        "listPrice": "",
        "imageUrl": "https://m.media-amazon.com/images/I/41oB3r3qXAL._SL160_.jpg",
        "detailPageURL": "https://www.amazon.com/dp/B012XYSK1G",
        "rating": "4.1",
        "totalReviews": "3785",
        "subtitle": "essence cosmetics",
        "isPrimeEligible": "1"
    },
    {
        "ASIN": "B0B56TXR7W",
        "title": "essence | Baby Got Blush | Easy to Apply & Blend Pigmented Cream Blush Stick | Vegan & Cruelty Free | Free From Gluten, Parabens, & Microplastic Particles (20 | Peaches & Cream)",
        "price": "$4.99 ($27.72 / Fl Oz)",
        "listPrice": "",
        "imageUrl": "https://m.media-amazon.com/images/I/41RhwEZidKL._SL160_.jpg",
        "detailPageURL": "https://www.amazon.com/dp/B0B56TXR7W",
        "rating": "4.0",
        "totalReviews": "65",
        "subtitle": "essence cosmetics",
        "isPrimeEligible": "1"
    },
    {
        "ASIN": "B091G3NSJY",
        "title": "essence | 3-Pack Make Me Brow Eyebrow Gel Mascara | Infused with Fibers to Fill & Sculpt | Vegan & Paraben Free | Cruelty Free (04 | Ashy Brows)",
        "price": "$8.97 ($23.00 / Fl Oz)",
        "listPrice": "",
        "imageUrl": "https://m.media-amazon.com/images/I/31oJ5RFa-8L._SL160_.jpg",
        "detailPageURL": "https://www.amazon.com/dp/B091G3NSJY",
        "rating": "4.3",
        "totalReviews": "1853",
        "subtitle": "essence cosmetics",
        "isPrimeEligible": "1"
    },
    {
        "ASIN": "B0851FDRTM",
        "title": "essence | My Skin Perfector Tinted Primer | Instant Blur Effect & Natural Matte Finish | Vegan, Paraben Free, Oil Free | Cruelty Free | (30 | Medium Beige)",
        "price": "$7.24 ($7.17 / Fl Oz)",
        "listPrice": "",
        "imageUrl": "https://m.media-amazon.com/images/I/3188WghRRPL._SL160_.jpg",
        "detailPageURL": "https://www.amazon.com/dp/B0851FDRTM",
        "rating": "3.8",
        "totalReviews": "518",
        "subtitle": "essence cosmetics",
        "isPrimeEligible": "1"
    },
    {
        "ASIN": "B07VDWSR96",
        "title": "Essence: Yoga Workout for Core & Abs Strengthening | Six Pack Exercise",
        "price": "$2.99",
        "listPrice": "",
        "imageUrl": "https://m.media-amazon.com/images/I/511lRFLpAuL._SL160_.jpg",
        "detailPageURL": "https://www.amazon.com/dp/B07VDWSR96",
        "rating": "4.4",
        "totalReviews": "12",
        "subtitle": "",
        "isPrimeEligible": "0"
    },
    {
        "ASIN": "B07MPB27B1",
        "title": "MISSHA Time Revolution The First Treatment Essence RX 150ml - Essence/Toner That Moisturizes and Smoothes The Skin Creating A Clean Base - Amazon Code Verified for Authenticity",
        "price": "$31.00 ($6.08 / Fl Oz)",
        "listPrice": "",
        "imageUrl": "https://m.media-amazon.com/images/I/21pkiz2NgEL._SL160_.jpg",
        "detailPageURL": "https://www.amazon.com/dp/B07MPB27B1",
        "rating": "4.6",
        "totalReviews": "1060",
        "subtitle": "",
        "isPrimeEligible": "1"
    },
    {
        "ASIN": "B08Y5XGM3Z",
        "title": "Vegan Kombucha Cream Essence, Cruelty Free\u3163The most Effective all-in-one serum\u3163Korean Skin Care Contains Kombucha, Tea extract 78%, Camellia, Sunflower Seed Oil\u3163Not Tested On Animals | Dr.Ceuracle",
        "price": "$32.99 ($6.51 / Fl Oz)",
        "listPrice": "",
        "imageUrl": "https://m.media-amazon.com/images/I/31gscgLoscL._SL160_.jpg",
        "detailPageURL": "https://www.amazon.com/dp/B08Y5XGM3Z",
        "rating": "4.7",
        "totalReviews": "773",
        "subtitle": "Dr. Ceuracle",
        "isPrimeEligible": "1"
    },
    {
        "ASIN": "B08Y8MJXKS",
        "title": "The Essence: The Hidden World Series Book One",
        "price": "$0.99",
        "listPrice": "",
        "imageUrl": "https://m.media-amazon.com/images/I/41E2H4+YiVL._SL160_.jpg",
        "detailPageURL": "https://www.amazon.com/dp/B08Y8MJXKS",
        "rating": "5.0",
        "totalReviews": "14",
        "subtitle": "",
        "isPrimeEligible": "0"
    },
    {
        "ASIN": "B0CHRBZWB8",
        "title": "Botox Face Serum, Duplicate Cono Peptide Essence 84%, Botox in a Bottle Instant Face Tightening for Face Fade Fine Lines, Boost Skin Collagen Anti Aging Serum for All Skin Type (3Pcs)",
        "price": "$10.99 ($10.99 / Fl Oz)",
        "listPrice": "",
        "imageUrl": "https://m.media-amazon.com/images/I/51R1gc3Vv8L._SL160_.jpg",
        "detailPageURL": "https://www.amazon.com/dp/B0CHRBZWB8",
        "rating": "",
        "totalReviews": "",
        "subtitle": "ESULOMP",
        "isPrimeEligible": "0"
    },
    {
        "ASIN": "B012XYSK1G",
        "title": "essence | I Love Extreme Volume Mascara Waterproof | Paraben Free | Cruelty Free | Black (Pack of 1, Waterproof)",
        "price": "$4.99 ($12.48 / Fl Oz)",
        "listPrice": "",
        "imageUrl": "https://m.media-amazon.com/images/I/41oB3r3qXAL._SL160_.jpg",
        "detailPageURL": "https://www.amazon.com/dp/B012XYSK1G",
        "rating": "4.1",
        "totalReviews": "3785",
        "subtitle": "essence cosmetics",
        "isPrimeEligible": "1"
    },
    {
        "ASIN": "B0B56TXR7W",
        "title": "essence | Baby Got Blush | Easy to Apply & Blend Pigmented Cream Blush Stick | Vegan & Cruelty Free | Free From Gluten, Parabens, & Microplastic Particles (20 | Peaches & Cream)",
        "price": "$4.99 ($27.72 / Fl Oz)",
        "listPrice": "",
        "imageUrl": "https://m.media-amazon.com/images/I/41RhwEZidKL._SL160_.jpg",
        "detailPageURL": "https://www.amazon.com/dp/B0B56TXR7W",
        "rating": "4.0",
        "totalReviews": "65",
        "subtitle": "essence cosmetics",
        "isPrimeEligible": "1"
    },
    {
        "ASIN": "B091G3NSJY",
        "title": "essence | 3-Pack Make Me Brow Eyebrow Gel Mascara | Infused with Fibers to Fill & Sculpt | Vegan & Paraben Free | Cruelty Free (04 | Ashy Brows)",
        "price": "$8.97 ($23.00 / Fl Oz)",
        "listPrice": "",
        "imageUrl": "https://m.media-amazon.com/images/I/31oJ5RFa-8L._SL160_.jpg",
        "detailPageURL": "https://www.amazon.com/dp/B091G3NSJY",
        "rating": "4.3",
        "totalReviews": "1853",
        "subtitle": "essence cosmetics",
        "isPrimeEligible": "1"
    },
    {
        "ASIN": "B0851FDRTM",
        "title": "essence | My Skin Perfector Tinted Primer | Instant Blur Effect & Natural Matte Finish | Vegan, Paraben Free, Oil Free | Cruelty Free | (30 | Medium Beige)",
        "price": "$7.24 ($7.17 / Fl Oz)",
        "listPrice": "",
        "imageUrl": "https://m.media-amazon.com/images/I/3188WghRRPL._SL160_.jpg",
        "detailPageURL": "https://www.amazon.com/dp/B0851FDRTM",
        "rating": "3.8",
        "totalReviews": "518",
        "subtitle": "essence cosmetics",
        "isPrimeEligible": "1"
    },
    {
        "ASIN": "B07VDWSR96",
        "title": "Essence: Yoga Workout for Core & Abs Strengthening | Six Pack Exercise",
        "price": "$2.99",
        "listPrice": "",
        "imageUrl": "https://m.media-amazon.com/images/I/511lRFLpAuL._SL160_.jpg",
        "detailPageURL": "https://www.amazon.com/dp/B07VDWSR96",
        "rating": "4.4",
        "totalReviews": "12",
        "subtitle": "",
        "isPrimeEligible": "0"
    },
    {
        "ASIN": "B0CH8D9TMC",
        "title": "Cono Peptide Essence, Cono Peptide Essence 84%, Essence Anti-Aging Wrinkle Serum Instant Face Skin Care, Reduce Pigmentation and Fine Lines(2Pcs)",
        "price": "$9.90 ($9.90 / Fl Oz)",
        "listPrice": "",
        "imageUrl": "https://m.media-amazon.com/images/I/41Vdhjj4DlL._SL160_.jpg",
        "detailPageURL": "https://www.amazon.com/dp/B0CH8D9TMC",
        "rating": "",
        "totalReviews": "",
        "subtitle": "Rednow",
        "isPrimeEligible": "1"
    },
    {
        "ASIN": "B08Y5XGM3Z",
        "title": "Vegan Kombucha Cream Essence, Cruelty Free\u3163The most Effective all-in-one serum\u3163Korean Skin Care Contains Kombucha, Tea extract 78%, Camellia, Sunflower Seed Oil\u3163Not Tested On Animals | Dr.Ceuracle",
        "price": "$32.99 ($6.51 / Fl Oz)",
        "listPrice": "",
        "imageUrl": "https://m.media-amazon.com/images/I/31gscgLoscL._SL160_.jpg",
        "detailPageURL": "https://www.amazon.com/dp/B08Y5XGM3Z",
        "rating": "4.7",
        "totalReviews": "773",
        "subtitle": "Dr. Ceuracle",
        "isPrimeEligible": "1"
    },
    {
        "ASIN": "B08Y8MJXKS",
        "title": "The Essence: The Hidden World Series Book One",
        "price": "$0.99",
        "listPrice": "",
        "imageUrl": "https://m.media-amazon.com/images/I/41E2H4+YiVL._SL160_.jpg",
        "detailPageURL": "https://www.amazon.com/dp/B08Y8MJXKS",
        "rating": "5.0",
        "totalReviews": "14",
        "subtitle": "",
        "isPrimeEligible": "0"
    },
    {
        "ASIN": "B0CHRBZWB8",
        "title": "Botox Face Serum, Duplicate Cono Peptide Essence 84%, Botox in a Bottle Instant Face Tightening for Face Fade Fine Lines, Boost Skin Collagen Anti Aging Serum for All Skin Type (3Pcs)",
        "price": "$10.99 ($10.99 / Fl Oz)",
        "listPrice": "",
        "imageUrl": "https://m.media-amazon.com/images/I/51R1gc3Vv8L._SL160_.jpg",
        "detailPageURL": "https://www.amazon.com/dp/B0CHRBZWB8",
        "rating": "",
        "totalReviews": "",
        "subtitle": "ESULOMP",
        "isPrimeEligible": "0"
    },
    {
        "ASIN": "B012XYSK1G",
        "title": "essence | I Love Extreme Volume Mascara Waterproof | Paraben Free | Cruelty Free | Black (Pack of 1, Waterproof)",
        "price": "$4.99 ($12.48 / Fl Oz)",
        "listPrice": "",
        "imageUrl": "https://m.media-amazon.com/images/I/41oB3r3qXAL._SL160_.jpg",
        "detailPageURL": "https://www.amazon.com/dp/B012XYSK1G",
        "rating": "4.1",
        "totalReviews": "3785",
        "subtitle": "essence cosmetics",
        "isPrimeEligible": "1"
    },
    {
        "ASIN": "B0B56TXR7W",
        "title": "essence | Baby Got Blush | Easy to Apply & Blend Pigmented Cream Blush Stick | Vegan & Cruelty Free | Free From Gluten, Parabens, & Microplastic Particles (20 | Peaches & Cream)",
        "price": "$4.99 ($27.72 / Fl Oz)",
        "listPrice": "",
        "imageUrl": "https://m.media-amazon.com/images/I/41RhwEZidKL._SL160_.jpg",
        "detailPageURL": "https://www.amazon.com/dp/B0B56TXR7W",
        "rating": "4.0",
        "totalReviews": "65",
        "subtitle": "essence cosmetics",
        "isPrimeEligible": "1"
    },
    {
        "ASIN": "B091G3NSJY",
        "title": "essence | 3-Pack Make Me Brow Eyebrow Gel Mascara | Infused with Fibers to Fill & Sculpt | Vegan & Paraben Free | Cruelty Free (04 | Ashy Brows)",
        "price": "$8.97 ($23.00 / Fl Oz)",
        "listPrice": "",
        "imageUrl": "https://m.media-amazon.com/images/I/31oJ5RFa-8L._SL160_.jpg",
        "detailPageURL": "https://www.amazon.com/dp/B091G3NSJY",
        "rating": "4.3",
        "totalReviews": "1853",
        "subtitle": "essence cosmetics",
        "isPrimeEligible": "1"
    },
    {
        "ASIN": "B0851FDRTM",
        "title": "essence | My Skin Perfector Tinted Primer | Instant Blur Effect & Natural Matte Finish | Vegan, Paraben Free, Oil Free | Cruelty Free | (30 | Medium Beige)",
        "price": "$7.24 ($7.17 / Fl Oz)",
        "listPrice": "",
        "imageUrl": "https://m.media-amazon.com/images/I/3188WghRRPL._SL160_.jpg",
        "detailPageURL": "https://www.amazon.com/dp/B0851FDRTM",
        "rating": "3.8",
        "totalReviews": "518",
        "subtitle": "essence cosmetics",
        "isPrimeEligible": "1"
    },
    {
        "ASIN": "B07VDWSR96",
        "title": "Essence: Yoga Workout for Core & Abs Strengthening | Six Pack Exercise",
        "price": "$2.99",
        "listPrice": "",
        "imageUrl": "https://m.media-amazon.com/images/I/511lRFLpAuL._SL160_.jpg",
        "detailPageURL": "https://www.amazon.com/dp/B07VDWSR96",
        "rating": "4.4",
        "totalReviews": "12",
        "subtitle": "",
        "isPrimeEligible": "0"
    },
    {
        "ASIN": "B0CH8D9TMC",
        "title": "Cono Peptide Essence, Cono Peptide Essence 84%, Essence Anti-Aging Wrinkle Serum Instant Face Skin Care, Reduce Pigmentation and Fine Lines(2Pcs)",
        "price": "$9.90 ($9.90 / Fl Oz)",
        "listPrice": "",
        "imageUrl": "https://m.media-amazon.com/images/I/41Vdhjj4DlL._SL160_.jpg",
        "detailPageURL": "https://www.amazon.com/dp/B0CH8D9TMC",
        "rating": "",
        "totalReviews": "",
        "subtitle": "Rednow",
        "isPrimeEligible": "1"
    },
    {
        "ASIN": "B08XZVRGNR",
        "title": "essence | HELLO, GOOD STUFF! Milky Moisturizer | Lightweight, Hydrating, & Enriched with Turmeric & Oat Water | Vegan & Cruelty Free | Paraben Free",
        "price": "$8.98 ($8.98 / Fl Oz)",
        "listPrice": "",
        "imageUrl": "https://m.media-amazon.com/images/I/31PVTE2tENL._SL160_.jpg",
        "detailPageURL": "https://www.amazon.com/dp/B08XZVRGNR",
        "rating": "4.4",
        "totalReviews": "111",
        "subtitle": "essence cosmetics",
        "isPrimeEligible": "1"
    },
    {
        "ASIN": "B08Y8MJXKS",
        "title": "The Essence: The Hidden World Series Book One",
        "price": "$0.99",
        "listPrice": "",
        "imageUrl": "https://m.media-amazon.com/images/I/41E2H4+YiVL._SL160_.jpg",
        "detailPageURL": "https://www.amazon.com/dp/B08Y8MJXKS",
        "rating": "5.0",
        "totalReviews": "14",
        "subtitle": "",
        "isPrimeEligible": "0"
    },
    {
        "ASIN": "B0CHRBZWB8",
        "title": "Botox Face Serum, Duplicate Cono Peptide Essence 84%, Botox in a Bottle Instant Face Tightening for Face Fade Fine Lines, Boost Skin Collagen Anti Aging Serum for All Skin Type (3Pcs)",
        "price": "$10.99 ($10.99 / Fl Oz)",
        "listPrice": "",
        "imageUrl": "https://m.media-amazon.com/images/I/51R1gc3Vv8L._SL160_.jpg",
        "detailPageURL": "https://www.amazon.com/dp/B0CHRBZWB8",
        "rating": "",
        "totalReviews": "",
        "subtitle": "ESULOMP",
        "isPrimeEligible": "0"
    },
    {
        "ASIN": "B012XYSK1G",
        "title": "essence | I Love Extreme Volume Mascara Waterproof | Paraben Free | Cruelty Free | Black (Pack of 1, Waterproof)",
        "price": "$4.99 ($12.48 / Fl Oz)",
        "listPrice": "",
        "imageUrl": "https://m.media-amazon.com/images/I/41oB3r3qXAL._SL160_.jpg",
        "detailPageURL": "https://www.amazon.com/dp/B012XYSK1G",
        "rating": "4.1",
        "totalReviews": "3785",
        "subtitle": "essence cosmetics",
        "isPrimeEligible": "1"
    },
    {
        "ASIN": "B0B56TXR7W",
        "title": "essence | Baby Got Blush | Easy to Apply & Blend Pigmented Cream Blush Stick | Vegan & Cruelty Free | Free From Gluten, Parabens, & Microplastic Particles (20 | Peaches & Cream)",
        "price": "$4.99 ($27.72 / Fl Oz)",
        "listPrice": "",
        "imageUrl": "https://m.media-amazon.com/images/I/41RhwEZidKL._SL160_.jpg",
        "detailPageURL": "https://www.amazon.com/dp/B0B56TXR7W",
        "rating": "4.0",
        "totalReviews": "65",
        "subtitle": "essence cosmetics",
        "isPrimeEligible": "1"
    },
    {
        "ASIN": "B091G3NSJY",
        "title": "essence | 3-Pack Make Me Brow Eyebrow Gel Mascara | Infused with Fibers to Fill & Sculpt | Vegan & Paraben Free | Cruelty Free (04 | Ashy Brows)",
        "price": "$8.97 ($23.00 / Fl Oz)",
        "listPrice": "",
        "imageUrl": "https://m.media-amazon.com/images/I/31oJ5RFa-8L._SL160_.jpg",
        "detailPageURL": "https://www.amazon.com/dp/B091G3NSJY",
        "rating": "4.3",
        "totalReviews": "1853",
        "subtitle": "essence cosmetics",
        "isPrimeEligible": "1"
    },
    {
        "ASIN": "B0851FDRTM",
        "title": "essence | My Skin Perfector Tinted Primer | Instant Blur Effect & Natural Matte Finish | Vegan, Paraben Free, Oil Free | Cruelty Free | (30 | Medium Beige)",
        "price": "$7.24 ($7.17 / Fl Oz)",
        "listPrice": "",
        "imageUrl": "https://m.media-amazon.com/images/I/3188WghRRPL._SL160_.jpg",
        "detailPageURL": "https://www.amazon.com/dp/B0851FDRTM",
        "rating": "3.8",
        "totalReviews": "518",
        "subtitle": "essence cosmetics",
        "isPrimeEligible": "1"
    },
    {
        "ASIN": "B07VDWSR96",
        "title": "Essence: Yoga Workout for Core & Abs Strengthening | Six Pack Exercise",
        "price": "$2.99",
        "listPrice": "",
        "imageUrl": "https://m.media-amazon.com/images/I/511lRFLpAuL._SL160_.jpg",
        "detailPageURL": "https://www.amazon.com/dp/B07VDWSR96",
        "rating": "4.4",
        "totalReviews": "12",
        "subtitle": "",
        "isPrimeEligible": "0"
    },
    {
        "ASIN": "B0CH8D9TMC",
        "title": "Cono Peptide Essence, Cono Peptide Essence 84%, Essence Anti-Aging Wrinkle Serum Instant Face Skin Care, Reduce Pigmentation and Fine Lines(2Pcs)",
        "price": "$9.90 ($9.90 / Fl Oz)",
        "listPrice": "",
        "imageUrl": "https://m.media-amazon.com/images/I/41Vdhjj4DlL._SL160_.jpg",
        "detailPageURL": "https://www.amazon.com/dp/B0CH8D9TMC",
        "rating": "",
        "totalReviews": "",
        "subtitle": "Rednow",
        "isPrimeEligible": "1"
    },
    {
        "ASIN": "B08XZVRGNR",
        "title": "essence | HELLO, GOOD STUFF! Milky Moisturizer | Lightweight, Hydrating, & Enriched with Turmeric & Oat Water | Vegan & Cruelty Free | Paraben Free",
        "price": "$8.98 ($8.98 / Fl Oz)",
        "listPrice": "",
        "imageUrl": "https://m.media-amazon.com/images/I/31PVTE2tENL._SL160_.jpg",
        "detailPageURL": "https://www.amazon.com/dp/B08XZVRGNR",
        "rating": "4.4",
        "totalReviews": "111",
        "subtitle": "essence cosmetics",
        "isPrimeEligible": "1"
    },
    {
        "ASIN": "B07MP7M4YL",
        "title": "Hanskin Real Complexion Hyaluron Skin Essence - Hyaluronic Acid, Moisturizing, Glowing, Soft & Fragrance-Free [5.07 fl. oz. (150 ml)]",
        "price": "$25.00 ($4.93 / Fl Oz)",
        "listPrice": "",
        "imageUrl": "https://m.media-amazon.com/images/I/41j17xEV13L._SL160_.jpg",
        "detailPageURL": "https://www.amazon.com/dp/B07MP7M4YL",
        "rating": "4.7",
        "totalReviews": "778",
        "subtitle": "Hanskin",
        "isPrimeEligible": "1"
    },
    {
        "ASIN": "B0CHRBZWB8",
        "title": "Botox Face Serum, Duplicate Cono Peptide Essence 84%, Botox in a Bottle Instant Face Tightening for Face Fade Fine Lines, Boost Skin Collagen Anti Aging Serum for All Skin Type (3Pcs)",
        "price": "$10.99 ($10.99 / Fl Oz)",
        "listPrice": "",
        "imageUrl": "https://m.media-amazon.com/images/I/51R1gc3Vv8L._SL160_.jpg",
        "detailPageURL": "https://www.amazon.com/dp/B0CHRBZWB8",
        "rating": "",
        "totalReviews": "",
        "subtitle": "ESULOMP",
        "isPrimeEligible": "0"
    },
    {
        "ASIN": "B012XYSK1G",
        "title": "essence | I Love Extreme Volume Mascara Waterproof | Paraben Free | Cruelty Free | Black (Pack of 1, Waterproof)",
        "price": "$4.99 ($12.48 / Fl Oz)",
        "listPrice": "",
        "imageUrl": "https://m.media-amazon.com/images/I/41oB3r3qXAL._SL160_.jpg",
        "detailPageURL": "https://www.amazon.com/dp/B012XYSK1G",
        "rating": "4.1",
        "totalReviews": "3785",
        "subtitle": "essence cosmetics",
        "isPrimeEligible": "1"
    },
    {
        "ASIN": "B0B56TXR7W",
        "title": "essence | Baby Got Blush | Easy to Apply & Blend Pigmented Cream Blush Stick | Vegan & Cruelty Free | Free From Gluten, Parabens, & Microplastic Particles (20 | Peaches & Cream)",
        "price": "$4.99 ($27.72 / Fl Oz)",
        "listPrice": "",
        "imageUrl": "https://m.media-amazon.com/images/I/41RhwEZidKL._SL160_.jpg",
        "detailPageURL": "https://www.amazon.com/dp/B0B56TXR7W",
        "rating": "4.0",
        "totalReviews": "65",
        "subtitle": "essence cosmetics",
        "isPrimeEligible": "1"
    },
    {
        "ASIN": "B091G3NSJY",
        "title": "essence | 3-Pack Make Me Brow Eyebrow Gel Mascara | Infused with Fibers to Fill & Sculpt | Vegan & Paraben Free | Cruelty Free (04 | Ashy Brows)",
        "price": "$8.97 ($23.00 / Fl Oz)",
        "listPrice": "",
        "imageUrl": "https://m.media-amazon.com/images/I/31oJ5RFa-8L._SL160_.jpg",
        "detailPageURL": "https://www.amazon.com/dp/B091G3NSJY",
        "rating": "4.3",
        "totalReviews": "1853",
        "subtitle": "essence cosmetics",
        "isPrimeEligible": "1"
    },
    {
        "ASIN": "B0851FDRTM",
        "title": "essence | My Skin Perfector Tinted Primer | Instant Blur Effect & Natural Matte Finish | Vegan, Paraben Free, Oil Free | Cruelty Free | (30 | Medium Beige)",
        "price": "$7.24 ($7.17 / Fl Oz)",
        "listPrice": "",
        "imageUrl": "https://m.media-amazon.com/images/I/3188WghRRPL._SL160_.jpg",
        "detailPageURL": "https://www.amazon.com/dp/B0851FDRTM",
        "rating": "3.8",
        "totalReviews": "518",
        "subtitle": "essence cosmetics",
        "isPrimeEligible": "1"
    },
    {
        "ASIN": "B07VDWSR96",
        "title": "Essence: Yoga Workout for Core & Abs Strengthening | Six Pack Exercise",
        "price": "$2.99",
        "listPrice": "",
        "imageUrl": "https://m.media-amazon.com/images/I/511lRFLpAuL._SL160_.jpg",
        "detailPageURL": "https://www.amazon.com/dp/B07VDWSR96",
        "rating": "4.4",
        "totalReviews": "12",
        "subtitle": "",
        "isPrimeEligible": "0"
    },
    {
        "ASIN": "B0CH8D9TMC",
        "title": "Cono Peptide Essence, Cono Peptide Essence 84%, Essence Anti-Aging Wrinkle Serum Instant Face Skin Care, Reduce Pigmentation and Fine Lines(2Pcs)",
        "price": "$9.90 ($9.90 / Fl Oz)",
        "listPrice": "",
        "imageUrl": "https://m.media-amazon.com/images/I/41Vdhjj4DlL._SL160_.jpg",
        "detailPageURL": "https://www.amazon.com/dp/B0CH8D9TMC",
        "rating": "",
        "totalReviews": "",
        "subtitle": "Rednow",
        "isPrimeEligible": "1"
    },
    {
        "ASIN": "B08XZVRGNR",
        "title": "essence | HELLO, GOOD STUFF! Milky Moisturizer | Lightweight, Hydrating, & Enriched with Turmeric & Oat Water | Vegan & Cruelty Free | Paraben Free",
        "price": "$8.98 ($8.98 / Fl Oz)",
        "listPrice": "",
        "imageUrl": "https://m.media-amazon.com/images/I/31PVTE2tENL._SL160_.jpg",
        "detailPageURL": "https://www.amazon.com/dp/B08XZVRGNR",
        "rating": "4.4",
        "totalReviews": "111",
        "subtitle": "essence cosmetics",
        "isPrimeEligible": "1"
    },
    {
        "ASIN": "B07MP7M4YL",
        "title": "Hanskin Real Complexion Hyaluron Skin Essence - Hyaluronic Acid, Moisturizing, Glowing, Soft & Fragrance-Free [5.07 fl. oz. (150 ml)]",
        "price": "$25.00 ($4.93 / Fl Oz)",
        "listPrice": "",
        "imageUrl": "https://m.media-amazon.com/images/I/41j17xEV13L._SL160_.jpg",
        "detailPageURL": "https://www.amazon.com/dp/B07MP7M4YL",
        "rating": "4.7",
        "totalReviews": "778",
        "subtitle": "Hanskin",
        "isPrimeEligible": "1"
    },
    {
        "ASIN": "B07QC67KY3",
        "title": "DERMALOGY by NEOGENLAB Real Ferment Micro Essence 5.07 Fl Oz (150ml) - 93% Naturally Fermented Facial Essence, Instantly Hydrates and Delivers Healthy Supple Skin - Korean Skin Care",
        "price": "$38.00 ($7.50 / Fl Oz)",
        "listPrice": "",
        "imageUrl": "https://m.media-amazon.com/images/I/41fQBzYLe8L._SL160_.jpg",
        "detailPageURL": "https://www.amazon.com/dp/B07QC67KY3",
        "rating": "4.6",
        "totalReviews": "1529",
        "subtitle": "",
        "isPrimeEligible": "1"
    },
    {
        "ASIN": "B012XYSK1G",
        "title": "essence | I Love Extreme Volume Mascara Waterproof | Paraben Free | Cruelty Free | Black (Pack of 1, Waterproof)",
        "price": "$4.99 ($12.48 / Fl Oz)",
        "listPrice": "",
        "imageUrl": "https://m.media-amazon.com/images/I/41oB3r3qXAL._SL160_.jpg",
        "detailPageURL": "https://www.amazon.com/dp/B012XYSK1G",
        "rating": "4.1",
        "totalReviews": "3785",
        "subtitle": "essence cosmetics",
        "isPrimeEligible": "1"
    },
    {
        "ASIN": "B0B56TXR7W",
        "title": "essence | Baby Got Blush | Easy to Apply & Blend Pigmented Cream Blush Stick | Vegan & Cruelty Free | Free From Gluten, Parabens, & Microplastic Particles (20 | Peaches & Cream)",
        "price": "$4.99 ($27.72 / Fl Oz)",
        "listPrice": "",
        "imageUrl": "https://m.media-amazon.com/images/I/41RhwEZidKL._SL160_.jpg",
        "detailPageURL": "https://www.amazon.com/dp/B0B56TXR7W",
        "rating": "4.0",
        "totalReviews": "65",
        "subtitle": "essence cosmetics",
        "isPrimeEligible": "1"
    },
    {
        "ASIN": "B091G3NSJY",
        "title": "essence | 3-Pack Make Me Brow Eyebrow Gel Mascara | Infused with Fibers to Fill & Sculpt | Vegan & Paraben Free | Cruelty Free (04 | Ashy Brows)",
        "price": "$8.97 ($23.00 / Fl Oz)",
        "listPrice": "",
        "imageUrl": "https://m.media-amazon.com/images/I/31oJ5RFa-8L._SL160_.jpg",
        "detailPageURL": "https://www.amazon.com/dp/B091G3NSJY",
        "rating": "4.3",
        "totalReviews": "1853",
        "subtitle": "essence cosmetics",
        "isPrimeEligible": "1"
    },
    {
        "ASIN": "B0851FDRTM",
        "title": "essence | My Skin Perfector Tinted Primer | Instant Blur Effect & Natural Matte Finish | Vegan, Paraben Free, Oil Free | Cruelty Free | (30 | Medium Beige)",
        "price": "$7.24 ($7.17 / Fl Oz)",
        "listPrice": "",
        "imageUrl": "https://m.media-amazon.com/images/I/3188WghRRPL._SL160_.jpg",
        "detailPageURL": "https://www.amazon.com/dp/B0851FDRTM",
        "rating": "3.8",
        "totalReviews": "518",
        "subtitle": "essence cosmetics",
        "isPrimeEligible": "1"
    },
    {
        "ASIN": "B07VDWSR96",
        "title": "Essence: Yoga Workout for Core & Abs Strengthening | Six Pack Exercise",
        "price": "$2.99",
        "listPrice": "",
        "imageUrl": "https://m.media-amazon.com/images/I/511lRFLpAuL._SL160_.jpg",
        "detailPageURL": "https://www.amazon.com/dp/B07VDWSR96",
        "rating": "4.4",
        "totalReviews": "12",
        "subtitle": "",
        "isPrimeEligible": "0"
    },
    {
        "ASIN": "B0CH8D9TMC",
        "title": "Cono Peptide Essence, Cono Peptide Essence 84%, Essence Anti-Aging Wrinkle Serum Instant Face Skin Care, Reduce Pigmentation and Fine Lines(2Pcs)",
        "price": "$9.90 ($9.90 / Fl Oz)",
        "listPrice": "",
        "imageUrl": "https://m.media-amazon.com/images/I/41Vdhjj4DlL._SL160_.jpg",
        "detailPageURL": "https://www.amazon.com/dp/B0CH8D9TMC",
        "rating": "",
        "totalReviews": "",
        "subtitle": "Rednow",
        "isPrimeEligible": "1"
    },
    {
        "ASIN": "B08XZVRGNR",
        "title": "essence | HELLO, GOOD STUFF! Milky Moisturizer | Lightweight, Hydrating, & Enriched with Turmeric & Oat Water | Vegan & Cruelty Free | Paraben Free",
        "price": "$8.98 ($8.98 / Fl Oz)",
        "listPrice": "",
        "imageUrl": "https://m.media-amazon.com/images/I/31PVTE2tENL._SL160_.jpg",
        "detailPageURL": "https://www.amazon.com/dp/B08XZVRGNR",
        "rating": "4.4",
        "totalReviews": "111",
        "subtitle": "essence cosmetics",
        "isPrimeEligible": "1"
    },
    {
        "ASIN": "B07MP7M4YL",
        "title": "Hanskin Real Complexion Hyaluron Skin Essence - Hyaluronic Acid, Moisturizing, Glowing, Soft & Fragrance-Free [5.07 fl. oz. (150 ml)]",
        "price": "$25.00 ($4.93 / Fl Oz)",
        "listPrice": "",
        "imageUrl": "https://m.media-amazon.com/images/I/41j17xEV13L._SL160_.jpg",
        "detailPageURL": "https://www.amazon.com/dp/B07MP7M4YL",
        "rating": "4.7",
        "totalReviews": "778",
        "subtitle": "Hanskin",
        "isPrimeEligible": "1"
    },
    {
        "ASIN": "B07QC67KY3",
        "title": "DERMALOGY by NEOGENLAB Real Ferment Micro Essence 5.07 Fl Oz (150ml) - 93% Naturally Fermented Facial Essence, Instantly Hydrates and Delivers Healthy Supple Skin - Korean Skin Care",
        "price": "$38.00 ($7.50 / Fl Oz)",
        "listPrice": "",
        "imageUrl": "https://m.media-amazon.com/images/I/41fQBzYLe8L._SL160_.jpg",
        "detailPageURL": "https://www.amazon.com/dp/B07QC67KY3",
        "rating": "4.6",
        "totalReviews": "1529",
        "subtitle": "",
        "isPrimeEligible": "1"
    },
    {
        "ASIN": "B076CS63W6",
        "title": "essence | Brighten Up! Banana Powder | Mattifying Translucent Powder",
        "price": "$9.95 ($32.10 / Ounce)",
        "listPrice": "$13.50 ($43.55 / Ounce)",
        "imageUrl": "https://m.media-amazon.com/images/I/51Vg+vOx-UL._SL160_.jpg",
        "detailPageURL": "https://www.amazon.com/dp/B076CS63W6",
        "rating": "4.0",
        "totalReviews": "695",
        "subtitle": "Essence",
        "isPrimeEligible": "1"
    },
    {
        "ASIN": "B0B56TXR7W",
        "title": "essence | Baby Got Blush | Easy to Apply & Blend Pigmented Cream Blush Stick | Vegan & Cruelty Free | Free From Gluten, Parabens, & Microplastic Particles (20 | Peaches & Cream)",
        "price": "$4.99 ($27.72 / Fl Oz)",
        "listPrice": "",
        "imageUrl": "https://m.media-amazon.com/images/I/41RhwEZidKL._SL160_.jpg",
        "detailPageURL": "https://www.amazon.com/dp/B0B56TXR7W",
        "rating": "4.0",
        "totalReviews": "65",
        "subtitle": "essence cosmetics",
        "isPrimeEligible": "1"
    },
    {
        "ASIN": "B091G3NSJY",
        "title": "essence | 3-Pack Make Me Brow Eyebrow Gel Mascara | Infused with Fibers to Fill & Sculpt | Vegan & Paraben Free | Cruelty Free (04 | Ashy Brows)",
        "price": "$8.97 ($23.00 / Fl Oz)",
        "listPrice": "",
        "imageUrl": "https://m.media-amazon.com/images/I/31oJ5RFa-8L._SL160_.jpg",
        "detailPageURL": "https://www.amazon.com/dp/B091G3NSJY",
        "rating": "4.3",
        "totalReviews": "1853",
        "subtitle": "essence cosmetics",
        "isPrimeEligible": "1"
    },
    {
        "ASIN": "B0851FDRTM",
        "title": "essence | My Skin Perfector Tinted Primer | Instant Blur Effect & Natural Matte Finish | Vegan, Paraben Free, Oil Free | Cruelty Free | (30 | Medium Beige)",
        "price": "$7.24 ($7.17 / Fl Oz)",
        "listPrice": "",
        "imageUrl": "https://m.media-amazon.com/images/I/3188WghRRPL._SL160_.jpg",
        "detailPageURL": "https://www.amazon.com/dp/B0851FDRTM",
        "rating": "3.8",
        "totalReviews": "518",
        "subtitle": "essence cosmetics",
        "isPrimeEligible": "1"
    },
    {
        "ASIN": "B07VDWSR96",
        "title": "Essence: Yoga Workout for Core & Abs Strengthening | Six Pack Exercise",
        "price": "$2.99",
        "listPrice": "",
        "imageUrl": "https://m.media-amazon.com/images/I/511lRFLpAuL._SL160_.jpg",
        "detailPageURL": "https://www.amazon.com/dp/B07VDWSR96",
        "rating": "4.4",
        "totalReviews": "12",
        "subtitle": "",
        "isPrimeEligible": "0"
    },
    {
        "ASIN": "B0CH8D9TMC",
        "title": "Cono Peptide Essence, Cono Peptide Essence 84%, Essence Anti-Aging Wrinkle Serum Instant Face Skin Care, Reduce Pigmentation and Fine Lines(2Pcs)",
        "price": "$9.90 ($9.90 / Fl Oz)",
        "listPrice": "",
        "imageUrl": "https://m.media-amazon.com/images/I/41Vdhjj4DlL._SL160_.jpg",
        "detailPageURL": "https://www.amazon.com/dp/B0CH8D9TMC",
        "rating": "",
        "totalReviews": "",
        "subtitle": "Rednow",
        "isPrimeEligible": "1"
    },
    {
        "ASIN": "B08XZVRGNR",
        "title": "essence | HELLO, GOOD STUFF! Milky Moisturizer | Lightweight, Hydrating, & Enriched with Turmeric & Oat Water | Vegan & Cruelty Free | Paraben Free",
        "price": "$8.98 ($8.98 / Fl Oz)",
        "listPrice": "",
        "imageUrl": "https://m.media-amazon.com/images/I/31PVTE2tENL._SL160_.jpg",
        "detailPageURL": "https://www.amazon.com/dp/B08XZVRGNR",
        "rating": "4.4",
        "totalReviews": "111",
        "subtitle": "essence cosmetics",
        "isPrimeEligible": "1"
    },
    {
        "ASIN": "B07MP7M4YL",
        "title": "Hanskin Real Complexion Hyaluron Skin Essence - Hyaluronic Acid, Moisturizing, Glowing, Soft & Fragrance-Free [5.07 fl. oz. (150 ml)]",
        "price": "$25.00 ($4.93 / Fl Oz)",
        "listPrice": "",
        "imageUrl": "https://m.media-amazon.com/images/I/41j17xEV13L._SL160_.jpg",
        "detailPageURL": "https://www.amazon.com/dp/B07MP7M4YL",
        "rating": "4.7",
        "totalReviews": "778",
        "subtitle": "Hanskin",
        "isPrimeEligible": "1"
    },
    {
        "ASIN": "B07QC67KY3",
        "title": "DERMALOGY by NEOGENLAB Real Ferment Micro Essence 5.07 Fl Oz (150ml) - 93% Naturally Fermented Facial Essence, Instantly Hydrates and Delivers Healthy Supple Skin - Korean Skin Care",
        "price": "$38.00 ($7.50 / Fl Oz)",
        "listPrice": "",
        "imageUrl": "https://m.media-amazon.com/images/I/41fQBzYLe8L._SL160_.jpg",
        "detailPageURL": "https://www.amazon.com/dp/B07QC67KY3",
        "rating": "4.6",
        "totalReviews": "1529",
        "subtitle": "",
        "isPrimeEligible": "1"
    },
    {
        "ASIN": "B076CS63W6",
        "title": "essence | Brighten Up! Banana Powder | Mattifying Translucent Powder",
        "price": "$9.95 ($32.10 / Ounce)",
        "listPrice": "$13.50 ($43.55 / Ounce)",
        "imageUrl": "https://m.media-amazon.com/images/I/51Vg+vOx-UL._SL160_.jpg",
        "detailPageURL": "https://www.amazon.com/dp/B076CS63W6",
        "rating": "4.0",
        "totalReviews": "695",
        "subtitle": "Essence",
        "isPrimeEligible": "1"
    },
    {
        "ASIN": "B09VH8431N",
        "title": "essence | Fix It Like A Boss Transparent Brow Fixing Gel | Long Lasting, Fast Drying Brow Sculpting Gel | Free From Oil, Parabens, & Microplastic Particles | Vegan & Cruelty Free",
        "price": "$4.99 ($17.21 / Fl Oz)",
        "listPrice": "",
        "imageUrl": "https://m.media-amazon.com/images/I/31CK3uScU7L._SL160_.jpg",
        "detailPageURL": "https://www.amazon.com/dp/B09VH8431N",
        "rating": "4.0",
        "totalReviews": "201",
        "subtitle": "essence cosmetics",
        "isPrimeEligible": "1"
    },
    {
        "ASIN": "B091G3NSJY",
        "title": "essence | 3-Pack Make Me Brow Eyebrow Gel Mascara | Infused with Fibers to Fill & Sculpt | Vegan & Paraben Free | Cruelty Free (04 | Ashy Brows)",
        "price": "$8.97 ($23.00 / Fl Oz)",
        "listPrice": "",
        "imageUrl": "https://m.media-amazon.com/images/I/31oJ5RFa-8L._SL160_.jpg",
        "detailPageURL": "https://www.amazon.com/dp/B091G3NSJY",
        "rating": "4.3",
        "totalReviews": "1853",
        "subtitle": "essence cosmetics",
        "isPrimeEligible": "1"
    },
    {
        "ASIN": "B0851FDRTM",
        "title": "essence | My Skin Perfector Tinted Primer | Instant Blur Effect & Natural Matte Finish | Vegan, Paraben Free, Oil Free | Cruelty Free | (30 | Medium Beige)",
        "price": "$7.24 ($7.17 / Fl Oz)",
        "listPrice": "",
        "imageUrl": "https://m.media-amazon.com/images/I/3188WghRRPL._SL160_.jpg",
        "detailPageURL": "https://www.amazon.com/dp/B0851FDRTM",
        "rating": "3.8",
        "totalReviews": "518",
        "subtitle": "essence cosmetics",
        "isPrimeEligible": "1"
    },
    {
        "ASIN": "B07VDWSR96",
        "title": "Essence: Yoga Workout for Core & Abs Strengthening | Six Pack Exercise",
        "price": "$2.99",
        "listPrice": "",
        "imageUrl": "https://m.media-amazon.com/images/I/511lRFLpAuL._SL160_.jpg",
        "detailPageURL": "https://www.amazon.com/dp/B07VDWSR96",
        "rating": "4.4",
        "totalReviews": "12",
        "subtitle": "",
        "isPrimeEligible": "0"
    },
    {
        "ASIN": "B0CH8D9TMC",
        "title": "Cono Peptide Essence, Cono Peptide Essence 84%, Essence Anti-Aging Wrinkle Serum Instant Face Skin Care, Reduce Pigmentation and Fine Lines(2Pcs)",
        "price": "$9.90 ($9.90 / Fl Oz)",
        "listPrice": "",
        "imageUrl": "https://m.media-amazon.com/images/I/41Vdhjj4DlL._SL160_.jpg",
        "detailPageURL": "https://www.amazon.com/dp/B0CH8D9TMC",
        "rating": "",
        "totalReviews": "",
        "subtitle": "Rednow",
        "isPrimeEligible": "1"
    },
    {
        "ASIN": "B08XZVRGNR",
        "title": "essence | HELLO, GOOD STUFF! Milky Moisturizer | Lightweight, Hydrating, & Enriched with Turmeric & Oat Water | Vegan & Cruelty Free | Paraben Free",
        "price": "$8.98 ($8.98 / Fl Oz)",
        "listPrice": "",
        "imageUrl": "https://m.media-amazon.com/images/I/31PVTE2tENL._SL160_.jpg",
        "detailPageURL": "https://www.amazon.com/dp/B08XZVRGNR",
        "rating": "4.4",
        "totalReviews": "111",
        "subtitle": "essence cosmetics",
        "isPrimeEligible": "1"
    },
    {
        "ASIN": "B07MP7M4YL",
        "title": "Hanskin Real Complexion Hyaluron Skin Essence - Hyaluronic Acid, Moisturizing, Glowing, Soft & Fragrance-Free [5.07 fl. oz. (150 ml)]",
        "price": "$25.00 ($4.93 / Fl Oz)",
        "listPrice": "",
        "imageUrl": "https://m.media-amazon.com/images/I/41j17xEV13L._SL160_.jpg",
        "detailPageURL": "https://www.amazon.com/dp/B07MP7M4YL",
        "rating": "4.7",
        "totalReviews": "778",
        "subtitle": "Hanskin",
        "isPrimeEligible": "1"
    },
    {
        "ASIN": "B07QC67KY3",
        "title": "DERMALOGY by NEOGENLAB Real Ferment Micro Essence 5.07 Fl Oz (150ml) - 93% Naturally Fermented Facial Essence, Instantly Hydrates and Delivers Healthy Supple Skin - Korean Skin Care",
        "price": "$38.00 ($7.50 / Fl Oz)",
        "listPrice": "",
        "imageUrl": "https://m.media-amazon.com/images/I/41fQBzYLe8L._SL160_.jpg",
        "detailPageURL": "https://www.amazon.com/dp/B07QC67KY3",
        "rating": "4.6",
        "totalReviews": "1529",
        "subtitle": "",
        "isPrimeEligible": "1"
    },
    {
        "ASIN": "B076CS63W6",
        "title": "essence | Brighten Up! Banana Powder | Mattifying Translucent Powder",
        "price": "$9.95 ($32.10 / Ounce)",
        "listPrice": "$13.50 ($43.55 / Ounce)",
        "imageUrl": "https://m.media-amazon.com/images/I/51Vg+vOx-UL._SL160_.jpg",
        "detailPageURL": "https://www.amazon.com/dp/B076CS63W6",
        "rating": "4.0",
        "totalReviews": "695",
        "subtitle": "Essence",
        "isPrimeEligible": "1"
    },
    {
        "ASIN": "B09VH8431N",
        "title": "essence | Fix It Like A Boss Transparent Brow Fixing Gel | Long Lasting, Fast Drying Brow Sculpting Gel | Free From Oil, Parabens, & Microplastic Particles | Vegan & Cruelty Free",
        "price": "$4.99 ($17.21 / Fl Oz)",
        "listPrice": "",
        "imageUrl": "https://m.media-amazon.com/images/I/31CK3uScU7L._SL160_.jpg",
        "detailPageURL": "https://www.amazon.com/dp/B09VH8431N",
        "rating": "4.0",
        "totalReviews": "201",
        "subtitle": "essence cosmetics",
        "isPrimeEligible": "1"
    },
    {
        "ASIN": "B08F6ZY8JY",
        "title": "essence | My Skin Perfector Loose Fixing Powder | Instant Blur Effect & Natural Matte Finish | Vegan, Paraben Free, Gluten Free, Oil Free | Cruelty Free (40 | Tan)",
        "price": "$3.89",
        "listPrice": "$5.99",
        "imageUrl": "https://m.media-amazon.com/images/I/414HJcePJlL._SL160_.jpg",
        "detailPageURL": "https://www.amazon.com/dp/B08F6ZY8JY",
        "rating": "4.2",
        "totalReviews": "195",
        "subtitle": "essence cosmetics",
        "isPrimeEligible": "1"
    },
    {
        "ASIN": "B0851FDRTM",
        "title": "essence | My Skin Perfector Tinted Primer | Instant Blur Effect & Natural Matte Finish | Vegan, Paraben Free, Oil Free | Cruelty Free | (30 | Medium Beige)",
        "price": "$7.24 ($7.17 / Fl Oz)",
        "listPrice": "",
        "imageUrl": "https://m.media-amazon.com/images/I/3188WghRRPL._SL160_.jpg",
        "detailPageURL": "https://www.amazon.com/dp/B0851FDRTM",
        "rating": "3.8",
        "totalReviews": "518",
        "subtitle": "essence cosmetics",
        "isPrimeEligible": "1"
    },
    {
        "ASIN": "B07VDWSR96",
        "title": "Essence: Yoga Workout for Core & Abs Strengthening | Six Pack Exercise",
        "price": "$2.99",
        "listPrice": "",
        "imageUrl": "https://m.media-amazon.com/images/I/511lRFLpAuL._SL160_.jpg",
        "detailPageURL": "https://www.amazon.com/dp/B07VDWSR96",
        "rating": "4.4",
        "totalReviews": "12",
        "subtitle": "",
        "isPrimeEligible": "0"
    },
    {
        "ASIN": "B0CH8D9TMC",
        "title": "Cono Peptide Essence, Cono Peptide Essence 84%, Essence Anti-Aging Wrinkle Serum Instant Face Skin Care, Reduce Pigmentation and Fine Lines(2Pcs)",
        "price": "$9.90 ($9.90 / Fl Oz)",
        "listPrice": "",
        "imageUrl": "https://m.media-amazon.com/images/I/41Vdhjj4DlL._SL160_.jpg",
        "detailPageURL": "https://www.amazon.com/dp/B0CH8D9TMC",
        "rating": "",
        "totalReviews": "",
        "subtitle": "Rednow",
        "isPrimeEligible": "1"
    },
    {
        "ASIN": "B08XZVRGNR",
        "title": "essence | HELLO, GOOD STUFF! Milky Moisturizer | Lightweight, Hydrating, & Enriched with Turmeric & Oat Water | Vegan & Cruelty Free | Paraben Free",
        "price": "$8.98 ($8.98 / Fl Oz)",
        "listPrice": "",
        "imageUrl": "https://m.media-amazon.com/images/I/31PVTE2tENL._SL160_.jpg",
        "detailPageURL": "https://www.amazon.com/dp/B08XZVRGNR",
        "rating": "4.4",
        "totalReviews": "111",
        "subtitle": "essence cosmetics",
        "isPrimeEligible": "1"
    },
    {
        "ASIN": "B07MP7M4YL",
        "title": "Hanskin Real Complexion Hyaluron Skin Essence - Hyaluronic Acid, Moisturizing, Glowing, Soft & Fragrance-Free [5.07 fl. oz. (150 ml)]",
        "price": "$25.00 ($4.93 / Fl Oz)",
        "listPrice": "",
        "imageUrl": "https://m.media-amazon.com/images/I/41j17xEV13L._SL160_.jpg",
        "detailPageURL": "https://www.amazon.com/dp/B07MP7M4YL",
        "rating": "4.7",
        "totalReviews": "778",
        "subtitle": "Hanskin",
        "isPrimeEligible": "1"
    },
    {
        "ASIN": "B07QC67KY3",
        "title": "DERMALOGY by NEOGENLAB Real Ferment Micro Essence 5.07 Fl Oz (150ml) - 93% Naturally Fermented Facial Essence, Instantly Hydrates and Delivers Healthy Supple Skin - Korean Skin Care",
        "price": "$38.00 ($7.50 / Fl Oz)",
        "listPrice": "",
        "imageUrl": "https://m.media-amazon.com/images/I/41fQBzYLe8L._SL160_.jpg",
        "detailPageURL": "https://www.amazon.com/dp/B07QC67KY3",
        "rating": "4.6",
        "totalReviews": "1529",
        "subtitle": "",
        "isPrimeEligible": "1"
    },
    {
        "ASIN": "B076CS63W6",
        "title": "essence | Brighten Up! Banana Powder | Mattifying Translucent Powder",
        "price": "$9.95 ($32.10 / Ounce)",
        "listPrice": "$13.50 ($43.55 / Ounce)",
        "imageUrl": "https://m.media-amazon.com/images/I/51Vg+vOx-UL._SL160_.jpg",
        "detailPageURL": "https://www.amazon.com/dp/B076CS63W6",
        "rating": "4.0",
        "totalReviews": "695",
        "subtitle": "Essence",
        "isPrimeEligible": "1"
    },
    {
        "ASIN": "B09VH8431N",
        "title": "essence | Fix It Like A Boss Transparent Brow Fixing Gel | Long Lasting, Fast Drying Brow Sculpting Gel | Free From Oil, Parabens, & Microplastic Particles | Vegan & Cruelty Free",
        "price": "$4.99 ($17.21 / Fl Oz)",
        "listPrice": "",
        "imageUrl": "https://m.media-amazon.com/images/I/31CK3uScU7L._SL160_.jpg",
        "detailPageURL": "https://www.amazon.com/dp/B09VH8431N",
        "rating": "4.0",
        "totalReviews": "201",
        "subtitle": "essence cosmetics",
        "isPrimeEligible": "1"
    },
    {
        "ASIN": "B08F6ZY8JY",
        "title": "essence | My Skin Perfector Loose Fixing Powder | Instant Blur Effect & Natural Matte Finish | Vegan, Paraben Free, Gluten Free, Oil Free | Cruelty Free (40 | Tan)",
        "price": "$3.89",
        "listPrice": "$5.99",
        "imageUrl": "https://m.media-amazon.com/images/I/414HJcePJlL._SL160_.jpg",
        "detailPageURL": "https://www.amazon.com/dp/B08F6ZY8JY",
        "rating": "4.2",
        "totalReviews": "195",
        "subtitle": "essence cosmetics",
        "isPrimeEligible": "1"
    },
    {
        "ASIN": "B08965VCS7",
        "title": "essence | Mixed 5-Pack Shine Shine Shine Lipgloss | Cruelty Free",
        "price": "$19.96 ($3.99 / Count)",
        "listPrice": "",
        "imageUrl": "https://m.media-amazon.com/images/I/41OY8kkpBHL._SL160_.jpg",
        "detailPageURL": "https://www.amazon.com/dp/B08965VCS7",
        "rating": "4.5",
        "totalReviews": "290",
        "subtitle": "essence cosmetics",
        "isPrimeEligible": "1"
    },
    {
        "ASIN": "B07VDWSR96",
        "title": "Essence: Yoga Workout for Core & Abs Strengthening | Six Pack Exercise",
        "price": "$2.99",
        "listPrice": "",
        "imageUrl": "https://m.media-amazon.com/images/I/511lRFLpAuL._SL160_.jpg",
        "detailPageURL": "https://www.amazon.com/dp/B07VDWSR96",
        "rating": "4.4",
        "totalReviews": "12",
        "subtitle": "",
        "isPrimeEligible": "0"
    },
    {
        "ASIN": "B0CH8D9TMC",
        "title": "Cono Peptide Essence, Cono Peptide Essence 84%, Essence Anti-Aging Wrinkle Serum Instant Face Skin Care, Reduce Pigmentation and Fine Lines(2Pcs)",
        "price": "$9.90 ($9.90 / Fl Oz)",
        "listPrice": "",
        "imageUrl": "https://m.media-amazon.com/images/I/41Vdhjj4DlL._SL160_.jpg",
        "detailPageURL": "https://www.amazon.com/dp/B0CH8D9TMC",
        "rating": "",
        "totalReviews": "",
        "subtitle": "Rednow",
        "isPrimeEligible": "1"
    },
    {
        "ASIN": "B08XZVRGNR",
        "title": "essence | HELLO, GOOD STUFF! Milky Moisturizer | Lightweight, Hydrating, & Enriched with Turmeric & Oat Water | Vegan & Cruelty Free | Paraben Free",
        "price": "$8.98 ($8.98 / Fl Oz)",
        "listPrice": "",
        "imageUrl": "https://m.media-amazon.com/images/I/31PVTE2tENL._SL160_.jpg",
        "detailPageURL": "https://www.amazon.com/dp/B08XZVRGNR",
        "rating": "4.4",
        "totalReviews": "111",
        "subtitle": "essence cosmetics",
        "isPrimeEligible": "1"
    },
    {
        "ASIN": "B07MP7M4YL",
        "title": "Hanskin Real Complexion Hyaluron Skin Essence - Hyaluronic Acid, Moisturizing, Glowing, Soft & Fragrance-Free [5.07 fl. oz. (150 ml)]",
        "price": "$25.00 ($4.93 / Fl Oz)",
        "listPrice": "",
        "imageUrl": "https://m.media-amazon.com/images/I/41j17xEV13L._SL160_.jpg",
        "detailPageURL": "https://www.amazon.com/dp/B07MP7M4YL",
        "rating": "4.7",
        "totalReviews": "778",
        "subtitle": "Hanskin",
        "isPrimeEligible": "1"
    },
    {
        "ASIN": "B07QC67KY3",
        "title": "DERMALOGY by NEOGENLAB Real Ferment Micro Essence 5.07 Fl Oz (150ml) - 93% Naturally Fermented Facial Essence, Instantly Hydrates and Delivers Healthy Supple Skin - Korean Skin Care",
        "price": "$38.00 ($7.50 / Fl Oz)",
        "listPrice": "",
        "imageUrl": "https://m.media-amazon.com/images/I/41fQBzYLe8L._SL160_.jpg",
        "detailPageURL": "https://www.amazon.com/dp/B07QC67KY3",
        "rating": "4.6",
        "totalReviews": "1529",
        "subtitle": "",
        "isPrimeEligible": "1"
    },
    {
        "ASIN": "B076CS63W6",
        "title": "essence | Brighten Up! Banana Powder | Mattifying Translucent Powder",
        "price": "$9.95 ($32.10 / Ounce)",
        "listPrice": "$13.50 ($43.55 / Ounce)",
        "imageUrl": "https://m.media-amazon.com/images/I/51Vg+vOx-UL._SL160_.jpg",
        "detailPageURL": "https://www.amazon.com/dp/B076CS63W6",
        "rating": "4.0",
        "totalReviews": "695",
        "subtitle": "Essence",
        "isPrimeEligible": "1"
    },
    {
        "ASIN": "B09VH8431N",
        "title": "essence | Fix It Like A Boss Transparent Brow Fixing Gel | Long Lasting, Fast Drying Brow Sculpting Gel | Free From Oil, Parabens, & Microplastic Particles | Vegan & Cruelty Free",
        "price": "$4.99 ($17.21 / Fl Oz)",
        "listPrice": "",
        "imageUrl": "https://m.media-amazon.com/images/I/31CK3uScU7L._SL160_.jpg",
        "detailPageURL": "https://www.amazon.com/dp/B09VH8431N",
        "rating": "4.0",
        "totalReviews": "201",
        "subtitle": "essence cosmetics",
        "isPrimeEligible": "1"
    },
    {
        "ASIN": "B08F6ZY8JY",
        "title": "essence | My Skin Perfector Loose Fixing Powder | Instant Blur Effect & Natural Matte Finish | Vegan, Paraben Free, Gluten Free, Oil Free | Cruelty Free (40 | Tan)",
        "price": "$3.89",
        "listPrice": "$5.99",
        "imageUrl": "https://m.media-amazon.com/images/I/414HJcePJlL._SL160_.jpg",
        "detailPageURL": "https://www.amazon.com/dp/B08F6ZY8JY",
        "rating": "4.2",
        "totalReviews": "195",
        "subtitle": "essence cosmetics",
        "isPrimeEligible": "1"
    },
    {
        "ASIN": "B08965VCS7",
        "title": "essence | Mixed 5-Pack Shine Shine Shine Lipgloss | Cruelty Free",
        "price": "$19.96 ($3.99 / Count)",
        "listPrice": "",
        "imageUrl": "https://m.media-amazon.com/images/I/41OY8kkpBHL._SL160_.jpg",
        "detailPageURL": "https://www.amazon.com/dp/B08965VCS7",
        "rating": "4.5",
        "totalReviews": "290",
        "subtitle": "essence cosmetics",
        "isPrimeEligible": "1"
    },
    {
        "ASIN": "B0CH8GZ2B1",
        "title": "Cono Peptide Essence 84% - Cono Peptide Essence Anti-Aging Wrinkle Serum, Cono Peptide Essence 84 Percent Restores Youthful Skin, Instant Lifting Face Skin, Reduce Pigmentation and Fine Lines (3pc)",
        "price": "$13.99 ($13.99 / Fl Oz)",
        "listPrice": "",
        "imageUrl": "https://m.media-amazon.com/images/I/41CgeM0CgQL._SL160_.jpg",
        "detailPageURL": "https://www.amazon.com/dp/B0CH8GZ2B1",
        "rating": "",
        "totalReviews": "",
        "subtitle": "PONPRNGY",
        "isPrimeEligible": "0"
    },
    {
        "ASIN": "B0CH8D9TMC",
        "title": "Cono Peptide Essence, Cono Peptide Essence 84%, Essence Anti-Aging Wrinkle Serum Instant Face Skin Care, Reduce Pigmentation and Fine Lines(2Pcs)",
        "price": "$9.90 ($9.90 / Fl Oz)",
        "listPrice": "",
        "imageUrl": "https://m.media-amazon.com/images/I/41Vdhjj4DlL._SL160_.jpg",
        "detailPageURL": "https://www.amazon.com/dp/B0CH8D9TMC",
        "rating": "",
        "totalReviews": "",
        "subtitle": "Rednow",
        "isPrimeEligible": "1"
    },
    {
        "ASIN": "B08XZVRGNR",
        "title": "essence | HELLO, GOOD STUFF! Milky Moisturizer | Lightweight, Hydrating, & Enriched with Turmeric & Oat Water | Vegan & Cruelty Free | Paraben Free",
        "price": "$8.98 ($8.98 / Fl Oz)",
        "listPrice": "",
        "imageUrl": "https://m.media-amazon.com/images/I/31PVTE2tENL._SL160_.jpg",
        "detailPageURL": "https://www.amazon.com/dp/B08XZVRGNR",
        "rating": "4.4",
        "totalReviews": "111",
        "subtitle": "essence cosmetics",
        "isPrimeEligible": "1"
    },
    {
        "ASIN": "B07MP7M4YL",
        "title": "Hanskin Real Complexion Hyaluron Skin Essence - Hyaluronic Acid, Moisturizing, Glowing, Soft & Fragrance-Free [5.07 fl. oz. (150 ml)]",
        "price": "$25.00 ($4.93 / Fl Oz)",
        "listPrice": "",
        "imageUrl": "https://m.media-amazon.com/images/I/41j17xEV13L._SL160_.jpg",
        "detailPageURL": "https://www.amazon.com/dp/B07MP7M4YL",
        "rating": "4.7",
        "totalReviews": "778",
        "subtitle": "Hanskin",
        "isPrimeEligible": "1"
    },
    {
        "ASIN": "B07QC67KY3",
        "title": "DERMALOGY by NEOGENLAB Real Ferment Micro Essence 5.07 Fl Oz (150ml) - 93% Naturally Fermented Facial Essence, Instantly Hydrates and Delivers Healthy Supple Skin - Korean Skin Care",
        "price": "$38.00 ($7.50 / Fl Oz)",
        "listPrice": "",
        "imageUrl": "https://m.media-amazon.com/images/I/41fQBzYLe8L._SL160_.jpg",
        "detailPageURL": "https://www.amazon.com/dp/B07QC67KY3",
        "rating": "4.6",
        "totalReviews": "1529",
        "subtitle": "",
        "isPrimeEligible": "1"
    },
    {
        "ASIN": "B076CS63W6",
        "title": "essence | Brighten Up! Banana Powder | Mattifying Translucent Powder",
        "price": "$9.95 ($32.10 / Ounce)",
        "listPrice": "$13.50 ($43.55 / Ounce)",
        "imageUrl": "https://m.media-amazon.com/images/I/51Vg+vOx-UL._SL160_.jpg",
        "detailPageURL": "https://www.amazon.com/dp/B076CS63W6",
        "rating": "4.0",
        "totalReviews": "695",
        "subtitle": "Essence",
        "isPrimeEligible": "1"
    },
    {
        "ASIN": "B09VH8431N",
        "title": "essence | Fix It Like A Boss Transparent Brow Fixing Gel | Long Lasting, Fast Drying Brow Sculpting Gel | Free From Oil, Parabens, & Microplastic Particles | Vegan & Cruelty Free",
        "price": "$4.99 ($17.21 / Fl Oz)",
        "listPrice": "",
        "imageUrl": "https://m.media-amazon.com/images/I/31CK3uScU7L._SL160_.jpg",
        "detailPageURL": "https://www.amazon.com/dp/B09VH8431N",
        "rating": "4.0",
        "totalReviews": "201",
        "subtitle": "essence cosmetics",
        "isPrimeEligible": "1"
    },
    {
        "ASIN": "B08F6ZY8JY",
        "title": "essence | My Skin Perfector Loose Fixing Powder | Instant Blur Effect & Natural Matte Finish | Vegan, Paraben Free, Gluten Free, Oil Free | Cruelty Free (40 | Tan)",
        "price": "$3.89",
        "listPrice": "$5.99",
        "imageUrl": "https://m.media-amazon.com/images/I/414HJcePJlL._SL160_.jpg",
        "detailPageURL": "https://www.amazon.com/dp/B08F6ZY8JY",
        "rating": "4.2",
        "totalReviews": "195",
        "subtitle": "essence cosmetics",
        "isPrimeEligible": "1"
    },
    {
        "ASIN": "B08965VCS7",
        "title": "essence | Mixed 5-Pack Shine Shine Shine Lipgloss | Cruelty Free",
        "price": "$19.96 ($3.99 / Count)",
        "listPrice": "",
        "imageUrl": "https://m.media-amazon.com/images/I/41OY8kkpBHL._SL160_.jpg",
        "detailPageURL": "https://www.amazon.com/dp/B08965VCS7",
        "rating": "4.5",
        "totalReviews": "290",
        "subtitle": "essence cosmetics",
        "isPrimeEligible": "1"
    },
    {
        "ASIN": "B0CH8GZ2B1",
        "title": "Cono Peptide Essence 84% - Cono Peptide Essence Anti-Aging Wrinkle Serum, Cono Peptide Essence 84 Percent Restores Youthful Skin, Instant Lifting Face Skin, Reduce Pigmentation and Fine Lines (3pc)",
        "price": "$13.99 ($13.99 / Fl Oz)",
        "listPrice": "",
        "imageUrl": "https://m.media-amazon.com/images/I/41CgeM0CgQL._SL160_.jpg",
        "detailPageURL": "https://www.amazon.com/dp/B0CH8GZ2B1",
        "rating": "",
        "totalReviews": "",
        "subtitle": "PONPRNGY",
        "isPrimeEligible": "0"
    },
    {
        "ASIN": "B0915CMY57",
        "title": "numbuzin No.3 Super Glowing Essence Toner | Fermented Ingredients, Niacinamide, Galactomyces, glowy skin radiance | Korean Skin Care for Face, 6.76 fl.oz",
        "price": "$15.90 ($2.35 / Fl Oz)",
        "listPrice": "$23.00 ($3.40 / Fl Oz)",
        "imageUrl": "https://m.media-amazon.com/images/I/21CmiZQ-QwL._SL160_.jpg",
        "detailPageURL": "https://www.amazon.com/dp/B0915CMY57",
        "rating": "4.4",
        "totalReviews": "3342",
        "subtitle": "numbuzin",
        "isPrimeEligible": "1"
    },
    {
        "ASIN": "B08XZVRGNR",
        "title": "essence | HELLO, GOOD STUFF! Milky Moisturizer | Lightweight, Hydrating, & Enriched with Turmeric & Oat Water | Vegan & Cruelty Free | Paraben Free",
        "price": "$8.98 ($8.98 / Fl Oz)",
        "listPrice": "",
        "imageUrl": "https://m.media-amazon.com/images/I/31PVTE2tENL._SL160_.jpg",
        "detailPageURL": "https://www.amazon.com/dp/B08XZVRGNR",
        "rating": "4.4",
        "totalReviews": "111",
        "subtitle": "essence cosmetics",
        "isPrimeEligible": "1"
    },
    {
        "ASIN": "B07MP7M4YL",
        "title": "Hanskin Real Complexion Hyaluron Skin Essence - Hyaluronic Acid, Moisturizing, Glowing, Soft & Fragrance-Free [5.07 fl. oz. (150 ml)]",
        "price": "$25.00 ($4.93 / Fl Oz)",
        "listPrice": "",
        "imageUrl": "https://m.media-amazon.com/images/I/41j17xEV13L._SL160_.jpg",
        "detailPageURL": "https://www.amazon.com/dp/B07MP7M4YL",
        "rating": "4.7",
        "totalReviews": "778",
        "subtitle": "Hanskin",
        "isPrimeEligible": "1"
    },
    {
        "ASIN": "B07QC67KY3",
        "title": "DERMALOGY by NEOGENLAB Real Ferment Micro Essence 5.07 Fl Oz (150ml) - 93% Naturally Fermented Facial Essence, Instantly Hydrates and Delivers Healthy Supple Skin - Korean Skin Care",
        "price": "$38.00 ($7.50 / Fl Oz)",
        "listPrice": "",
        "imageUrl": "https://m.media-amazon.com/images/I/41fQBzYLe8L._SL160_.jpg",
        "detailPageURL": "https://www.amazon.com/dp/B07QC67KY3",
        "rating": "4.6",
        "totalReviews": "1529",
        "subtitle": "",
        "isPrimeEligible": "1"
    },
    {
        "ASIN": "B076CS63W6",
        "title": "essence | Brighten Up! Banana Powder | Mattifying Translucent Powder",
        "price": "$9.95 ($32.10 / Ounce)",
        "listPrice": "$13.50 ($43.55 / Ounce)",
        "imageUrl": "https://m.media-amazon.com/images/I/51Vg+vOx-UL._SL160_.jpg",
        "detailPageURL": "https://www.amazon.com/dp/B076CS63W6",
        "rating": "4.0",
        "totalReviews": "695",
        "subtitle": "Essence",
        "isPrimeEligible": "1"
    },
    {
        "ASIN": "B09VH8431N",
        "title": "essence | Fix It Like A Boss Transparent Brow Fixing Gel | Long Lasting, Fast Drying Brow Sculpting Gel | Free From Oil, Parabens, & Microplastic Particles | Vegan & Cruelty Free",
        "price": "$4.99 ($17.21 / Fl Oz)",
        "listPrice": "",
        "imageUrl": "https://m.media-amazon.com/images/I/31CK3uScU7L._SL160_.jpg",
        "detailPageURL": "https://www.amazon.com/dp/B09VH8431N",
        "rating": "4.0",
        "totalReviews": "201",
        "subtitle": "essence cosmetics",
        "isPrimeEligible": "1"
    },
    {
        "ASIN": "B08F6ZY8JY",
        "title": "essence | My Skin Perfector Loose Fixing Powder | Instant Blur Effect & Natural Matte Finish | Vegan, Paraben Free, Gluten Free, Oil Free | Cruelty Free (40 | Tan)",
        "price": "$3.89",
        "listPrice": "$5.99",
        "imageUrl": "https://m.media-amazon.com/images/I/414HJcePJlL._SL160_.jpg",
        "detailPageURL": "https://www.amazon.com/dp/B08F6ZY8JY",
        "rating": "4.2",
        "totalReviews": "195",
        "subtitle": "essence cosmetics",
        "isPrimeEligible": "1"
    },
    {
        "ASIN": "B08965VCS7",
        "title": "essence | Mixed 5-Pack Shine Shine Shine Lipgloss | Cruelty Free",
        "price": "$19.96 ($3.99 / Count)",
        "listPrice": "",
        "imageUrl": "https://m.media-amazon.com/images/I/41OY8kkpBHL._SL160_.jpg",
        "detailPageURL": "https://www.amazon.com/dp/B08965VCS7",
        "rating": "4.5",
        "totalReviews": "290",
        "subtitle": "essence cosmetics",
        "isPrimeEligible": "1"
    },
    {
        "ASIN": "B0CH8GZ2B1",
        "title": "Cono Peptide Essence 84% - Cono Peptide Essence Anti-Aging Wrinkle Serum, Cono Peptide Essence 84 Percent Restores Youthful Skin, Instant Lifting Face Skin, Reduce Pigmentation and Fine Lines (3pc)",
        "price": "$13.99 ($13.99 / Fl Oz)",
        "listPrice": "",
        "imageUrl": "https://m.media-amazon.com/images/I/41CgeM0CgQL._SL160_.jpg",
        "detailPageURL": "https://www.amazon.com/dp/B0CH8GZ2B1",
        "rating": "",
        "totalReviews": "",
        "subtitle": "PONPRNGY",
        "isPrimeEligible": "0"
    },
    {
        "ASIN": "B0915CMY57",
        "title": "numbuzin No.3 Super Glowing Essence Toner | Fermented Ingredients, Niacinamide, Galactomyces, glowy skin radiance | Korean Skin Care for Face, 6.76 fl.oz",
        "price": "$15.90 ($2.35 / Fl Oz)",
        "listPrice": "$23.00 ($3.40 / Fl Oz)",
        "imageUrl": "https://m.media-amazon.com/images/I/21CmiZQ-QwL._SL160_.jpg",
        "detailPageURL": "https://www.amazon.com/dp/B0915CMY57",
        "rating": "4.4",
        "totalReviews": "3342",
        "subtitle": "numbuzin",
        "isPrimeEligible": "1"
    },
    {
        "ASIN": "B0CFQC3T2Z",
        "title": "Anti-Wrinkle Essence Series, 84% Cono Peptide Essence, Pure Plant Extract Facial Serum Essence, Skin Deep Moisturizing Face Essence, High Hydrating Anti-Aging Essence, 30ml (3 Bottles)",
        "price": "$10.49 ($10.49 / Fl Oz)",
        "listPrice": "",
        "imageUrl": "https://m.media-amazon.com/images/I/51DKCCTqw5L._SL160_.jpg",
        "detailPageURL": "https://www.amazon.com/dp/B0CFQC3T2Z",
        "rating": "",
        "totalReviews": "",
        "subtitle": "BEASKE",
        "isPrimeEligible": "0"
    },
    {
        "ASIN": "B07MP7M4YL",
        "title": "Hanskin Real Complexion Hyaluron Skin Essence - Hyaluronic Acid, Moisturizing, Glowing, Soft & Fragrance-Free [5.07 fl. oz. (150 ml)]",
        "price": "$25.00 ($4.93 / Fl Oz)",
        "listPrice": "",
        "imageUrl": "https://m.media-amazon.com/images/I/41j17xEV13L._SL160_.jpg",
        "detailPageURL": "https://www.amazon.com/dp/B07MP7M4YL",
        "rating": "4.7",
        "totalReviews": "778",
        "subtitle": "Hanskin",
        "isPrimeEligible": "1"
    },
    {
        "ASIN": "B07QC67KY3",
        "title": "DERMALOGY by NEOGENLAB Real Ferment Micro Essence 5.07 Fl Oz (150ml) - 93% Naturally Fermented Facial Essence, Instantly Hydrates and Delivers Healthy Supple Skin - Korean Skin Care",
        "price": "$38.00 ($7.50 / Fl Oz)",
        "listPrice": "",
        "imageUrl": "https://m.media-amazon.com/images/I/41fQBzYLe8L._SL160_.jpg",
        "detailPageURL": "https://www.amazon.com/dp/B07QC67KY3",
        "rating": "4.6",
        "totalReviews": "1529",
        "subtitle": "",
        "isPrimeEligible": "1"
    },
    {
        "ASIN": "B076CS63W6",
        "title": "essence | Brighten Up! Banana Powder | Mattifying Translucent Powder",
        "price": "$9.95 ($32.10 / Ounce)",
        "listPrice": "$13.50 ($43.55 / Ounce)",
        "imageUrl": "https://m.media-amazon.com/images/I/51Vg+vOx-UL._SL160_.jpg",
        "detailPageURL": "https://www.amazon.com/dp/B076CS63W6",
        "rating": "4.0",
        "totalReviews": "695",
        "subtitle": "Essence",
        "isPrimeEligible": "1"
    },
    {
        "ASIN": "B09VH8431N",
        "title": "essence | Fix It Like A Boss Transparent Brow Fixing Gel | Long Lasting, Fast Drying Brow Sculpting Gel | Free From Oil, Parabens, & Microplastic Particles | Vegan & Cruelty Free",
        "price": "$4.99 ($17.21 / Fl Oz)",
        "listPrice": "",
        "imageUrl": "https://m.media-amazon.com/images/I/31CK3uScU7L._SL160_.jpg",
        "detailPageURL": "https://www.amazon.com/dp/B09VH8431N",
        "rating": "4.0",
        "totalReviews": "201",
        "subtitle": "essence cosmetics",
        "isPrimeEligible": "1"
    },
    {
        "ASIN": "B08F6ZY8JY",
        "title": "essence | My Skin Perfector Loose Fixing Powder | Instant Blur Effect & Natural Matte Finish | Vegan, Paraben Free, Gluten Free, Oil Free | Cruelty Free (40 | Tan)",
        "price": "$3.89",
        "listPrice": "$5.99",
        "imageUrl": "https://m.media-amazon.com/images/I/414HJcePJlL._SL160_.jpg",
        "detailPageURL": "https://www.amazon.com/dp/B08F6ZY8JY",
        "rating": "4.2",
        "totalReviews": "195",
        "subtitle": "essence cosmetics",
        "isPrimeEligible": "1"
    },
    {
        "ASIN": "B08965VCS7",
        "title": "essence | Mixed 5-Pack Shine Shine Shine Lipgloss | Cruelty Free",
        "price": "$19.96 ($3.99 / Count)",
        "listPrice": "",
        "imageUrl": "https://m.media-amazon.com/images/I/41OY8kkpBHL._SL160_.jpg",
        "detailPageURL": "https://www.amazon.com/dp/B08965VCS7",
        "rating": "4.5",
        "totalReviews": "290",
        "subtitle": "essence cosmetics",
        "isPrimeEligible": "1"
    },
    {
        "ASIN": "B0CH8GZ2B1",
        "title": "Cono Peptide Essence 84% - Cono Peptide Essence Anti-Aging Wrinkle Serum, Cono Peptide Essence 84 Percent Restores Youthful Skin, Instant Lifting Face Skin, Reduce Pigmentation and Fine Lines (3pc)",
        "price": "$13.99 ($13.99 / Fl Oz)",
        "listPrice": "",
        "imageUrl": "https://m.media-amazon.com/images/I/41CgeM0CgQL._SL160_.jpg",
        "detailPageURL": "https://www.amazon.com/dp/B0CH8GZ2B1",
        "rating": "",
        "totalReviews": "",
        "subtitle": "PONPRNGY",
        "isPrimeEligible": "0"
    },
    {
        "ASIN": "B0915CMY57",
        "title": "numbuzin No.3 Super Glowing Essence Toner | Fermented Ingredients, Niacinamide, Galactomyces, glowy skin radiance | Korean Skin Care for Face, 6.76 fl.oz",
        "price": "$15.90 ($2.35 / Fl Oz)",
        "listPrice": "$23.00 ($3.40 / Fl Oz)",
        "imageUrl": "https://m.media-amazon.com/images/I/21CmiZQ-QwL._SL160_.jpg",
        "detailPageURL": "https://www.amazon.com/dp/B0915CMY57",
        "rating": "4.4",
        "totalReviews": "3342",
        "subtitle": "numbuzin",
        "isPrimeEligible": "1"
    },
    {
        "ASIN": "B0CFQC3T2Z",
        "title": "Anti-Wrinkle Essence Series, 84% Cono Peptide Essence, Pure Plant Extract Facial Serum Essence, Skin Deep Moisturizing Face Essence, High Hydrating Anti-Aging Essence, 30ml (3 Bottles)",
        "price": "$10.49 ($10.49 / Fl Oz)",
        "listPrice": "",
        "imageUrl": "https://m.media-amazon.com/images/I/51DKCCTqw5L._SL160_.jpg",
        "detailPageURL": "https://www.amazon.com/dp/B0CFQC3T2Z",
        "rating": "",
        "totalReviews": "",
        "subtitle": "BEASKE",
        "isPrimeEligible": "0"
    },
    {
        "ASIN": "B08FSWVXRD",
        "title": "COSRX Niacinamide 5% + Snail Mucin 74% Dual Essence, Anti aging Face Serum for Dull Skin, Hydrating, Brightening, Repairing, 2.70 fl.oz / 80ml, Sensitive Skin, Not Tested on Animals, Korean Skincare",
        "price": "$27.09 ($10.03 / Fl Oz)",
        "listPrice": "",
        "imageUrl": "https://m.media-amazon.com/images/I/31sT87TQVoL._SL160_.jpg",
        "detailPageURL": "https://www.amazon.com/dp/B08FSWVXRD",
        "rating": "4.6",
        "totalReviews": "2047",
        "subtitle": "COSRX",
        "isPrimeEligible": "1"
    },
    {
        "ASIN": "B07QC67KY3",
        "title": "DERMALOGY by NEOGENLAB Real Ferment Micro Essence 5.07 Fl Oz (150ml) - 93% Naturally Fermented Facial Essence, Instantly Hydrates and Delivers Healthy Supple Skin - Korean Skin Care",
        "price": "$38.00 ($7.50 / Fl Oz)",
        "listPrice": "",
        "imageUrl": "https://m.media-amazon.com/images/I/41fQBzYLe8L._SL160_.jpg",
        "detailPageURL": "https://www.amazon.com/dp/B07QC67KY3",
        "rating": "4.6",
        "totalReviews": "1529",
        "subtitle": "",
        "isPrimeEligible": "1"
    },
    {
        "ASIN": "B076CS63W6",
        "title": "essence | Brighten Up! Banana Powder | Mattifying Translucent Powder",
        "price": "$9.95 ($32.10 / Ounce)",
        "listPrice": "$13.50 ($43.55 / Ounce)",
        "imageUrl": "https://m.media-amazon.com/images/I/51Vg+vOx-UL._SL160_.jpg",
        "detailPageURL": "https://www.amazon.com/dp/B076CS63W6",
        "rating": "4.0",
        "totalReviews": "695",
        "subtitle": "Essence",
        "isPrimeEligible": "1"
    },
    {
        "ASIN": "B09VH8431N",
        "title": "essence | Fix It Like A Boss Transparent Brow Fixing Gel | Long Lasting, Fast Drying Brow Sculpting Gel | Free From Oil, Parabens, & Microplastic Particles | Vegan & Cruelty Free",
        "price": "$4.99 ($17.21 / Fl Oz)",
        "listPrice": "",
        "imageUrl": "https://m.media-amazon.com/images/I/31CK3uScU7L._SL160_.jpg",
        "detailPageURL": "https://www.amazon.com/dp/B09VH8431N",
        "rating": "4.0",
        "totalReviews": "201",
        "subtitle": "essence cosmetics",
        "isPrimeEligible": "1"
    },
    {
        "ASIN": "B08F6ZY8JY",
        "title": "essence | My Skin Perfector Loose Fixing Powder | Instant Blur Effect & Natural Matte Finish | Vegan, Paraben Free, Gluten Free, Oil Free | Cruelty Free (40 | Tan)",
        "price": "$3.89",
        "listPrice": "$5.99",
        "imageUrl": "https://m.media-amazon.com/images/I/414HJcePJlL._SL160_.jpg",
        "detailPageURL": "https://www.amazon.com/dp/B08F6ZY8JY",
        "rating": "4.2",
        "totalReviews": "195",
        "subtitle": "essence cosmetics",
        "isPrimeEligible": "1"
    },
    {
        "ASIN": "B08965VCS7",
        "title": "essence | Mixed 5-Pack Shine Shine Shine Lipgloss | Cruelty Free",
        "price": "$19.96 ($3.99 / Count)",
        "listPrice": "",
        "imageUrl": "https://m.media-amazon.com/images/I/41OY8kkpBHL._SL160_.jpg",
        "detailPageURL": "https://www.amazon.com/dp/B08965VCS7",
        "rating": "4.5",
        "totalReviews": "290",
        "subtitle": "essence cosmetics",
        "isPrimeEligible": "1"
    },
    {
        "ASIN": "B0CH8GZ2B1",
        "title": "Cono Peptide Essence 84% - Cono Peptide Essence Anti-Aging Wrinkle Serum, Cono Peptide Essence 84 Percent Restores Youthful Skin, Instant Lifting Face Skin, Reduce Pigmentation and Fine Lines (3pc)",
        "price": "$13.99 ($13.99 / Fl Oz)",
        "listPrice": "",
        "imageUrl": "https://m.media-amazon.com/images/I/41CgeM0CgQL._SL160_.jpg",
        "detailPageURL": "https://www.amazon.com/dp/B0CH8GZ2B1",
        "rating": "",
        "totalReviews": "",
        "subtitle": "PONPRNGY",
        "isPrimeEligible": "0"
    },
    {
        "ASIN": "B0915CMY57",
        "title": "numbuzin No.3 Super Glowing Essence Toner | Fermented Ingredients, Niacinamide, Galactomyces, glowy skin radiance | Korean Skin Care for Face, 6.76 fl.oz",
        "price": "$15.90 ($2.35 / Fl Oz)",
        "listPrice": "$23.00 ($3.40 / Fl Oz)",
        "imageUrl": "https://m.media-amazon.com/images/I/21CmiZQ-QwL._SL160_.jpg",
        "detailPageURL": "https://www.amazon.com/dp/B0915CMY57",
        "rating": "4.4",
        "totalReviews": "3342",
        "subtitle": "numbuzin",
        "isPrimeEligible": "1"
    },
    {
        "ASIN": "B0CFQC3T2Z",
        "title": "Anti-Wrinkle Essence Series, 84% Cono Peptide Essence, Pure Plant Extract Facial Serum Essence, Skin Deep Moisturizing Face Essence, High Hydrating Anti-Aging Essence, 30ml (3 Bottles)",
        "price": "$10.49 ($10.49 / Fl Oz)",
        "listPrice": "",
        "imageUrl": "https://m.media-amazon.com/images/I/51DKCCTqw5L._SL160_.jpg",
        "detailPageURL": "https://www.amazon.com/dp/B0CFQC3T2Z",
        "rating": "",
        "totalReviews": "",
        "subtitle": "BEASKE",
        "isPrimeEligible": "0"
    },
    {
        "ASIN": "B08FSWVXRD",
        "title": "COSRX Niacinamide 5% + Snail Mucin 74% Dual Essence, Anti aging Face Serum for Dull Skin, Hydrating, Brightening, Repairing, 2.70 fl.oz / 80ml, Sensitive Skin, Not Tested on Animals, Korean Skincare",
        "price": "$27.09 ($10.03 / Fl Oz)",
        "listPrice": "",
        "imageUrl": "https://m.media-amazon.com/images/I/31sT87TQVoL._SL160_.jpg",
        "detailPageURL": "https://www.amazon.com/dp/B08FSWVXRD",
        "rating": "4.6",
        "totalReviews": "2047",
        "subtitle": "COSRX",
        "isPrimeEligible": "1"
    },
    {
        "ASIN": "B09R8299JQ",
        "title": "essence | Hello, Good Stuff! Glow Serum Primer | Hydrating, Lightweight Make Up Base for All Skin Types | With Niacinamide & Watermelon Extract | Vegan & Cruelty Free | Made Without Gluten, Parabens, & Microplastic Particles",
        "price": "$14.50 ($0.48 / Fl Oz)",
        "listPrice": "",
        "imageUrl": "https://m.media-amazon.com/images/I/31yi14iGz1L._SL160_.jpg",
        "detailPageURL": "https://www.amazon.com/dp/B09R8299JQ",
        "rating": "4.1",
        "totalReviews": "86",
        "subtitle": "essence cosmetics",
        "isPrimeEligible": "0"
    },
    {
        "ASIN": "B076CS63W6",
        "title": "essence | Brighten Up! Banana Powder | Mattifying Translucent Powder",
        "price": "$9.95 ($32.10 / Ounce)",
        "listPrice": "$13.50 ($43.55 / Ounce)",
        "imageUrl": "https://m.media-amazon.com/images/I/51Vg+vOx-UL._SL160_.jpg",
        "detailPageURL": "https://www.amazon.com/dp/B076CS63W6",
        "rating": "4.0",
        "totalReviews": "695",
        "subtitle": "Essence",
        "isPrimeEligible": "1"
    },
    {
        "ASIN": "B09VH8431N",
        "title": "essence | Fix It Like A Boss Transparent Brow Fixing Gel | Long Lasting, Fast Drying Brow Sculpting Gel | Free From Oil, Parabens, & Microplastic Particles | Vegan & Cruelty Free",
        "price": "$4.99 ($17.21 / Fl Oz)",
        "listPrice": "",
        "imageUrl": "https://m.media-amazon.com/images/I/31CK3uScU7L._SL160_.jpg",
        "detailPageURL": "https://www.amazon.com/dp/B09VH8431N",
        "rating": "4.0",
        "totalReviews": "201",
        "subtitle": "essence cosmetics",
        "isPrimeEligible": "1"
    },
    {
        "ASIN": "B08F6ZY8JY",
        "title": "essence | My Skin Perfector Loose Fixing Powder | Instant Blur Effect & Natural Matte Finish | Vegan, Paraben Free, Gluten Free, Oil Free | Cruelty Free (40 | Tan)",
        "price": "$3.89",
        "listPrice": "$5.99",
        "imageUrl": "https://m.media-amazon.com/images/I/414HJcePJlL._SL160_.jpg",
        "detailPageURL": "https://www.amazon.com/dp/B08F6ZY8JY",
        "rating": "4.2",
        "totalReviews": "195",
        "subtitle": "essence cosmetics",
        "isPrimeEligible": "1"
    },
    {
        "ASIN": "B08965VCS7",
        "title": "essence | Mixed 5-Pack Shine Shine Shine Lipgloss | Cruelty Free",
        "price": "$19.96 ($3.99 / Count)",
        "listPrice": "",
        "imageUrl": "https://m.media-amazon.com/images/I/41OY8kkpBHL._SL160_.jpg",
        "detailPageURL": "https://www.amazon.com/dp/B08965VCS7",
        "rating": "4.5",
        "totalReviews": "290",
        "subtitle": "essence cosmetics",
        "isPrimeEligible": "1"
    },
    {
        "ASIN": "B0CH8GZ2B1",
        "title": "Cono Peptide Essence 84% - Cono Peptide Essence Anti-Aging Wrinkle Serum, Cono Peptide Essence 84 Percent Restores Youthful Skin, Instant Lifting Face Skin, Reduce Pigmentation and Fine Lines (3pc)",
        "price": "$13.99 ($13.99 / Fl Oz)",
        "listPrice": "",
        "imageUrl": "https://m.media-amazon.com/images/I/41CgeM0CgQL._SL160_.jpg",
        "detailPageURL": "https://www.amazon.com/dp/B0CH8GZ2B1",
        "rating": "",
        "totalReviews": "",
        "subtitle": "PONPRNGY",
        "isPrimeEligible": "0"
    },
    {
        "ASIN": "B0915CMY57",
        "title": "numbuzin No.3 Super Glowing Essence Toner | Fermented Ingredients, Niacinamide, Galactomyces, glowy skin radiance | Korean Skin Care for Face, 6.76 fl.oz",
        "price": "$15.90 ($2.35 / Fl Oz)",
        "listPrice": "$23.00 ($3.40 / Fl Oz)",
        "imageUrl": "https://m.media-amazon.com/images/I/21CmiZQ-QwL._SL160_.jpg",
        "detailPageURL": "https://www.amazon.com/dp/B0915CMY57",
        "rating": "4.4",
        "totalReviews": "3342",
        "subtitle": "numbuzin",
        "isPrimeEligible": "1"
    },
    {
        "ASIN": "B0CFQC3T2Z",
        "title": "Anti-Wrinkle Essence Series, 84% Cono Peptide Essence, Pure Plant Extract Facial Serum Essence, Skin Deep Moisturizing Face Essence, High Hydrating Anti-Aging Essence, 30ml (3 Bottles)",
        "price": "$10.49 ($10.49 / Fl Oz)",
        "listPrice": "",
        "imageUrl": "https://m.media-amazon.com/images/I/51DKCCTqw5L._SL160_.jpg",
        "detailPageURL": "https://www.amazon.com/dp/B0CFQC3T2Z",
        "rating": "",
        "totalReviews": "",
        "subtitle": "BEASKE",
        "isPrimeEligible": "0"
    },
    {
        "ASIN": "B08FSWVXRD",
        "title": "COSRX Niacinamide 5% + Snail Mucin 74% Dual Essence, Anti aging Face Serum for Dull Skin, Hydrating, Brightening, Repairing, 2.70 fl.oz / 80ml, Sensitive Skin, Not Tested on Animals, Korean Skincare",
        "price": "$27.09 ($10.03 / Fl Oz)",
        "listPrice": "",
        "imageUrl": "https://m.media-amazon.com/images/I/31sT87TQVoL._SL160_.jpg",
        "detailPageURL": "https://www.amazon.com/dp/B08FSWVXRD",
        "rating": "4.6",
        "totalReviews": "2047",
        "subtitle": "COSRX",
        "isPrimeEligible": "1"
    },
    {
        "ASIN": "B09R8299JQ",
        "title": "essence | Hello, Good Stuff! Glow Serum Primer | Hydrating, Lightweight Make Up Base for All Skin Types | With Niacinamide & Watermelon Extract | Vegan & Cruelty Free | Made Without Gluten, Parabens, & Microplastic Particles",
        "price": "$14.50 ($0.48 / Fl Oz)",
        "listPrice": "",
        "imageUrl": "https://m.media-amazon.com/images/I/31yi14iGz1L._SL160_.jpg",
        "detailPageURL": "https://www.amazon.com/dp/B09R8299JQ",
        "rating": "4.1",
        "totalReviews": "86",
        "subtitle": "essence cosmetics",
        "isPrimeEligible": "0"
    },
    {
        "ASIN": "B0BXX4T82L",
        "title": "CHASIN\u2019 RABBITS Magic Beauty Shroom Essence Patch | Korean Skin Care Gel Face Moisturizer Clear Essence Patch | Facial Moisturizer Essence Skin Care Patch w/Tremella Mushroom Extract (70 Patches)",
        "price": "$29.00 ($2.90 / Count)",
        "listPrice": "",
        "imageUrl": "https://m.media-amazon.com/images/I/316JdTe2I+L._SL160_.jpg",
        "detailPageURL": "https://www.amazon.com/dp/B0BXX4T82L",
        "rating": "4.7",
        "totalReviews": "25",
        "subtitle": "",
        "isPrimeEligible": "1"
    },
    {
        "ASIN": "B09VH8431N",
        "title": "essence | Fix It Like A Boss Transparent Brow Fixing Gel | Long Lasting, Fast Drying Brow Sculpting Gel | Free From Oil, Parabens, & Microplastic Particles | Vegan & Cruelty Free",
        "price": "$4.99 ($17.21 / Fl Oz)",
        "listPrice": "",
        "imageUrl": "https://m.media-amazon.com/images/I/31CK3uScU7L._SL160_.jpg",
        "detailPageURL": "https://www.amazon.com/dp/B09VH8431N",
        "rating": "4.0",
        "totalReviews": "201",
        "subtitle": "essence cosmetics",
        "isPrimeEligible": "1"
    },
    {
        "ASIN": "B08F6ZY8JY",
        "title": "essence | My Skin Perfector Loose Fixing Powder | Instant Blur Effect & Natural Matte Finish | Vegan, Paraben Free, Gluten Free, Oil Free | Cruelty Free (40 | Tan)",
        "price": "$3.89",
        "listPrice": "$5.99",
        "imageUrl": "https://m.media-amazon.com/images/I/414HJcePJlL._SL160_.jpg",
        "detailPageURL": "https://www.amazon.com/dp/B08F6ZY8JY",
        "rating": "4.2",
        "totalReviews": "195",
        "subtitle": "essence cosmetics",
        "isPrimeEligible": "1"
    },
    {
        "ASIN": "B08965VCS7",
        "title": "essence | Mixed 5-Pack Shine Shine Shine Lipgloss | Cruelty Free",
        "price": "$19.96 ($3.99 / Count)",
        "listPrice": "",
        "imageUrl": "https://m.media-amazon.com/images/I/41OY8kkpBHL._SL160_.jpg",
        "detailPageURL": "https://www.amazon.com/dp/B08965VCS7",
        "rating": "4.5",
        "totalReviews": "290",
        "subtitle": "essence cosmetics",
        "isPrimeEligible": "1"
    },
    {
        "ASIN": "B0CH8GZ2B1",
        "title": "Cono Peptide Essence 84% - Cono Peptide Essence Anti-Aging Wrinkle Serum, Cono Peptide Essence 84 Percent Restores Youthful Skin, Instant Lifting Face Skin, Reduce Pigmentation and Fine Lines (3pc)",
        "price": "$13.99 ($13.99 / Fl Oz)",
        "listPrice": "",
        "imageUrl": "https://m.media-amazon.com/images/I/41CgeM0CgQL._SL160_.jpg",
        "detailPageURL": "https://www.amazon.com/dp/B0CH8GZ2B1",
        "rating": "",
        "totalReviews": "",
        "subtitle": "PONPRNGY",
        "isPrimeEligible": "0"
    },
    {
        "ASIN": "B0915CMY57",
        "title": "numbuzin No.3 Super Glowing Essence Toner | Fermented Ingredients, Niacinamide, Galactomyces, glowy skin radiance | Korean Skin Care for Face, 6.76 fl.oz",
        "price": "$15.90 ($2.35 / Fl Oz)",
        "listPrice": "$23.00 ($3.40 / Fl Oz)",
        "imageUrl": "https://m.media-amazon.com/images/I/21CmiZQ-QwL._SL160_.jpg",
        "detailPageURL": "https://www.amazon.com/dp/B0915CMY57",
        "rating": "4.4",
        "totalReviews": "3342",
        "subtitle": "numbuzin",
        "isPrimeEligible": "1"
    },
    {
        "ASIN": "B0CFQC3T2Z",
        "title": "Anti-Wrinkle Essence Series, 84% Cono Peptide Essence, Pure Plant Extract Facial Serum Essence, Skin Deep Moisturizing Face Essence, High Hydrating Anti-Aging Essence, 30ml (3 Bottles)",
        "price": "$10.49 ($10.49 / Fl Oz)",
        "listPrice": "",
        "imageUrl": "https://m.media-amazon.com/images/I/51DKCCTqw5L._SL160_.jpg",
        "detailPageURL": "https://www.amazon.com/dp/B0CFQC3T2Z",
        "rating": "",
        "totalReviews": "",
        "subtitle": "BEASKE",
        "isPrimeEligible": "0"
    },
    {
        "ASIN": "B08FSWVXRD",
        "title": "COSRX Niacinamide 5% + Snail Mucin 74% Dual Essence, Anti aging Face Serum for Dull Skin, Hydrating, Brightening, Repairing, 2.70 fl.oz / 80ml, Sensitive Skin, Not Tested on Animals, Korean Skincare",
        "price": "$27.09 ($10.03 / Fl Oz)",
        "listPrice": "",
        "imageUrl": "https://m.media-amazon.com/images/I/31sT87TQVoL._SL160_.jpg",
        "detailPageURL": "https://www.amazon.com/dp/B08FSWVXRD",
        "rating": "4.6",
        "totalReviews": "2047",
        "subtitle": "COSRX",
        "isPrimeEligible": "1"
    },
    {
        "ASIN": "B09R8299JQ",
        "title": "essence | Hello, Good Stuff! Glow Serum Primer | Hydrating, Lightweight Make Up Base for All Skin Types | With Niacinamide & Watermelon Extract | Vegan & Cruelty Free | Made Without Gluten, Parabens, & Microplastic Particles",
        "price": "$14.50 ($0.48 / Fl Oz)",
        "listPrice": "",
        "imageUrl": "https://m.media-amazon.com/images/I/31yi14iGz1L._SL160_.jpg",
        "detailPageURL": "https://www.amazon.com/dp/B09R8299JQ",
        "rating": "4.1",
        "totalReviews": "86",
        "subtitle": "essence cosmetics",
        "isPrimeEligible": "0"
    },
    {
        "ASIN": "B0BXX4T82L",
        "title": "CHASIN\u2019 RABBITS Magic Beauty Shroom Essence Patch | Korean Skin Care Gel Face Moisturizer Clear Essence Patch | Facial Moisturizer Essence Skin Care Patch w/Tremella Mushroom Extract (70 Patches)",
        "price": "$29.00 ($2.90 / Count)",
        "listPrice": "",
        "imageUrl": "https://m.media-amazon.com/images/I/316JdTe2I+L._SL160_.jpg",
        "detailPageURL": "https://www.amazon.com/dp/B0BXX4T82L",
        "rating": "4.7",
        "totalReviews": "25",
        "subtitle": "",
        "isPrimeEligible": "1"
    },
    {
        "ASIN": "B086PSQ259",
        "title": "I'M FROM Fig Boosting Essence 150ml - Hydrating & Smoothening Moisturizer for All Skin Types, Natural & Lightweight",
        "price": "$21.99 ($4.34 / Fl Oz)",
        "listPrice": "$35.00 ($6.90 / Fl Oz)",
        "imageUrl": "https://m.media-amazon.com/images/I/41AxoKbJ0SL._SL160_.jpg",
        "detailPageURL": "https://www.amazon.com/dp/B086PSQ259",
        "rating": "4.4",
        "totalReviews": "135",
        "subtitle": "I'm from",
        "isPrimeEligible": "1"
    },
    {
        "ASIN": "B08F6ZY8JY",
        "title": "essence | My Skin Perfector Loose Fixing Powder | Instant Blur Effect & Natural Matte Finish | Vegan, Paraben Free, Gluten Free, Oil Free | Cruelty Free (40 | Tan)",
        "price": "$3.89",
        "listPrice": "$5.99",
        "imageUrl": "https://m.media-amazon.com/images/I/414HJcePJlL._SL160_.jpg",
        "detailPageURL": "https://www.amazon.com/dp/B08F6ZY8JY",
        "rating": "4.2",
        "totalReviews": "195",
        "subtitle": "essence cosmetics",
        "isPrimeEligible": "1"
    },
    {
        "ASIN": "B08965VCS7",
        "title": "essence | Mixed 5-Pack Shine Shine Shine Lipgloss | Cruelty Free",
        "price": "$19.96 ($3.99 / Count)",
        "listPrice": "",
        "imageUrl": "https://m.media-amazon.com/images/I/41OY8kkpBHL._SL160_.jpg",
        "detailPageURL": "https://www.amazon.com/dp/B08965VCS7",
        "rating": "4.5",
        "totalReviews": "290",
        "subtitle": "essence cosmetics",
        "isPrimeEligible": "1"
    },
    {
        "ASIN": "B0CH8GZ2B1",
        "title": "Cono Peptide Essence 84% - Cono Peptide Essence Anti-Aging Wrinkle Serum, Cono Peptide Essence 84 Percent Restores Youthful Skin, Instant Lifting Face Skin, Reduce Pigmentation and Fine Lines (3pc)",
        "price": "$13.99 ($13.99 / Fl Oz)",
        "listPrice": "",
        "imageUrl": "https://m.media-amazon.com/images/I/41CgeM0CgQL._SL160_.jpg",
        "detailPageURL": "https://www.amazon.com/dp/B0CH8GZ2B1",
        "rating": "",
        "totalReviews": "",
        "subtitle": "PONPRNGY",
        "isPrimeEligible": "0"
    },
    {
        "ASIN": "B0915CMY57",
        "title": "numbuzin No.3 Super Glowing Essence Toner | Fermented Ingredients, Niacinamide, Galactomyces, glowy skin radiance | Korean Skin Care for Face, 6.76 fl.oz",
        "price": "$15.90 ($2.35 / Fl Oz)",
        "listPrice": "$23.00 ($3.40 / Fl Oz)",
        "imageUrl": "https://m.media-amazon.com/images/I/21CmiZQ-QwL._SL160_.jpg",
        "detailPageURL": "https://www.amazon.com/dp/B0915CMY57",
        "rating": "4.4",
        "totalReviews": "3342",
        "subtitle": "numbuzin",
        "isPrimeEligible": "1"
    },
    {
        "ASIN": "B0CFQC3T2Z",
        "title": "Anti-Wrinkle Essence Series, 84% Cono Peptide Essence, Pure Plant Extract Facial Serum Essence, Skin Deep Moisturizing Face Essence, High Hydrating Anti-Aging Essence, 30ml (3 Bottles)",
        "price": "$10.49 ($10.49 / Fl Oz)",
        "listPrice": "",
        "imageUrl": "https://m.media-amazon.com/images/I/51DKCCTqw5L._SL160_.jpg",
        "detailPageURL": "https://www.amazon.com/dp/B0CFQC3T2Z",
        "rating": "",
        "totalReviews": "",
        "subtitle": "BEASKE",
        "isPrimeEligible": "0"
    },
    {
        "ASIN": "B08FSWVXRD",
        "title": "COSRX Niacinamide 5% + Snail Mucin 74% Dual Essence, Anti aging Face Serum for Dull Skin, Hydrating, Brightening, Repairing, 2.70 fl.oz / 80ml, Sensitive Skin, Not Tested on Animals, Korean Skincare",
        "price": "$27.09 ($10.03 / Fl Oz)",
        "listPrice": "",
        "imageUrl": "https://m.media-amazon.com/images/I/31sT87TQVoL._SL160_.jpg",
        "detailPageURL": "https://www.amazon.com/dp/B08FSWVXRD",
        "rating": "4.6",
        "totalReviews": "2047",
        "subtitle": "COSRX",
        "isPrimeEligible": "1"
    },
    {
        "ASIN": "B09R8299JQ",
        "title": "essence | Hello, Good Stuff! Glow Serum Primer | Hydrating, Lightweight Make Up Base for All Skin Types | With Niacinamide & Watermelon Extract | Vegan & Cruelty Free | Made Without Gluten, Parabens, & Microplastic Particles",
        "price": "$14.50 ($0.48 / Fl Oz)",
        "listPrice": "",
        "imageUrl": "https://m.media-amazon.com/images/I/31yi14iGz1L._SL160_.jpg",
        "detailPageURL": "https://www.amazon.com/dp/B09R8299JQ",
        "rating": "4.1",
        "totalReviews": "86",
        "subtitle": "essence cosmetics",
        "isPrimeEligible": "0"
    },
    {
        "ASIN": "B0BXX4T82L",
        "title": "CHASIN\u2019 RABBITS Magic Beauty Shroom Essence Patch | Korean Skin Care Gel Face Moisturizer Clear Essence Patch | Facial Moisturizer Essence Skin Care Patch w/Tremella Mushroom Extract (70 Patches)",
        "price": "$29.00 ($2.90 / Count)",
        "listPrice": "",
        "imageUrl": "https://m.media-amazon.com/images/I/316JdTe2I+L._SL160_.jpg",
        "detailPageURL": "https://www.amazon.com/dp/B0BXX4T82L",
        "rating": "4.7",
        "totalReviews": "25",
        "subtitle": "",
        "isPrimeEligible": "1"
    },
    {
        "ASIN": "B086PSQ259",
        "title": "I'M FROM Fig Boosting Essence 150ml - Hydrating & Smoothening Moisturizer for All Skin Types, Natural & Lightweight",
        "price": "$21.99 ($4.34 / Fl Oz)",
        "listPrice": "$35.00 ($6.90 / Fl Oz)",
        "imageUrl": "https://m.media-amazon.com/images/I/41AxoKbJ0SL._SL160_.jpg",
        "detailPageURL": "https://www.amazon.com/dp/B086PSQ259",
        "rating": "4.4",
        "totalReviews": "135",
        "subtitle": "I'm from",
        "isPrimeEligible": "1"
    },
    {
        "ASIN": "B06ZZK3YJY",
        "title": "Pyunkang Yul Facial Essence Toner 6.8 Fl. Oz- Korean Moisturizer/Toner for Dry and Combination Skin Types - Astringent for Face Certified as a Zero-Irritation - Condensed Texture",
        "price": "$15.48 ($2.28 / Fl Oz)",
        "listPrice": "$18.00 ($2.65 / Fl Oz)",
        "imageUrl": "https://m.media-amazon.com/images/I/41lEIsrpTmL._SL160_.jpg",
        "detailPageURL": "https://www.amazon.com/dp/B06ZZK3YJY",
        "rating": "4.6",
        "totalReviews": "3982",
        "subtitle": "Pyunkang Yul",
        "isPrimeEligible": "1"
    },
    {
        "ASIN": "B08965VCS7",
        "title": "essence | Mixed 5-Pack Shine Shine Shine Lipgloss | Cruelty Free",
        "price": "$19.96 ($3.99 / Count)",
        "listPrice": "",
        "imageUrl": "https://m.media-amazon.com/images/I/41OY8kkpBHL._SL160_.jpg",
        "detailPageURL": "https://www.amazon.com/dp/B08965VCS7",
        "rating": "4.5",
        "totalReviews": "290",
        "subtitle": "essence cosmetics",
        "isPrimeEligible": "1"
    },
    {
        "ASIN": "B0CH8GZ2B1",
        "title": "Cono Peptide Essence 84% - Cono Peptide Essence Anti-Aging Wrinkle Serum, Cono Peptide Essence 84 Percent Restores Youthful Skin, Instant Lifting Face Skin, Reduce Pigmentation and Fine Lines (3pc)",
        "price": "$13.99 ($13.99 / Fl Oz)",
        "listPrice": "",
        "imageUrl": "https://m.media-amazon.com/images/I/41CgeM0CgQL._SL160_.jpg",
        "detailPageURL": "https://www.amazon.com/dp/B0CH8GZ2B1",
        "rating": "",
        "totalReviews": "",
        "subtitle": "PONPRNGY",
        "isPrimeEligible": "0"
    },
    {
        "ASIN": "B0915CMY57",
        "title": "numbuzin No.3 Super Glowing Essence Toner | Fermented Ingredients, Niacinamide, Galactomyces, glowy skin radiance | Korean Skin Care for Face, 6.76 fl.oz",
        "price": "$15.90 ($2.35 / Fl Oz)",
        "listPrice": "$23.00 ($3.40 / Fl Oz)",
        "imageUrl": "https://m.media-amazon.com/images/I/21CmiZQ-QwL._SL160_.jpg",
        "detailPageURL": "https://www.amazon.com/dp/B0915CMY57",
        "rating": "4.4",
        "totalReviews": "3342",
        "subtitle": "numbuzin",
        "isPrimeEligible": "1"
    },
    {
        "ASIN": "B0CFQC3T2Z",
        "title": "Anti-Wrinkle Essence Series, 84% Cono Peptide Essence, Pure Plant Extract Facial Serum Essence, Skin Deep Moisturizing Face Essence, High Hydrating Anti-Aging Essence, 30ml (3 Bottles)",
        "price": "$10.49 ($10.49 / Fl Oz)",
        "listPrice": "",
        "imageUrl": "https://m.media-amazon.com/images/I/51DKCCTqw5L._SL160_.jpg",
        "detailPageURL": "https://www.amazon.com/dp/B0CFQC3T2Z",
        "rating": "",
        "totalReviews": "",
        "subtitle": "BEASKE",
        "isPrimeEligible": "0"
    },
    {
        "ASIN": "B08FSWVXRD",
        "title": "COSRX Niacinamide 5% + Snail Mucin 74% Dual Essence, Anti aging Face Serum for Dull Skin, Hydrating, Brightening, Repairing, 2.70 fl.oz / 80ml, Sensitive Skin, Not Tested on Animals, Korean Skincare",
        "price": "$27.09 ($10.03 / Fl Oz)",
        "listPrice": "",
        "imageUrl": "https://m.media-amazon.com/images/I/31sT87TQVoL._SL160_.jpg",
        "detailPageURL": "https://www.amazon.com/dp/B08FSWVXRD",
        "rating": "4.6",
        "totalReviews": "2047",
        "subtitle": "COSRX",
        "isPrimeEligible": "1"
    },
    {
        "ASIN": "B09R8299JQ",
        "title": "essence | Hello, Good Stuff! Glow Serum Primer | Hydrating, Lightweight Make Up Base for All Skin Types | With Niacinamide & Watermelon Extract | Vegan & Cruelty Free | Made Without Gluten, Parabens, & Microplastic Particles",
        "price": "$14.50 ($0.48 / Fl Oz)",
        "listPrice": "",
        "imageUrl": "https://m.media-amazon.com/images/I/31yi14iGz1L._SL160_.jpg",
        "detailPageURL": "https://www.amazon.com/dp/B09R8299JQ",
        "rating": "4.1",
        "totalReviews": "86",
        "subtitle": "essence cosmetics",
        "isPrimeEligible": "0"
    },
    {
        "ASIN": "B0BXX4T82L",
        "title": "CHASIN\u2019 RABBITS Magic Beauty Shroom Essence Patch | Korean Skin Care Gel Face Moisturizer Clear Essence Patch | Facial Moisturizer Essence Skin Care Patch w/Tremella Mushroom Extract (70 Patches)",
        "price": "$29.00 ($2.90 / Count)",
        "listPrice": "",
        "imageUrl": "https://m.media-amazon.com/images/I/316JdTe2I+L._SL160_.jpg",
        "detailPageURL": "https://www.amazon.com/dp/B0BXX4T82L",
        "rating": "4.7",
        "totalReviews": "25",
        "subtitle": "",
        "isPrimeEligible": "1"
    },
    {
        "ASIN": "B086PSQ259",
        "title": "I'M FROM Fig Boosting Essence 150ml - Hydrating & Smoothening Moisturizer for All Skin Types, Natural & Lightweight",
        "price": "$21.99 ($4.34 / Fl Oz)",
        "listPrice": "$35.00 ($6.90 / Fl Oz)",
        "imageUrl": "https://m.media-amazon.com/images/I/41AxoKbJ0SL._SL160_.jpg",
        "detailPageURL": "https://www.amazon.com/dp/B086PSQ259",
        "rating": "4.4",
        "totalReviews": "135",
        "subtitle": "I'm from",
        "isPrimeEligible": "1"
    },
    {
        "ASIN": "B06ZZK3YJY",
        "title": "Pyunkang Yul Facial Essence Toner 6.8 Fl. Oz- Korean Moisturizer/Toner for Dry and Combination Skin Types - Astringent for Face Certified as a Zero-Irritation - Condensed Texture",
        "price": "$15.48 ($2.28 / Fl Oz)",
        "listPrice": "$18.00 ($2.65 / Fl Oz)",
        "imageUrl": "https://m.media-amazon.com/images/I/41lEIsrpTmL._SL160_.jpg",
        "detailPageURL": "https://www.amazon.com/dp/B06ZZK3YJY",
        "rating": "4.6",
        "totalReviews": "3982",
        "subtitle": "Pyunkang Yul",
        "isPrimeEligible": "1"
    },
    {
        "ASIN": "B08JX7VS2P",
        "title": "essence | Lash Princess Mascara Gift Set | Gluten & Cruelty Free | Black (MIXED 4-Pack)",
        "price": "$27.99",
        "listPrice": "",
        "imageUrl": "https://m.media-amazon.com/images/I/51qQ80Bn7kL._SL160_.jpg",
        "detailPageURL": "https://www.amazon.com/dp/B08JX7VS2P",
        "rating": "4.7",
        "totalReviews": "6684",
        "subtitle": "essence cosmetics",
        "isPrimeEligible": "1"
    },
    {
        "ASIN": "B0CH8GZ2B1",
        "title": "Cono Peptide Essence 84% - Cono Peptide Essence Anti-Aging Wrinkle Serum, Cono Peptide Essence 84 Percent Restores Youthful Skin, Instant Lifting Face Skin, Reduce Pigmentation and Fine Lines (3pc)",
        "price": "$13.99 ($13.99 / Fl Oz)",
        "listPrice": "",
        "imageUrl": "https://m.media-amazon.com/images/I/41CgeM0CgQL._SL160_.jpg",
        "detailPageURL": "https://www.amazon.com/dp/B0CH8GZ2B1",
        "rating": "",
        "totalReviews": "",
        "subtitle": "PONPRNGY",
        "isPrimeEligible": "0"
    },
    {
        "ASIN": "B0915CMY57",
        "title": "numbuzin No.3 Super Glowing Essence Toner | Fermented Ingredients, Niacinamide, Galactomyces, glowy skin radiance | Korean Skin Care for Face, 6.76 fl.oz",
        "price": "$15.90 ($2.35 / Fl Oz)",
        "listPrice": "$23.00 ($3.40 / Fl Oz)",
        "imageUrl": "https://m.media-amazon.com/images/I/21CmiZQ-QwL._SL160_.jpg",
        "detailPageURL": "https://www.amazon.com/dp/B0915CMY57",
        "rating": "4.4",
        "totalReviews": "3342",
        "subtitle": "numbuzin",
        "isPrimeEligible": "1"
    },
    {
        "ASIN": "B0CFQC3T2Z",
        "title": "Anti-Wrinkle Essence Series, 84% Cono Peptide Essence, Pure Plant Extract Facial Serum Essence, Skin Deep Moisturizing Face Essence, High Hydrating Anti-Aging Essence, 30ml (3 Bottles)",
        "price": "$10.49 ($10.49 / Fl Oz)",
        "listPrice": "",
        "imageUrl": "https://m.media-amazon.com/images/I/51DKCCTqw5L._SL160_.jpg",
        "detailPageURL": "https://www.amazon.com/dp/B0CFQC3T2Z",
        "rating": "",
        "totalReviews": "",
        "subtitle": "BEASKE",
        "isPrimeEligible": "0"
    },
    {
        "ASIN": "B08FSWVXRD",
        "title": "COSRX Niacinamide 5% + Snail Mucin 74% Dual Essence, Anti aging Face Serum for Dull Skin, Hydrating, Brightening, Repairing, 2.70 fl.oz / 80ml, Sensitive Skin, Not Tested on Animals, Korean Skincare",
        "price": "$27.09 ($10.03 / Fl Oz)",
        "listPrice": "",
        "imageUrl": "https://m.media-amazon.com/images/I/31sT87TQVoL._SL160_.jpg",
        "detailPageURL": "https://www.amazon.com/dp/B08FSWVXRD",
        "rating": "4.6",
        "totalReviews": "2047",
        "subtitle": "COSRX",
        "isPrimeEligible": "1"
    },
    {
        "ASIN": "B09R8299JQ",
        "title": "essence | Hello, Good Stuff! Glow Serum Primer | Hydrating, Lightweight Make Up Base for All Skin Types | With Niacinamide & Watermelon Extract | Vegan & Cruelty Free | Made Without Gluten, Parabens, & Microplastic Particles",
        "price": "$14.50 ($0.48 / Fl Oz)",
        "listPrice": "",
        "imageUrl": "https://m.media-amazon.com/images/I/31yi14iGz1L._SL160_.jpg",
        "detailPageURL": "https://www.amazon.com/dp/B09R8299JQ",
        "rating": "4.1",
        "totalReviews": "86",
        "subtitle": "essence cosmetics",
        "isPrimeEligible": "0"
    },
    {
        "ASIN": "B0BXX4T82L",
        "title": "CHASIN\u2019 RABBITS Magic Beauty Shroom Essence Patch | Korean Skin Care Gel Face Moisturizer Clear Essence Patch | Facial Moisturizer Essence Skin Care Patch w/Tremella Mushroom Extract (70 Patches)",
        "price": "$29.00 ($2.90 / Count)",
        "listPrice": "",
        "imageUrl": "https://m.media-amazon.com/images/I/316JdTe2I+L._SL160_.jpg",
        "detailPageURL": "https://www.amazon.com/dp/B0BXX4T82L",
        "rating": "4.7",
        "totalReviews": "25",
        "subtitle": "",
        "isPrimeEligible": "1"
    },
    {
        "ASIN": "B086PSQ259",
        "title": "I'M FROM Fig Boosting Essence 150ml - Hydrating & Smoothening Moisturizer for All Skin Types, Natural & Lightweight",
        "price": "$21.99 ($4.34 / Fl Oz)",
        "listPrice": "$35.00 ($6.90 / Fl Oz)",
        "imageUrl": "https://m.media-amazon.com/images/I/41AxoKbJ0SL._SL160_.jpg",
        "detailPageURL": "https://www.amazon.com/dp/B086PSQ259",
        "rating": "4.4",
        "totalReviews": "135",
        "subtitle": "I'm from",
        "isPrimeEligible": "1"
    },
    {
        "ASIN": "B06ZZK3YJY",
        "title": "Pyunkang Yul Facial Essence Toner 6.8 Fl. Oz- Korean Moisturizer/Toner for Dry and Combination Skin Types - Astringent for Face Certified as a Zero-Irritation - Condensed Texture",
        "price": "$15.48 ($2.28 / Fl Oz)",
        "listPrice": "$18.00 ($2.65 / Fl Oz)",
        "imageUrl": "https://m.media-amazon.com/images/I/41lEIsrpTmL._SL160_.jpg",
        "detailPageURL": "https://www.amazon.com/dp/B06ZZK3YJY",
        "rating": "4.6",
        "totalReviews": "3982",
        "subtitle": "Pyunkang Yul",
        "isPrimeEligible": "1"
    },
    {
        "ASIN": "B08JX7VS2P",
        "title": "essence | Lash Princess Mascara Gift Set | Gluten & Cruelty Free | Black (MIXED 4-Pack)",
        "price": "$27.99",
        "listPrice": "",
        "imageUrl": "https://m.media-amazon.com/images/I/51qQ80Bn7kL._SL160_.jpg",
        "detailPageURL": "https://www.amazon.com/dp/B08JX7VS2P",
        "rating": "4.7",
        "totalReviews": "6684",
        "subtitle": "essence cosmetics",
        "isPrimeEligible": "1"
    },
    {
        "ASIN": "B01M0XSD38",
        "title": "Missha Time Revolution Essence Intensive Moist - K-Beauty Serum for Dry Skin, 150ml",
        "price": "$32.00 ($6.27 / Fl Oz)",
        "listPrice": "$49.00 ($9.61 / Fl Oz)",
        "imageUrl": "https://m.media-amazon.com/images/I/31669NtZRAL._SL160_.jpg",
        "detailPageURL": "https://www.amazon.com/dp/B01M0XSD38",
        "rating": "4.5",
        "totalReviews": "1781",
        "subtitle": "MISSHA",
        "isPrimeEligible": "1"
    },
    {
        "ASIN": "B0915CMY57",
        "title": "numbuzin No.3 Super Glowing Essence Toner | Fermented Ingredients, Niacinamide, Galactomyces, glowy skin radiance | Korean Skin Care for Face, 6.76 fl.oz",
        "price": "$15.90 ($2.35 / Fl Oz)",
        "listPrice": "$23.00 ($3.40 / Fl Oz)",
        "imageUrl": "https://m.media-amazon.com/images/I/21CmiZQ-QwL._SL160_.jpg",
        "detailPageURL": "https://www.amazon.com/dp/B0915CMY57",
        "rating": "4.4",
        "totalReviews": "3342",
        "subtitle": "numbuzin",
        "isPrimeEligible": "1"
    },
    {
        "ASIN": "B0CFQC3T2Z",
        "title": "Anti-Wrinkle Essence Series, 84% Cono Peptide Essence, Pure Plant Extract Facial Serum Essence, Skin Deep Moisturizing Face Essence, High Hydrating Anti-Aging Essence, 30ml (3 Bottles)",
        "price": "$10.49 ($10.49 / Fl Oz)",
        "listPrice": "",
        "imageUrl": "https://m.media-amazon.com/images/I/51DKCCTqw5L._SL160_.jpg",
        "detailPageURL": "https://www.amazon.com/dp/B0CFQC3T2Z",
        "rating": "",
        "totalReviews": "",
        "subtitle": "BEASKE",
        "isPrimeEligible": "0"
    },
    {
        "ASIN": "B08FSWVXRD",
        "title": "COSRX Niacinamide 5% + Snail Mucin 74% Dual Essence, Anti aging Face Serum for Dull Skin, Hydrating, Brightening, Repairing, 2.70 fl.oz / 80ml, Sensitive Skin, Not Tested on Animals, Korean Skincare",
        "price": "$27.09 ($10.03 / Fl Oz)",
        "listPrice": "",
        "imageUrl": "https://m.media-amazon.com/images/I/31sT87TQVoL._SL160_.jpg",
        "detailPageURL": "https://www.amazon.com/dp/B08FSWVXRD",
        "rating": "4.6",
        "totalReviews": "2047",
        "subtitle": "COSRX",
        "isPrimeEligible": "1"
    },
    {
        "ASIN": "B09R8299JQ",
        "title": "essence | Hello, Good Stuff! Glow Serum Primer | Hydrating, Lightweight Make Up Base for All Skin Types | With Niacinamide & Watermelon Extract | Vegan & Cruelty Free | Made Without Gluten, Parabens, & Microplastic Particles",
        "price": "$14.50 ($0.48 / Fl Oz)",
        "listPrice": "",
        "imageUrl": "https://m.media-amazon.com/images/I/31yi14iGz1L._SL160_.jpg",
        "detailPageURL": "https://www.amazon.com/dp/B09R8299JQ",
        "rating": "4.1",
        "totalReviews": "86",
        "subtitle": "essence cosmetics",
        "isPrimeEligible": "0"
    },
    {
        "ASIN": "B0BXX4T82L",
        "title": "CHASIN\u2019 RABBITS Magic Beauty Shroom Essence Patch | Korean Skin Care Gel Face Moisturizer Clear Essence Patch | Facial Moisturizer Essence Skin Care Patch w/Tremella Mushroom Extract (70 Patches)",
        "price": "$29.00 ($2.90 / Count)",
        "listPrice": "",
        "imageUrl": "https://m.media-amazon.com/images/I/316JdTe2I+L._SL160_.jpg",
        "detailPageURL": "https://www.amazon.com/dp/B0BXX4T82L",
        "rating": "4.7",
        "totalReviews": "25",
        "subtitle": "",
        "isPrimeEligible": "1"
    },
    {
        "ASIN": "B086PSQ259",
        "title": "I'M FROM Fig Boosting Essence 150ml - Hydrating & Smoothening Moisturizer for All Skin Types, Natural & Lightweight",
        "price": "$21.99 ($4.34 / Fl Oz)",
        "listPrice": "$35.00 ($6.90 / Fl Oz)",
        "imageUrl": "https://m.media-amazon.com/images/I/41AxoKbJ0SL._SL160_.jpg",
        "detailPageURL": "https://www.amazon.com/dp/B086PSQ259",
        "rating": "4.4",
        "totalReviews": "135",
        "subtitle": "I'm from",
        "isPrimeEligible": "1"
    },
    {
        "ASIN": "B06ZZK3YJY",
        "title": "Pyunkang Yul Facial Essence Toner 6.8 Fl. Oz- Korean Moisturizer/Toner for Dry and Combination Skin Types - Astringent for Face Certified as a Zero-Irritation - Condensed Texture",
        "price": "$15.48 ($2.28 / Fl Oz)",
        "listPrice": "$18.00 ($2.65 / Fl Oz)",
        "imageUrl": "https://m.media-amazon.com/images/I/41lEIsrpTmL._SL160_.jpg",
        "detailPageURL": "https://www.amazon.com/dp/B06ZZK3YJY",
        "rating": "4.6",
        "totalReviews": "3982",
        "subtitle": "Pyunkang Yul",
        "isPrimeEligible": "1"
    },
    {
        "ASIN": "B08JX7VS2P",
        "title": "essence | Lash Princess Mascara Gift Set | Gluten & Cruelty Free | Black (MIXED 4-Pack)",
        "price": "$27.99",
        "listPrice": "",
        "imageUrl": "https://m.media-amazon.com/images/I/51qQ80Bn7kL._SL160_.jpg",
        "detailPageURL": "https://www.amazon.com/dp/B08JX7VS2P",
        "rating": "4.7",
        "totalReviews": "6684",
        "subtitle": "essence cosmetics",
        "isPrimeEligible": "1"
    },
    {
        "ASIN": "B01M0XSD38",
        "title": "Missha Time Revolution Essence Intensive Moist - K-Beauty Serum for Dry Skin, 150ml",
        "price": "$32.00 ($6.27 / Fl Oz)",
        "listPrice": "$49.00 ($9.61 / Fl Oz)",
        "imageUrl": "https://m.media-amazon.com/images/I/31669NtZRAL._SL160_.jpg",
        "detailPageURL": "https://www.amazon.com/dp/B01M0XSD38",
        "rating": "4.5",
        "totalReviews": "1781",
        "subtitle": "MISSHA",
        "isPrimeEligible": "1"
    },
    {
        "ASIN": "B09434S6NC",
        "title": "Dr.Ceuracle Vegan Kombucha Tea Essence 5.07 fl.oz. | Detoxifying impurities for healthy complexion and providing hydration, Vegan all in one essence for All skin Types with Kombucha Tea Extract",
        "price": "$34.80 ($6.82 / Fl Oz)",
        "listPrice": "",
        "imageUrl": "https://m.media-amazon.com/images/I/21ActbhBd2L._SL160_.jpg",
        "detailPageURL": "https://www.amazon.com/dp/B09434S6NC",
        "rating": "4.5",
        "totalReviews": "134",
        "subtitle": "",
        "isPrimeEligible": "1"
    },
    {
        "ASIN": "B0CFQC3T2Z",
        "title": "Anti-Wrinkle Essence Series, 84% Cono Peptide Essence, Pure Plant Extract Facial Serum Essence, Skin Deep Moisturizing Face Essence, High Hydrating Anti-Aging Essence, 30ml (3 Bottles)",
        "price": "$10.49 ($10.49 / Fl Oz)",
        "listPrice": "",
        "imageUrl": "https://m.media-amazon.com/images/I/51DKCCTqw5L._SL160_.jpg",
        "detailPageURL": "https://www.amazon.com/dp/B0CFQC3T2Z",
        "rating": "",
        "totalReviews": "",
        "subtitle": "BEASKE",
        "isPrimeEligible": "0"
    },
    {
        "ASIN": "B08FSWVXRD",
        "title": "COSRX Niacinamide 5% + Snail Mucin 74% Dual Essence, Anti aging Face Serum for Dull Skin, Hydrating, Brightening, Repairing, 2.70 fl.oz / 80ml, Sensitive Skin, Not Tested on Animals, Korean Skincare",
        "price": "$27.09 ($10.03 / Fl Oz)",
        "listPrice": "",
        "imageUrl": "https://m.media-amazon.com/images/I/31sT87TQVoL._SL160_.jpg",
        "detailPageURL": "https://www.amazon.com/dp/B08FSWVXRD",
        "rating": "4.6",
        "totalReviews": "2047",
        "subtitle": "COSRX",
        "isPrimeEligible": "1"
    },
    {
        "ASIN": "B09R8299JQ",
        "title": "essence | Hello, Good Stuff! Glow Serum Primer | Hydrating, Lightweight Make Up Base for All Skin Types | With Niacinamide & Watermelon Extract | Vegan & Cruelty Free | Made Without Gluten, Parabens, & Microplastic Particles",
        "price": "$14.50 ($0.48 / Fl Oz)",
        "listPrice": "",
        "imageUrl": "https://m.media-amazon.com/images/I/31yi14iGz1L._SL160_.jpg",
        "detailPageURL": "https://www.amazon.com/dp/B09R8299JQ",
        "rating": "4.1",
        "totalReviews": "86",
        "subtitle": "essence cosmetics",
        "isPrimeEligible": "0"
    },
    {
        "ASIN": "B0BXX4T82L",
        "title": "CHASIN\u2019 RABBITS Magic Beauty Shroom Essence Patch | Korean Skin Care Gel Face Moisturizer Clear Essence Patch | Facial Moisturizer Essence Skin Care Patch w/Tremella Mushroom Extract (70 Patches)",
        "price": "$29.00 ($2.90 / Count)",
        "listPrice": "",
        "imageUrl": "https://m.media-amazon.com/images/I/316JdTe2I+L._SL160_.jpg",
        "detailPageURL": "https://www.amazon.com/dp/B0BXX4T82L",
        "rating": "4.7",
        "totalReviews": "25",
        "subtitle": "",
        "isPrimeEligible": "1"
    },
    {
        "ASIN": "B086PSQ259",
        "title": "I'M FROM Fig Boosting Essence 150ml - Hydrating & Smoothening Moisturizer for All Skin Types, Natural & Lightweight",
        "price": "$21.99 ($4.34 / Fl Oz)",
        "listPrice": "$35.00 ($6.90 / Fl Oz)",
        "imageUrl": "https://m.media-amazon.com/images/I/41AxoKbJ0SL._SL160_.jpg",
        "detailPageURL": "https://www.amazon.com/dp/B086PSQ259",
        "rating": "4.4",
        "totalReviews": "135",
        "subtitle": "I'm from",
        "isPrimeEligible": "1"
    },
    {
        "ASIN": "B06ZZK3YJY",
        "title": "Pyunkang Yul Facial Essence Toner 6.8 Fl. Oz- Korean Moisturizer/Toner for Dry and Combination Skin Types - Astringent for Face Certified as a Zero-Irritation - Condensed Texture",
        "price": "$15.48 ($2.28 / Fl Oz)",
        "listPrice": "$18.00 ($2.65 / Fl Oz)",
        "imageUrl": "https://m.media-amazon.com/images/I/41lEIsrpTmL._SL160_.jpg",
        "detailPageURL": "https://www.amazon.com/dp/B06ZZK3YJY",
        "rating": "4.6",
        "totalReviews": "3982",
        "subtitle": "Pyunkang Yul",
        "isPrimeEligible": "1"
    },
    {
        "ASIN": "B08JX7VS2P",
        "title": "essence | Lash Princess Mascara Gift Set | Gluten & Cruelty Free | Black (MIXED 4-Pack)",
        "price": "$27.99",
        "listPrice": "",
        "imageUrl": "https://m.media-amazon.com/images/I/51qQ80Bn7kL._SL160_.jpg",
        "detailPageURL": "https://www.amazon.com/dp/B08JX7VS2P",
        "rating": "4.7",
        "totalReviews": "6684",
        "subtitle": "essence cosmetics",
        "isPrimeEligible": "1"
    },
    {
        "ASIN": "B01M0XSD38",
        "title": "Missha Time Revolution Essence Intensive Moist - K-Beauty Serum for Dry Skin, 150ml",
        "price": "$32.00 ($6.27 / Fl Oz)",
        "listPrice": "$49.00 ($9.61 / Fl Oz)",
        "imageUrl": "https://m.media-amazon.com/images/I/31669NtZRAL._SL160_.jpg",
        "detailPageURL": "https://www.amazon.com/dp/B01M0XSD38",
        "rating": "4.5",
        "totalReviews": "1781",
        "subtitle": "MISSHA",
        "isPrimeEligible": "1"
    },
    {
        "ASIN": "B09434S6NC",
        "title": "Dr.Ceuracle Vegan Kombucha Tea Essence 5.07 fl.oz. | Detoxifying impurities for healthy complexion and providing hydration, Vegan all in one essence for All skin Types with Kombucha Tea Extract",
        "price": "$34.80 ($6.82 / Fl Oz)",
        "listPrice": "",
        "imageUrl": "https://m.media-amazon.com/images/I/21ActbhBd2L._SL160_.jpg",
        "detailPageURL": "https://www.amazon.com/dp/B09434S6NC",
        "rating": "4.5",
        "totalReviews": "134",
        "subtitle": "",
        "isPrimeEligible": "1"
    },
    {
        "ASIN": "B0057MHTAA",
        "title": "Desert Essence Thoroughly Clean Face Wash Original Deep Cleansing Formula with Tea Tree, Castile Soap & Coconut Oil - Gently Removes Oil & Impurities For Radiant, Revitalized, Smooth Skin - 32oz",
        "price": "$20.26 ($0.63 / Fl Oz)",
        "listPrice": "$26.90 ($0.84 / Fl Oz)",
        "imageUrl": "https://m.media-amazon.com/images/I/41FGWzM6aqL._SL160_.jpg",
        "detailPageURL": "https://www.amazon.com/dp/B0057MHTAA",
        "rating": "4.7",
        "totalReviews": "1583",
        "subtitle": "Desert Essence",
        "isPrimeEligible": "1"
    },
    {
        "ASIN": "B08FSWVXRD",
        "title": "COSRX Niacinamide 5% + Snail Mucin 74% Dual Essence, Anti aging Face Serum for Dull Skin, Hydrating, Brightening, Repairing, 2.70 fl.oz / 80ml, Sensitive Skin, Not Tested on Animals, Korean Skincare",
        "price": "$27.09 ($10.03 / Fl Oz)",
        "listPrice": "",
        "imageUrl": "https://m.media-amazon.com/images/I/31sT87TQVoL._SL160_.jpg",
        "detailPageURL": "https://www.amazon.com/dp/B08FSWVXRD",
        "rating": "4.6",
        "totalReviews": "2047",
        "subtitle": "COSRX",
        "isPrimeEligible": "1"
    },
    {
        "ASIN": "B09R8299JQ",
        "title": "essence | Hello, Good Stuff! Glow Serum Primer | Hydrating, Lightweight Make Up Base for All Skin Types | With Niacinamide & Watermelon Extract | Vegan & Cruelty Free | Made Without Gluten, Parabens, & Microplastic Particles",
        "price": "$14.50 ($0.48 / Fl Oz)",
        "listPrice": "",
        "imageUrl": "https://m.media-amazon.com/images/I/31yi14iGz1L._SL160_.jpg",
        "detailPageURL": "https://www.amazon.com/dp/B09R8299JQ",
        "rating": "4.1",
        "totalReviews": "86",
        "subtitle": "essence cosmetics",
        "isPrimeEligible": "0"
    },
    {
        "ASIN": "B0BXX4T82L",
        "title": "CHASIN\u2019 RABBITS Magic Beauty Shroom Essence Patch | Korean Skin Care Gel Face Moisturizer Clear Essence Patch | Facial Moisturizer Essence Skin Care Patch w/Tremella Mushroom Extract (70 Patches)",
        "price": "$29.00 ($2.90 / Count)",
        "listPrice": "",
        "imageUrl": "https://m.media-amazon.com/images/I/316JdTe2I+L._SL160_.jpg",
        "detailPageURL": "https://www.amazon.com/dp/B0BXX4T82L",
        "rating": "4.7",
        "totalReviews": "25",
        "subtitle": "",
        "isPrimeEligible": "1"
    },
    {
        "ASIN": "B086PSQ259",
        "title": "I'M FROM Fig Boosting Essence 150ml - Hydrating & Smoothening Moisturizer for All Skin Types, Natural & Lightweight",
        "price": "$21.99 ($4.34 / Fl Oz)",
        "listPrice": "$35.00 ($6.90 / Fl Oz)",
        "imageUrl": "https://m.media-amazon.com/images/I/41AxoKbJ0SL._SL160_.jpg",
        "detailPageURL": "https://www.amazon.com/dp/B086PSQ259",
        "rating": "4.4",
        "totalReviews": "135",
        "subtitle": "I'm from",
        "isPrimeEligible": "1"
    },
    {
        "ASIN": "B06ZZK3YJY",
        "title": "Pyunkang Yul Facial Essence Toner 6.8 Fl. Oz- Korean Moisturizer/Toner for Dry and Combination Skin Types - Astringent for Face Certified as a Zero-Irritation - Condensed Texture",
        "price": "$15.48 ($2.28 / Fl Oz)",
        "listPrice": "$18.00 ($2.65 / Fl Oz)",
        "imageUrl": "https://m.media-amazon.com/images/I/41lEIsrpTmL._SL160_.jpg",
        "detailPageURL": "https://www.amazon.com/dp/B06ZZK3YJY",
        "rating": "4.6",
        "totalReviews": "3982",
        "subtitle": "Pyunkang Yul",
        "isPrimeEligible": "1"
    },
    {
        "ASIN": "B08JX7VS2P",
        "title": "essence | Lash Princess Mascara Gift Set | Gluten & Cruelty Free | Black (MIXED 4-Pack)",
        "price": "$27.99",
        "listPrice": "",
        "imageUrl": "https://m.media-amazon.com/images/I/51qQ80Bn7kL._SL160_.jpg",
        "detailPageURL": "https://www.amazon.com/dp/B08JX7VS2P",
        "rating": "4.7",
        "totalReviews": "6684",
        "subtitle": "essence cosmetics",
        "isPrimeEligible": "1"
    },
    {
        "ASIN": "B01M0XSD38",
        "title": "Missha Time Revolution Essence Intensive Moist - K-Beauty Serum for Dry Skin, 150ml",
        "price": "$32.00 ($6.27 / Fl Oz)",
        "listPrice": "$49.00 ($9.61 / Fl Oz)",
        "imageUrl": "https://m.media-amazon.com/images/I/31669NtZRAL._SL160_.jpg",
        "detailPageURL": "https://www.amazon.com/dp/B01M0XSD38",
        "rating": "4.5",
        "totalReviews": "1781",
        "subtitle": "MISSHA",
        "isPrimeEligible": "1"
    },
    {
        "ASIN": "B09434S6NC",
        "title": "Dr.Ceuracle Vegan Kombucha Tea Essence 5.07 fl.oz. | Detoxifying impurities for healthy complexion and providing hydration, Vegan all in one essence for All skin Types with Kombucha Tea Extract",
        "price": "$34.80 ($6.82 / Fl Oz)",
        "listPrice": "",
        "imageUrl": "https://m.media-amazon.com/images/I/21ActbhBd2L._SL160_.jpg",
        "detailPageURL": "https://www.amazon.com/dp/B09434S6NC",
        "rating": "4.5",
        "totalReviews": "134",
        "subtitle": "",
        "isPrimeEligible": "1"
    },
    {
        "ASIN": "B0057MHTAA",
        "title": "Desert Essence Thoroughly Clean Face Wash Original Deep Cleansing Formula with Tea Tree, Castile Soap & Coconut Oil - Gently Removes Oil & Impurities For Radiant, Revitalized, Smooth Skin - 32oz",
        "price": "$20.26 ($0.63 / Fl Oz)",
        "listPrice": "$26.90 ($0.84 / Fl Oz)",
        "imageUrl": "https://m.media-amazon.com/images/I/41FGWzM6aqL._SL160_.jpg",
        "detailPageURL": "https://www.amazon.com/dp/B0057MHTAA",
        "rating": "4.7",
        "totalReviews": "1583",
        "subtitle": "Desert Essence",
        "isPrimeEligible": "1"
    },
    {
        "ASIN": "B0CGWLX2GZ",
        "title": "2PCS Effective Anti-Ageing,Water Light Cono Peptide Anti-Wrinkle Serum,Cono Peptide Essence 84%,Cono Peptide Essence Anti-Aging Serum,Instant Lifting Face Skin Care,Moisturizes And Smoothes Fine Lines",
        "price": "$9.99 ($9.99 / Fl Oz)",
        "listPrice": "",
        "imageUrl": "https://m.media-amazon.com/images/I/51NIV994RxL._SL160_.jpg",
        "detailPageURL": "https://www.amazon.com/dp/B0CGWLX2GZ",
        "rating": "",
        "totalReviews": "",
        "subtitle": "scaling women",
        "isPrimeEligible": "0"
    },
    {
        "ASIN": "B09R8299JQ",
        "title": "essence | Hello, Good Stuff! Glow Serum Primer | Hydrating, Lightweight Make Up Base for All Skin Types | With Niacinamide & Watermelon Extract | Vegan & Cruelty Free | Made Without Gluten, Parabens, & Microplastic Particles",
        "price": "$14.50 ($0.48 / Fl Oz)",
        "listPrice": "",
        "imageUrl": "https://m.media-amazon.com/images/I/31yi14iGz1L._SL160_.jpg",
        "detailPageURL": "https://www.amazon.com/dp/B09R8299JQ",
        "rating": "4.1",
        "totalReviews": "86",
        "subtitle": "essence cosmetics",
        "isPrimeEligible": "0"
    },
    {
        "ASIN": "B0BXX4T82L",
        "title": "CHASIN\u2019 RABBITS Magic Beauty Shroom Essence Patch | Korean Skin Care Gel Face Moisturizer Clear Essence Patch | Facial Moisturizer Essence Skin Care Patch w/Tremella Mushroom Extract (70 Patches)",
        "price": "$29.00 ($2.90 / Count)",
        "listPrice": "",
        "imageUrl": "https://m.media-amazon.com/images/I/316JdTe2I+L._SL160_.jpg",
        "detailPageURL": "https://www.amazon.com/dp/B0BXX4T82L",
        "rating": "4.7",
        "totalReviews": "25",
        "subtitle": "",
        "isPrimeEligible": "1"
    },
    {
        "ASIN": "B086PSQ259",
        "title": "I'M FROM Fig Boosting Essence 150ml - Hydrating & Smoothening Moisturizer for All Skin Types, Natural & Lightweight",
        "price": "$21.99 ($4.34 / Fl Oz)",
        "listPrice": "$35.00 ($6.90 / Fl Oz)",
        "imageUrl": "https://m.media-amazon.com/images/I/41AxoKbJ0SL._SL160_.jpg",
        "detailPageURL": "https://www.amazon.com/dp/B086PSQ259",
        "rating": "4.4",
        "totalReviews": "135",
        "subtitle": "I'm from",
        "isPrimeEligible": "1"
    },
    {
        "ASIN": "B06ZZK3YJY",
        "title": "Pyunkang Yul Facial Essence Toner 6.8 Fl. Oz- Korean Moisturizer/Toner for Dry and Combination Skin Types - Astringent for Face Certified as a Zero-Irritation - Condensed Texture",
        "price": "$15.48 ($2.28 / Fl Oz)",
        "listPrice": "$18.00 ($2.65 / Fl Oz)",
        "imageUrl": "https://m.media-amazon.com/images/I/41lEIsrpTmL._SL160_.jpg",
        "detailPageURL": "https://www.amazon.com/dp/B06ZZK3YJY",
        "rating": "4.6",
        "totalReviews": "3982",
        "subtitle": "Pyunkang Yul",
        "isPrimeEligible": "1"
    },
    {
        "ASIN": "B08JX7VS2P",
        "title": "essence | Lash Princess Mascara Gift Set | Gluten & Cruelty Free | Black (MIXED 4-Pack)",
        "price": "$27.99",
        "listPrice": "",
        "imageUrl": "https://m.media-amazon.com/images/I/51qQ80Bn7kL._SL160_.jpg",
        "detailPageURL": "https://www.amazon.com/dp/B08JX7VS2P",
        "rating": "4.7",
        "totalReviews": "6684",
        "subtitle": "essence cosmetics",
        "isPrimeEligible": "1"
    },
    {
        "ASIN": "B01M0XSD38",
        "title": "Missha Time Revolution Essence Intensive Moist - K-Beauty Serum for Dry Skin, 150ml",
        "price": "$32.00 ($6.27 / Fl Oz)",
        "listPrice": "$49.00 ($9.61 / Fl Oz)",
        "imageUrl": "https://m.media-amazon.com/images/I/31669NtZRAL._SL160_.jpg",
        "detailPageURL": "https://www.amazon.com/dp/B01M0XSD38",
        "rating": "4.5",
        "totalReviews": "1781",
        "subtitle": "MISSHA",
        "isPrimeEligible": "1"
    },
    {
        "ASIN": "B09434S6NC",
        "title": "Dr.Ceuracle Vegan Kombucha Tea Essence 5.07 fl.oz. | Detoxifying impurities for healthy complexion and providing hydration, Vegan all in one essence for All skin Types with Kombucha Tea Extract",
        "price": "$34.80 ($6.82 / Fl Oz)",
        "listPrice": "",
        "imageUrl": "https://m.media-amazon.com/images/I/21ActbhBd2L._SL160_.jpg",
        "detailPageURL": "https://www.amazon.com/dp/B09434S6NC",
        "rating": "4.5",
        "totalReviews": "134",
        "subtitle": "",
        "isPrimeEligible": "1"
    },
    {
        "ASIN": "B0057MHTAA",
        "title": "Desert Essence Thoroughly Clean Face Wash Original Deep Cleansing Formula with Tea Tree, Castile Soap & Coconut Oil - Gently Removes Oil & Impurities For Radiant, Revitalized, Smooth Skin - 32oz",
        "price": "$20.26 ($0.63 / Fl Oz)",
        "listPrice": "$26.90 ($0.84 / Fl Oz)",
        "imageUrl": "https://m.media-amazon.com/images/I/41FGWzM6aqL._SL160_.jpg",
        "detailPageURL": "https://www.amazon.com/dp/B0057MHTAA",
        "rating": "4.7",
        "totalReviews": "1583",
        "subtitle": "Desert Essence",
        "isPrimeEligible": "1"
    },
    {
        "ASIN": "B0CGWLX2GZ",
        "title": "2PCS Effective Anti-Ageing,Water Light Cono Peptide Anti-Wrinkle Serum,Cono Peptide Essence 84%,Cono Peptide Essence Anti-Aging Serum,Instant Lifting Face Skin Care,Moisturizes And Smoothes Fine Lines",
        "price": "$9.99 ($9.99 / Fl Oz)",
        "listPrice": "",
        "imageUrl": "https://m.media-amazon.com/images/I/51NIV994RxL._SL160_.jpg",
        "detailPageURL": "https://www.amazon.com/dp/B0CGWLX2GZ",
        "rating": "",
        "totalReviews": "",
        "subtitle": "scaling women",
        "isPrimeEligible": "0"
    },
    {
        "ASIN": "B08XZQ4YQ2",
        "title": "essence | What the Fake! Plumping Lip Filler | Lip Gloss for Full, Voluminous Lips | Translucent Pearly Finish | Vegan & Cruelty Free | Free from Gluten, Parabens, & Preservatives",
        "price": "$4.99 ($35.64 / Fl Oz)",
        "listPrice": "",
        "imageUrl": "https://m.media-amazon.com/images/I/31CH6EfDPsL._SL160_.jpg",
        "detailPageURL": "https://www.amazon.com/dp/B08XZQ4YQ2",
        "rating": "3.9",
        "totalReviews": "874",
        "subtitle": "essence cosmetics",
        "isPrimeEligible": "1"
    },
    {
        "ASIN": "B0BXX4T82L",
        "title": "CHASIN\u2019 RABBITS Magic Beauty Shroom Essence Patch | Korean Skin Care Gel Face Moisturizer Clear Essence Patch | Facial Moisturizer Essence Skin Care Patch w/Tremella Mushroom Extract (70 Patches)",
        "price": "$29.00 ($2.90 / Count)",
        "listPrice": "",
        "imageUrl": "https://m.media-amazon.com/images/I/316JdTe2I+L._SL160_.jpg",
        "detailPageURL": "https://www.amazon.com/dp/B0BXX4T82L",
        "rating": "4.7",
        "totalReviews": "25",
        "subtitle": "",
        "isPrimeEligible": "1"
    },
    {
        "ASIN": "B086PSQ259",
        "title": "I'M FROM Fig Boosting Essence 150ml - Hydrating & Smoothening Moisturizer for All Skin Types, Natural & Lightweight",
        "price": "$21.99 ($4.34 / Fl Oz)",
        "listPrice": "$35.00 ($6.90 / Fl Oz)",
        "imageUrl": "https://m.media-amazon.com/images/I/41AxoKbJ0SL._SL160_.jpg",
        "detailPageURL": "https://www.amazon.com/dp/B086PSQ259",
        "rating": "4.4",
        "totalReviews": "135",
        "subtitle": "I'm from",
        "isPrimeEligible": "1"
    },
    {
        "ASIN": "B06ZZK3YJY",
        "title": "Pyunkang Yul Facial Essence Toner 6.8 Fl. Oz- Korean Moisturizer/Toner for Dry and Combination Skin Types - Astringent for Face Certified as a Zero-Irritation - Condensed Texture",
        "price": "$15.48 ($2.28 / Fl Oz)",
        "listPrice": "$18.00 ($2.65 / Fl Oz)",
        "imageUrl": "https://m.media-amazon.com/images/I/41lEIsrpTmL._SL160_.jpg",
        "detailPageURL": "https://www.amazon.com/dp/B06ZZK3YJY",
        "rating": "4.6",
        "totalReviews": "3982",
        "subtitle": "Pyunkang Yul",
        "isPrimeEligible": "1"
    },
    {
        "ASIN": "B08JX7VS2P",
        "title": "essence | Lash Princess Mascara Gift Set | Gluten & Cruelty Free | Black (MIXED 4-Pack)",
        "price": "$27.99",
        "listPrice": "",
        "imageUrl": "https://m.media-amazon.com/images/I/51qQ80Bn7kL._SL160_.jpg",
        "detailPageURL": "https://www.amazon.com/dp/B08JX7VS2P",
        "rating": "4.7",
        "totalReviews": "6684",
        "subtitle": "essence cosmetics",
        "isPrimeEligible": "1"
    },
    {
        "ASIN": "B01M0XSD38",
        "title": "Missha Time Revolution Essence Intensive Moist - K-Beauty Serum for Dry Skin, 150ml",
        "price": "$32.00 ($6.27 / Fl Oz)",
        "listPrice": "$49.00 ($9.61 / Fl Oz)",
        "imageUrl": "https://m.media-amazon.com/images/I/31669NtZRAL._SL160_.jpg",
        "detailPageURL": "https://www.amazon.com/dp/B01M0XSD38",
        "rating": "4.5",
        "totalReviews": "1781",
        "subtitle": "MISSHA",
        "isPrimeEligible": "1"
    },
    {
        "ASIN": "B09434S6NC",
        "title": "Dr.Ceuracle Vegan Kombucha Tea Essence 5.07 fl.oz. | Detoxifying impurities for healthy complexion and providing hydration, Vegan all in one essence for All skin Types with Kombucha Tea Extract",
        "price": "$34.80 ($6.82 / Fl Oz)",
        "listPrice": "",
        "imageUrl": "https://m.media-amazon.com/images/I/21ActbhBd2L._SL160_.jpg",
        "detailPageURL": "https://www.amazon.com/dp/B09434S6NC",
        "rating": "4.5",
        "totalReviews": "134",
        "subtitle": "",
        "isPrimeEligible": "1"
    },
    {
        "ASIN": "B0057MHTAA",
        "title": "Desert Essence Thoroughly Clean Face Wash Original Deep Cleansing Formula with Tea Tree, Castile Soap & Coconut Oil - Gently Removes Oil & Impurities For Radiant, Revitalized, Smooth Skin - 32oz",
        "price": "$20.26 ($0.63 / Fl Oz)",
        "listPrice": "$26.90 ($0.84 / Fl Oz)",
        "imageUrl": "https://m.media-amazon.com/images/I/41FGWzM6aqL._SL160_.jpg",
        "detailPageURL": "https://www.amazon.com/dp/B0057MHTAA",
        "rating": "4.7",
        "totalReviews": "1583",
        "subtitle": "Desert Essence",
        "isPrimeEligible": "1"
    },
    {
        "ASIN": "B0CGWLX2GZ",
        "title": "2PCS Effective Anti-Ageing,Water Light Cono Peptide Anti-Wrinkle Serum,Cono Peptide Essence 84%,Cono Peptide Essence Anti-Aging Serum,Instant Lifting Face Skin Care,Moisturizes And Smoothes Fine Lines",
        "price": "$9.99 ($9.99 / Fl Oz)",
        "listPrice": "",
        "imageUrl": "https://m.media-amazon.com/images/I/51NIV994RxL._SL160_.jpg",
        "detailPageURL": "https://www.amazon.com/dp/B0CGWLX2GZ",
        "rating": "",
        "totalReviews": "",
        "subtitle": "scaling women",
        "isPrimeEligible": "0"
    },
    {
        "ASIN": "B08XZQ4YQ2",
        "title": "essence | What the Fake! Plumping Lip Filler | Lip Gloss for Full, Voluminous Lips | Translucent Pearly Finish | Vegan & Cruelty Free | Free from Gluten, Parabens, & Preservatives",
        "price": "$4.99 ($35.64 / Fl Oz)",
        "listPrice": "",
        "imageUrl": "https://m.media-amazon.com/images/I/31CH6EfDPsL._SL160_.jpg",
        "detailPageURL": "https://www.amazon.com/dp/B08XZQ4YQ2",
        "rating": "3.9",
        "totalReviews": "874",
        "subtitle": "essence cosmetics",
        "isPrimeEligible": "1"
    },
    {
        "ASIN": "B09KM98FJH",
        "title": "essence | Lash Princess Curl & Volume Mascara | Vegan & Cruelty Free (Pack of 3)",
        "price": "$14.97 ($14.97 / Count)",
        "listPrice": "",
        "imageUrl": "https://m.media-amazon.com/images/I/41WA8JqGx+L._SL160_.jpg",
        "detailPageURL": "https://www.amazon.com/dp/B09KM98FJH",
        "rating": "4.6",
        "totalReviews": "308",
        "subtitle": "essence cosmetics",
        "isPrimeEligible": "1"
    },
    {
        "ASIN": "B086PSQ259",
        "title": "I'M FROM Fig Boosting Essence 150ml - Hydrating & Smoothening Moisturizer for All Skin Types, Natural & Lightweight",
        "price": "$21.99 ($4.34 / Fl Oz)",
        "listPrice": "$35.00 ($6.90 / Fl Oz)",
        "imageUrl": "https://m.media-amazon.com/images/I/41AxoKbJ0SL._SL160_.jpg",
        "detailPageURL": "https://www.amazon.com/dp/B086PSQ259",
        "rating": "4.4",
        "totalReviews": "135",
        "subtitle": "I'm from",
        "isPrimeEligible": "1"
    },
    {
        "ASIN": "B06ZZK3YJY",
        "title": "Pyunkang Yul Facial Essence Toner 6.8 Fl. Oz- Korean Moisturizer/Toner for Dry and Combination Skin Types - Astringent for Face Certified as a Zero-Irritation - Condensed Texture",
        "price": "$15.48 ($2.28 / Fl Oz)",
        "listPrice": "$18.00 ($2.65 / Fl Oz)",
        "imageUrl": "https://m.media-amazon.com/images/I/41lEIsrpTmL._SL160_.jpg",
        "detailPageURL": "https://www.amazon.com/dp/B06ZZK3YJY",
        "rating": "4.6",
        "totalReviews": "3982",
        "subtitle": "Pyunkang Yul",
        "isPrimeEligible": "1"
    },
    {
        "ASIN": "B08JX7VS2P",
        "title": "essence | Lash Princess Mascara Gift Set | Gluten & Cruelty Free | Black (MIXED 4-Pack)",
        "price": "$27.99",
        "listPrice": "",
        "imageUrl": "https://m.media-amazon.com/images/I/51qQ80Bn7kL._SL160_.jpg",
        "detailPageURL": "https://www.amazon.com/dp/B08JX7VS2P",
        "rating": "4.7",
        "totalReviews": "6684",
        "subtitle": "essence cosmetics",
        "isPrimeEligible": "1"
    },
    {
        "ASIN": "B01M0XSD38",
        "title": "Missha Time Revolution Essence Intensive Moist - K-Beauty Serum for Dry Skin, 150ml",
        "price": "$32.00 ($6.27 / Fl Oz)",
        "listPrice": "$49.00 ($9.61 / Fl Oz)",
        "imageUrl": "https://m.media-amazon.com/images/I/31669NtZRAL._SL160_.jpg",
        "detailPageURL": "https://www.amazon.com/dp/B01M0XSD38",
        "rating": "4.5",
        "totalReviews": "1781",
        "subtitle": "MISSHA",
        "isPrimeEligible": "1"
    },
    {
        "ASIN": "B09434S6NC",
        "title": "Dr.Ceuracle Vegan Kombucha Tea Essence 5.07 fl.oz. | Detoxifying impurities for healthy complexion and providing hydration, Vegan all in one essence for All skin Types with Kombucha Tea Extract",
        "price": "$34.80 ($6.82 / Fl Oz)",
        "listPrice": "",
        "imageUrl": "https://m.media-amazon.com/images/I/21ActbhBd2L._SL160_.jpg",
        "detailPageURL": "https://www.amazon.com/dp/B09434S6NC",
        "rating": "4.5",
        "totalReviews": "134",
        "subtitle": "",
        "isPrimeEligible": "1"
    },
    {
        "ASIN": "B0057MHTAA",
        "title": "Desert Essence Thoroughly Clean Face Wash Original Deep Cleansing Formula with Tea Tree, Castile Soap & Coconut Oil - Gently Removes Oil & Impurities For Radiant, Revitalized, Smooth Skin - 32oz",
        "price": "$20.26 ($0.63 / Fl Oz)",
        "listPrice": "$26.90 ($0.84 / Fl Oz)",
        "imageUrl": "https://m.media-amazon.com/images/I/41FGWzM6aqL._SL160_.jpg",
        "detailPageURL": "https://www.amazon.com/dp/B0057MHTAA",
        "rating": "4.7",
        "totalReviews": "1583",
        "subtitle": "Desert Essence",
        "isPrimeEligible": "1"
    },
    {
        "ASIN": "B0CGWLX2GZ",
        "title": "2PCS Effective Anti-Ageing,Water Light Cono Peptide Anti-Wrinkle Serum,Cono Peptide Essence 84%,Cono Peptide Essence Anti-Aging Serum,Instant Lifting Face Skin Care,Moisturizes And Smoothes Fine Lines",
        "price": "$9.99 ($9.99 / Fl Oz)",
        "listPrice": "",
        "imageUrl": "https://m.media-amazon.com/images/I/51NIV994RxL._SL160_.jpg",
        "detailPageURL": "https://www.amazon.com/dp/B0CGWLX2GZ",
        "rating": "",
        "totalReviews": "",
        "subtitle": "scaling women",
        "isPrimeEligible": "0"
    },
    {
        "ASIN": "B08XZQ4YQ2",
        "title": "essence | What the Fake! Plumping Lip Filler | Lip Gloss for Full, Voluminous Lips | Translucent Pearly Finish | Vegan & Cruelty Free | Free from Gluten, Parabens, & Preservatives",
        "price": "$4.99 ($35.64 / Fl Oz)",
        "listPrice": "",
        "imageUrl": "https://m.media-amazon.com/images/I/31CH6EfDPsL._SL160_.jpg",
        "detailPageURL": "https://www.amazon.com/dp/B08XZQ4YQ2",
        "rating": "3.9",
        "totalReviews": "874",
        "subtitle": "essence cosmetics",
        "isPrimeEligible": "1"
    },
    {
        "ASIN": "B09KM98FJH",
        "title": "essence | Lash Princess Curl & Volume Mascara | Vegan & Cruelty Free (Pack of 3)",
        "price": "$14.97 ($14.97 / Count)",
        "listPrice": "",
        "imageUrl": "https://m.media-amazon.com/images/I/41WA8JqGx+L._SL160_.jpg",
        "detailPageURL": "https://www.amazon.com/dp/B09KM98FJH",
        "rating": "4.6",
        "totalReviews": "308",
        "subtitle": "essence cosmetics",
        "isPrimeEligible": "1"
    },
    {
        "ASIN": "B0BTD4X5ZM",
        "title": "essence | The Lion King Eyeshadow Palette | Limited Edition Disney Collection | 14 Highly Pigmented, Matte & Metallic Easy to Blend Shadows | Vegan & Cruelty Free (01 | Circle of life)",
        "price": "$12.99 ($32.88 / Ounce)",
        "listPrice": "",
        "imageUrl": "https://m.media-amazon.com/images/I/410NMS6s5nL._SL160_.jpg",
        "detailPageURL": "https://www.amazon.com/dp/B0BTD4X5ZM",
        "rating": "4.6",
        "totalReviews": "58",
        "subtitle": "essence cosmetics",
        "isPrimeEligible": "1"
    },
    {
        "ASIN": "B06ZZK3YJY",
        "title": "Pyunkang Yul Facial Essence Toner 6.8 Fl. Oz- Korean Moisturizer/Toner for Dry and Combination Skin Types - Astringent for Face Certified as a Zero-Irritation - Condensed Texture",
        "price": "$15.48 ($2.28 / Fl Oz)",
        "listPrice": "$18.00 ($2.65 / Fl Oz)",
        "imageUrl": "https://m.media-amazon.com/images/I/41lEIsrpTmL._SL160_.jpg",
        "detailPageURL": "https://www.amazon.com/dp/B06ZZK3YJY",
        "rating": "4.6",
        "totalReviews": "3982",
        "subtitle": "Pyunkang Yul",
        "isPrimeEligible": "1"
    },
    {
        "ASIN": "B08JX7VS2P",
        "title": "essence | Lash Princess Mascara Gift Set | Gluten & Cruelty Free | Black (MIXED 4-Pack)",
        "price": "$27.99",
        "listPrice": "",
        "imageUrl": "https://m.media-amazon.com/images/I/51qQ80Bn7kL._SL160_.jpg",
        "detailPageURL": "https://www.amazon.com/dp/B08JX7VS2P",
        "rating": "4.7",
        "totalReviews": "6684",
        "subtitle": "essence cosmetics",
        "isPrimeEligible": "1"
    },
    {
        "ASIN": "B01M0XSD38",
        "title": "Missha Time Revolution Essence Intensive Moist - K-Beauty Serum for Dry Skin, 150ml",
        "price": "$32.00 ($6.27 / Fl Oz)",
        "listPrice": "$49.00 ($9.61 / Fl Oz)",
        "imageUrl": "https://m.media-amazon.com/images/I/31669NtZRAL._SL160_.jpg",
        "detailPageURL": "https://www.amazon.com/dp/B01M0XSD38",
        "rating": "4.5",
        "totalReviews": "1781",
        "subtitle": "MISSHA",
        "isPrimeEligible": "1"
    },
    {
        "ASIN": "B09434S6NC",
        "title": "Dr.Ceuracle Vegan Kombucha Tea Essence 5.07 fl.oz. | Detoxifying impurities for healthy complexion and providing hydration, Vegan all in one essence for All skin Types with Kombucha Tea Extract",
        "price": "$34.80 ($6.82 / Fl Oz)",
        "listPrice": "",
        "imageUrl": "https://m.media-amazon.com/images/I/21ActbhBd2L._SL160_.jpg",
        "detailPageURL": "https://www.amazon.com/dp/B09434S6NC",
        "rating": "4.5",
        "totalReviews": "134",
        "subtitle": "",
        "isPrimeEligible": "1"
    },
    {
        "ASIN": "B0057MHTAA",
        "title": "Desert Essence Thoroughly Clean Face Wash Original Deep Cleansing Formula with Tea Tree, Castile Soap & Coconut Oil - Gently Removes Oil & Impurities For Radiant, Revitalized, Smooth Skin - 32oz",
        "price": "$20.26 ($0.63 / Fl Oz)",
        "listPrice": "$26.90 ($0.84 / Fl Oz)",
        "imageUrl": "https://m.media-amazon.com/images/I/41FGWzM6aqL._SL160_.jpg",
        "detailPageURL": "https://www.amazon.com/dp/B0057MHTAA",
        "rating": "4.7",
        "totalReviews": "1583",
        "subtitle": "Desert Essence",
        "isPrimeEligible": "1"
    },
    {
        "ASIN": "B0CGWLX2GZ",
        "title": "2PCS Effective Anti-Ageing,Water Light Cono Peptide Anti-Wrinkle Serum,Cono Peptide Essence 84%,Cono Peptide Essence Anti-Aging Serum,Instant Lifting Face Skin Care,Moisturizes And Smoothes Fine Lines",
        "price": "$9.99 ($9.99 / Fl Oz)",
        "listPrice": "",
        "imageUrl": "https://m.media-amazon.com/images/I/51NIV994RxL._SL160_.jpg",
        "detailPageURL": "https://www.amazon.com/dp/B0CGWLX2GZ",
        "rating": "",
        "totalReviews": "",
        "subtitle": "scaling women",
        "isPrimeEligible": "0"
    },
    {
        "ASIN": "B08XZQ4YQ2",
        "title": "essence | What the Fake! Plumping Lip Filler | Lip Gloss for Full, Voluminous Lips | Translucent Pearly Finish | Vegan & Cruelty Free | Free from Gluten, Parabens, & Preservatives",
        "price": "$4.99 ($35.64 / Fl Oz)",
        "listPrice": "",
        "imageUrl": "https://m.media-amazon.com/images/I/31CH6EfDPsL._SL160_.jpg",
        "detailPageURL": "https://www.amazon.com/dp/B08XZQ4YQ2",
        "rating": "3.9",
        "totalReviews": "874",
        "subtitle": "essence cosmetics",
        "isPrimeEligible": "1"
    },
    {
        "ASIN": "B09KM98FJH",
        "title": "essence | Lash Princess Curl & Volume Mascara | Vegan & Cruelty Free (Pack of 3)",
        "price": "$14.97 ($14.97 / Count)",
        "listPrice": "",
        "imageUrl": "https://m.media-amazon.com/images/I/41WA8JqGx+L._SL160_.jpg",
        "detailPageURL": "https://www.amazon.com/dp/B09KM98FJH",
        "rating": "4.6",
        "totalReviews": "308",
        "subtitle": "essence cosmetics",
        "isPrimeEligible": "1"
    },
    {
        "ASIN": "B0BTD4X5ZM",
        "title": "essence | The Lion King Eyeshadow Palette | Limited Edition Disney Collection | 14 Highly Pigmented, Matte & Metallic Easy to Blend Shadows | Vegan & Cruelty Free (01 | Circle of life)",
        "price": "$12.99 ($32.88 / Ounce)",
        "listPrice": "",
        "imageUrl": "https://m.media-amazon.com/images/I/410NMS6s5nL._SL160_.jpg",
        "detailPageURL": "https://www.amazon.com/dp/B0BTD4X5ZM",
        "rating": "4.6",
        "totalReviews": "58",
        "subtitle": "essence cosmetics",
        "isPrimeEligible": "1"
    },
    {
        "ASIN": "B07F1ZMLK3",
        "title": "Tatcha The Essence | Oil-Free Moisturizing and Skin Softening Serum Infused with Green Tea, 150ml | 5.1 oz",
        "price": "$110.00 ($21.57 / Fl Oz)",
        "listPrice": "",
        "imageUrl": "https://m.media-amazon.com/images/I/21dBoANnUYL._SL160_.jpg",
        "detailPageURL": "https://www.amazon.com/dp/B07F1ZMLK3",
        "rating": "4.5",
        "totalReviews": "346",
        "subtitle": "",
        "isPrimeEligible": "1"
    },
    {
        "ASIN": "B08JX7VS2P",
        "title": "essence | Lash Princess Mascara Gift Set | Gluten & Cruelty Free | Black (MIXED 4-Pack)",
        "price": "$27.99",
        "listPrice": "",
        "imageUrl": "https://m.media-amazon.com/images/I/51qQ80Bn7kL._SL160_.jpg",
        "detailPageURL": "https://www.amazon.com/dp/B08JX7VS2P",
        "rating": "4.7",
        "totalReviews": "6684",
        "subtitle": "essence cosmetics",
        "isPrimeEligible": "1"
    },
    {
        "ASIN": "B01M0XSD38",
        "title": "Missha Time Revolution Essence Intensive Moist - K-Beauty Serum for Dry Skin, 150ml",
        "price": "$32.00 ($6.27 / Fl Oz)",
        "listPrice": "$49.00 ($9.61 / Fl Oz)",
        "imageUrl": "https://m.media-amazon.com/images/I/31669NtZRAL._SL160_.jpg",
        "detailPageURL": "https://www.amazon.com/dp/B01M0XSD38",
        "rating": "4.5",
        "totalReviews": "1781",
        "subtitle": "MISSHA",
        "isPrimeEligible": "1"
    },
    {
        "ASIN": "B09434S6NC",
        "title": "Dr.Ceuracle Vegan Kombucha Tea Essence 5.07 fl.oz. | Detoxifying impurities for healthy complexion and providing hydration, Vegan all in one essence for All skin Types with Kombucha Tea Extract",
        "price": "$34.80 ($6.82 / Fl Oz)",
        "listPrice": "",
        "imageUrl": "https://m.media-amazon.com/images/I/21ActbhBd2L._SL160_.jpg",
        "detailPageURL": "https://www.amazon.com/dp/B09434S6NC",
        "rating": "4.5",
        "totalReviews": "134",
        "subtitle": "",
        "isPrimeEligible": "1"
    },
    {
        "ASIN": "B0057MHTAA",
        "title": "Desert Essence Thoroughly Clean Face Wash Original Deep Cleansing Formula with Tea Tree, Castile Soap & Coconut Oil - Gently Removes Oil & Impurities For Radiant, Revitalized, Smooth Skin - 32oz",
        "price": "$20.26 ($0.63 / Fl Oz)",
        "listPrice": "$26.90 ($0.84 / Fl Oz)",
        "imageUrl": "https://m.media-amazon.com/images/I/41FGWzM6aqL._SL160_.jpg",
        "detailPageURL": "https://www.amazon.com/dp/B0057MHTAA",
        "rating": "4.7",
        "totalReviews": "1583",
        "subtitle": "Desert Essence",
        "isPrimeEligible": "1"
    },
    {
        "ASIN": "B0CGWLX2GZ",
        "title": "2PCS Effective Anti-Ageing,Water Light Cono Peptide Anti-Wrinkle Serum,Cono Peptide Essence 84%,Cono Peptide Essence Anti-Aging Serum,Instant Lifting Face Skin Care,Moisturizes And Smoothes Fine Lines",
        "price": "$9.99 ($9.99 / Fl Oz)",
        "listPrice": "",
        "imageUrl": "https://m.media-amazon.com/images/I/51NIV994RxL._SL160_.jpg",
        "detailPageURL": "https://www.amazon.com/dp/B0CGWLX2GZ",
        "rating": "",
        "totalReviews": "",
        "subtitle": "scaling women",
        "isPrimeEligible": "0"
    },
    {
        "ASIN": "B08XZQ4YQ2",
        "title": "essence | What the Fake! Plumping Lip Filler | Lip Gloss for Full, Voluminous Lips | Translucent Pearly Finish | Vegan & Cruelty Free | Free from Gluten, Parabens, & Preservatives",
        "price": "$4.99 ($35.64 / Fl Oz)",
        "listPrice": "",
        "imageUrl": "https://m.media-amazon.com/images/I/31CH6EfDPsL._SL160_.jpg",
        "detailPageURL": "https://www.amazon.com/dp/B08XZQ4YQ2",
        "rating": "3.9",
        "totalReviews": "874",
        "subtitle": "essence cosmetics",
        "isPrimeEligible": "1"
    },
    {
        "ASIN": "B09KM98FJH",
        "title": "essence | Lash Princess Curl & Volume Mascara | Vegan & Cruelty Free (Pack of 3)",
        "price": "$14.97 ($14.97 / Count)",
        "listPrice": "",
        "imageUrl": "https://m.media-amazon.com/images/I/41WA8JqGx+L._SL160_.jpg",
        "detailPageURL": "https://www.amazon.com/dp/B09KM98FJH",
        "rating": "4.6",
        "totalReviews": "308",
        "subtitle": "essence cosmetics",
        "isPrimeEligible": "1"
    },
    {
        "ASIN": "B0BTD4X5ZM",
        "title": "essence | The Lion King Eyeshadow Palette | Limited Edition Disney Collection | 14 Highly Pigmented, Matte & Metallic Easy to Blend Shadows | Vegan & Cruelty Free (01 | Circle of life)",
        "price": "$12.99 ($32.88 / Ounce)",
        "listPrice": "",
        "imageUrl": "https://m.media-amazon.com/images/I/410NMS6s5nL._SL160_.jpg",
        "detailPageURL": "https://www.amazon.com/dp/B0BTD4X5ZM",
        "rating": "4.6",
        "totalReviews": "58",
        "subtitle": "essence cosmetics",
        "isPrimeEligible": "1"
    },
    {
        "ASIN": "B07F1ZMLK3",
        "title": "Tatcha The Essence | Oil-Free Moisturizing and Skin Softening Serum Infused with Green Tea, 150ml | 5.1 oz",
        "price": "$110.00 ($21.57 / Fl Oz)",
        "listPrice": "",
        "imageUrl": "https://m.media-amazon.com/images/I/21dBoANnUYL._SL160_.jpg",
        "detailPageURL": "https://www.amazon.com/dp/B07F1ZMLK3",
        "rating": "4.5",
        "totalReviews": "346",
        "subtitle": "",
        "isPrimeEligible": "1"
    },
    {
        "ASIN": "B08HGDV27X",
        "title": "essence | 5-Pack Black Waterproof Extreme Lasting Eyeliner Pencil | Ideal for All-Day Wear | Sharpenable | Vegan & Paraben Free | Cruelty Free",
        "price": "$14.95",
        "listPrice": "",
        "imageUrl": "https://m.media-amazon.com/images/I/21Ye7DWWjjL._SL160_.jpg",
        "detailPageURL": "https://www.amazon.com/dp/B08HGDV27X",
        "rating": "4.3",
        "totalReviews": "361",
        "subtitle": "essence cosmetics",
        "isPrimeEligible": "1"
    },
    {
        "ASIN": "B01M0XSD38",
        "title": "Missha Time Revolution Essence Intensive Moist - K-Beauty Serum for Dry Skin, 150ml",
        "price": "$32.00 ($6.27 / Fl Oz)",
        "listPrice": "$49.00 ($9.61 / Fl Oz)",
        "imageUrl": "https://m.media-amazon.com/images/I/31669NtZRAL._SL160_.jpg",
        "detailPageURL": "https://www.amazon.com/dp/B01M0XSD38",
        "rating": "4.5",
        "totalReviews": "1781",
        "subtitle": "MISSHA",
        "isPrimeEligible": "1"
    },
    {
        "ASIN": "B09434S6NC",
        "title": "Dr.Ceuracle Vegan Kombucha Tea Essence 5.07 fl.oz. | Detoxifying impurities for healthy complexion and providing hydration, Vegan all in one essence for All skin Types with Kombucha Tea Extract",
        "price": "$34.80 ($6.82 / Fl Oz)",
        "listPrice": "",
        "imageUrl": "https://m.media-amazon.com/images/I/21ActbhBd2L._SL160_.jpg",
        "detailPageURL": "https://www.amazon.com/dp/B09434S6NC",
        "rating": "4.5",
        "totalReviews": "134",
        "subtitle": "",
        "isPrimeEligible": "1"
    },
    {
        "ASIN": "B0057MHTAA",
        "title": "Desert Essence Thoroughly Clean Face Wash Original Deep Cleansing Formula with Tea Tree, Castile Soap & Coconut Oil - Gently Removes Oil & Impurities For Radiant, Revitalized, Smooth Skin - 32oz",
        "price": "$20.26 ($0.63 / Fl Oz)",
        "listPrice": "$26.90 ($0.84 / Fl Oz)",
        "imageUrl": "https://m.media-amazon.com/images/I/41FGWzM6aqL._SL160_.jpg",
        "detailPageURL": "https://www.amazon.com/dp/B0057MHTAA",
        "rating": "4.7",
        "totalReviews": "1583",
        "subtitle": "Desert Essence",
        "isPrimeEligible": "1"
    },
    {
        "ASIN": "B0CGWLX2GZ",
        "title": "2PCS Effective Anti-Ageing,Water Light Cono Peptide Anti-Wrinkle Serum,Cono Peptide Essence 84%,Cono Peptide Essence Anti-Aging Serum,Instant Lifting Face Skin Care,Moisturizes And Smoothes Fine Lines",
        "price": "$9.99 ($9.99 / Fl Oz)",
        "listPrice": "",
        "imageUrl": "https://m.media-amazon.com/images/I/51NIV994RxL._SL160_.jpg",
        "detailPageURL": "https://www.amazon.com/dp/B0CGWLX2GZ",
        "rating": "",
        "totalReviews": "",
        "subtitle": "scaling women",
        "isPrimeEligible": "0"
    },
    {
        "ASIN": "B08XZQ4YQ2",
        "title": "essence | What the Fake! Plumping Lip Filler | Lip Gloss for Full, Voluminous Lips | Translucent Pearly Finish | Vegan & Cruelty Free | Free from Gluten, Parabens, & Preservatives",
        "price": "$4.99 ($35.64 / Fl Oz)",
        "listPrice": "",
        "imageUrl": "https://m.media-amazon.com/images/I/31CH6EfDPsL._SL160_.jpg",
        "detailPageURL": "https://www.amazon.com/dp/B08XZQ4YQ2",
        "rating": "3.9",
        "totalReviews": "874",
        "subtitle": "essence cosmetics",
        "isPrimeEligible": "1"
    },
    {
        "ASIN": "B09KM98FJH",
        "title": "essence | Lash Princess Curl & Volume Mascara | Vegan & Cruelty Free (Pack of 3)",
        "price": "$14.97 ($14.97 / Count)",
        "listPrice": "",
        "imageUrl": "https://m.media-amazon.com/images/I/41WA8JqGx+L._SL160_.jpg",
        "detailPageURL": "https://www.amazon.com/dp/B09KM98FJH",
        "rating": "4.6",
        "totalReviews": "308",
        "subtitle": "essence cosmetics",
        "isPrimeEligible": "1"
    },
    {
        "ASIN": "B0BTD4X5ZM",
        "title": "essence | The Lion King Eyeshadow Palette | Limited Edition Disney Collection | 14 Highly Pigmented, Matte & Metallic Easy to Blend Shadows | Vegan & Cruelty Free (01 | Circle of life)",
        "price": "$12.99 ($32.88 / Ounce)",
        "listPrice": "",
        "imageUrl": "https://m.media-amazon.com/images/I/410NMS6s5nL._SL160_.jpg",
        "detailPageURL": "https://www.amazon.com/dp/B0BTD4X5ZM",
        "rating": "4.6",
        "totalReviews": "58",
        "subtitle": "essence cosmetics",
        "isPrimeEligible": "1"
    },
    {
        "ASIN": "B07F1ZMLK3",
        "title": "Tatcha The Essence | Oil-Free Moisturizing and Skin Softening Serum Infused with Green Tea, 150ml | 5.1 oz",
        "price": "$110.00 ($21.57 / Fl Oz)",
        "listPrice": "",
        "imageUrl": "https://m.media-amazon.com/images/I/21dBoANnUYL._SL160_.jpg",
        "detailPageURL": "https://www.amazon.com/dp/B07F1ZMLK3",
        "rating": "4.5",
        "totalReviews": "346",
        "subtitle": "",
        "isPrimeEligible": "1"
    },
    {
        "ASIN": "B08HGDV27X",
        "title": "essence | 5-Pack Black Waterproof Extreme Lasting Eyeliner Pencil | Ideal for All-Day Wear | Sharpenable | Vegan & Paraben Free | Cruelty Free",
        "price": "$14.95",
        "listPrice": "",
        "imageUrl": "https://m.media-amazon.com/images/I/21Ye7DWWjjL._SL160_.jpg",
        "detailPageURL": "https://www.amazon.com/dp/B08HGDV27X",
        "rating": "4.3",
        "totalReviews": "361",
        "subtitle": "essence cosmetics",
        "isPrimeEligible": "1"
    },
    {
        "ASIN": "B0C86B6HVF",
        "title": "Cono Peptide Essence, Cono Peptide Essence Anti-Aging Wrinkle Serum, Cono Peptide Essence Anti-Aging Wrinkle Serum Instant Lifting Face Skin Care (2 PCS)",
        "price": "$9.99 ($9.99 / Count)",
        "listPrice": "",
        "imageUrl": "https://m.media-amazon.com/images/I/510Twej7wZL._SL160_.jpg",
        "detailPageURL": "https://www.amazon.com/dp/B0C86B6HVF",
        "rating": "5.0",
        "totalReviews": "1",
        "subtitle": "ZHXNGHY",
        "isPrimeEligible": "0"
    },
    {
        "ASIN": "B09434S6NC",
        "title": "Dr.Ceuracle Vegan Kombucha Tea Essence 5.07 fl.oz. | Detoxifying impurities for healthy complexion and providing hydration, Vegan all in one essence for All skin Types with Kombucha Tea Extract",
        "price": "$34.80 ($6.82 / Fl Oz)",
        "listPrice": "",
        "imageUrl": "https://m.media-amazon.com/images/I/21ActbhBd2L._SL160_.jpg",
        "detailPageURL": "https://www.amazon.com/dp/B09434S6NC",
        "rating": "4.5",
        "totalReviews": "134",
        "subtitle": "",
        "isPrimeEligible": "1"
    },
    {
        "ASIN": "B0057MHTAA",
        "title": "Desert Essence Thoroughly Clean Face Wash Original Deep Cleansing Formula with Tea Tree, Castile Soap & Coconut Oil - Gently Removes Oil & Impurities For Radiant, Revitalized, Smooth Skin - 32oz",
        "price": "$20.26 ($0.63 / Fl Oz)",
        "listPrice": "$26.90 ($0.84 / Fl Oz)",
        "imageUrl": "https://m.media-amazon.com/images/I/41FGWzM6aqL._SL160_.jpg",
        "detailPageURL": "https://www.amazon.com/dp/B0057MHTAA",
        "rating": "4.7",
        "totalReviews": "1583",
        "subtitle": "Desert Essence",
        "isPrimeEligible": "1"
    },
    {
        "ASIN": "B0CGWLX2GZ",
        "title": "2PCS Effective Anti-Ageing,Water Light Cono Peptide Anti-Wrinkle Serum,Cono Peptide Essence 84%,Cono Peptide Essence Anti-Aging Serum,Instant Lifting Face Skin Care,Moisturizes And Smoothes Fine Lines",
        "price": "$9.99 ($9.99 / Fl Oz)",
        "listPrice": "",
        "imageUrl": "https://m.media-amazon.com/images/I/51NIV994RxL._SL160_.jpg",
        "detailPageURL": "https://www.amazon.com/dp/B0CGWLX2GZ",
        "rating": "",
        "totalReviews": "",
        "subtitle": "scaling women",
        "isPrimeEligible": "0"
    },
    {
        "ASIN": "B08XZQ4YQ2",
        "title": "essence | What the Fake! Plumping Lip Filler | Lip Gloss for Full, Voluminous Lips | Translucent Pearly Finish | Vegan & Cruelty Free | Free from Gluten, Parabens, & Preservatives",
        "price": "$4.99 ($35.64 / Fl Oz)",
        "listPrice": "",
        "imageUrl": "https://m.media-amazon.com/images/I/31CH6EfDPsL._SL160_.jpg",
        "detailPageURL": "https://www.amazon.com/dp/B08XZQ4YQ2",
        "rating": "3.9",
        "totalReviews": "874",
        "subtitle": "essence cosmetics",
        "isPrimeEligible": "1"
    },
    {
        "ASIN": "B09KM98FJH",
        "title": "essence | Lash Princess Curl & Volume Mascara | Vegan & Cruelty Free (Pack of 3)",
        "price": "$14.97 ($14.97 / Count)",
        "listPrice": "",
        "imageUrl": "https://m.media-amazon.com/images/I/41WA8JqGx+L._SL160_.jpg",
        "detailPageURL": "https://www.amazon.com/dp/B09KM98FJH",
        "rating": "4.6",
        "totalReviews": "308",
        "subtitle": "essence cosmetics",
        "isPrimeEligible": "1"
    },
    {
        "ASIN": "B0BTD4X5ZM",
        "title": "essence | The Lion King Eyeshadow Palette | Limited Edition Disney Collection | 14 Highly Pigmented, Matte & Metallic Easy to Blend Shadows | Vegan & Cruelty Free (01 | Circle of life)",
        "price": "$12.99 ($32.88 / Ounce)",
        "listPrice": "",
        "imageUrl": "https://m.media-amazon.com/images/I/410NMS6s5nL._SL160_.jpg",
        "detailPageURL": "https://www.amazon.com/dp/B0BTD4X5ZM",
        "rating": "4.6",
        "totalReviews": "58",
        "subtitle": "essence cosmetics",
        "isPrimeEligible": "1"
    },
    {
        "ASIN": "B07F1ZMLK3",
        "title": "Tatcha The Essence | Oil-Free Moisturizing and Skin Softening Serum Infused with Green Tea, 150ml | 5.1 oz",
        "price": "$110.00 ($21.57 / Fl Oz)",
        "listPrice": "",
        "imageUrl": "https://m.media-amazon.com/images/I/21dBoANnUYL._SL160_.jpg",
        "detailPageURL": "https://www.amazon.com/dp/B07F1ZMLK3",
        "rating": "4.5",
        "totalReviews": "346",
        "subtitle": "",
        "isPrimeEligible": "1"
    },
    {
        "ASIN": "B08HGDV27X",
        "title": "essence | 5-Pack Black Waterproof Extreme Lasting Eyeliner Pencil | Ideal for All-Day Wear | Sharpenable | Vegan & Paraben Free | Cruelty Free",
        "price": "$14.95",
        "listPrice": "",
        "imageUrl": "https://m.media-amazon.com/images/I/21Ye7DWWjjL._SL160_.jpg",
        "detailPageURL": "https://www.amazon.com/dp/B08HGDV27X",
        "rating": "4.3",
        "totalReviews": "361",
        "subtitle": "essence cosmetics",
        "isPrimeEligible": "1"
    },
    {
        "ASIN": "B0C86B6HVF",
        "title": "Cono Peptide Essence, Cono Peptide Essence Anti-Aging Wrinkle Serum, Cono Peptide Essence Anti-Aging Wrinkle Serum Instant Lifting Face Skin Care (2 PCS)",
        "price": "$9.99 ($9.99 / Count)",
        "listPrice": "",
        "imageUrl": "https://m.media-amazon.com/images/I/510Twej7wZL._SL160_.jpg",
        "detailPageURL": "https://www.amazon.com/dp/B0C86B6HVF",
        "rating": "5.0",
        "totalReviews": "1",
        "subtitle": "ZHXNGHY",
        "isPrimeEligible": "0"
    },
    {
        "ASIN": "B0BQWXMZMY",
        "title": "Wet n Wild 5 In 1 Essence Face Makeup Primer Liquid",
        "price": "$7.38",
        "listPrice": "$7.99",
        "imageUrl": "https://m.media-amazon.com/images/I/41FSinK+lGL._SL160_.jpg",
        "detailPageURL": "https://www.amazon.com/dp/B0BQWXMZMY",
        "rating": "3.9",
        "totalReviews": "74",
        "subtitle": "wet n wild",
        "isPrimeEligible": "1"
    },
    {
        "ASIN": "B0057MHTAA",
        "title": "Desert Essence Thoroughly Clean Face Wash Original Deep Cleansing Formula with Tea Tree, Castile Soap & Coconut Oil - Gently Removes Oil & Impurities For Radiant, Revitalized, Smooth Skin - 32oz",
        "price": "$20.26 ($0.63 / Fl Oz)",
        "listPrice": "$26.90 ($0.84 / Fl Oz)",
        "imageUrl": "https://m.media-amazon.com/images/I/41FGWzM6aqL._SL160_.jpg",
        "detailPageURL": "https://www.amazon.com/dp/B0057MHTAA",
        "rating": "4.7",
        "totalReviews": "1583",
        "subtitle": "Desert Essence",
        "isPrimeEligible": "1"
    },
    {
        "ASIN": "B0CGWLX2GZ",
        "title": "2PCS Effective Anti-Ageing,Water Light Cono Peptide Anti-Wrinkle Serum,Cono Peptide Essence 84%,Cono Peptide Essence Anti-Aging Serum,Instant Lifting Face Skin Care,Moisturizes And Smoothes Fine Lines",
        "price": "$9.99 ($9.99 / Fl Oz)",
        "listPrice": "",
        "imageUrl": "https://m.media-amazon.com/images/I/51NIV994RxL._SL160_.jpg",
        "detailPageURL": "https://www.amazon.com/dp/B0CGWLX2GZ",
        "rating": "",
        "totalReviews": "",
        "subtitle": "scaling women",
        "isPrimeEligible": "0"
    },
    {
        "ASIN": "B08XZQ4YQ2",
        "title": "essence | What the Fake! Plumping Lip Filler | Lip Gloss for Full, Voluminous Lips | Translucent Pearly Finish | Vegan & Cruelty Free | Free from Gluten, Parabens, & Preservatives",
        "price": "$4.99 ($35.64 / Fl Oz)",
        "listPrice": "",
        "imageUrl": "https://m.media-amazon.com/images/I/31CH6EfDPsL._SL160_.jpg",
        "detailPageURL": "https://www.amazon.com/dp/B08XZQ4YQ2",
        "rating": "3.9",
        "totalReviews": "874",
        "subtitle": "essence cosmetics",
        "isPrimeEligible": "1"
    },
    {
        "ASIN": "B09KM98FJH",
        "title": "essence | Lash Princess Curl & Volume Mascara | Vegan & Cruelty Free (Pack of 3)",
        "price": "$14.97 ($14.97 / Count)",
        "listPrice": "",
        "imageUrl": "https://m.media-amazon.com/images/I/41WA8JqGx+L._SL160_.jpg",
        "detailPageURL": "https://www.amazon.com/dp/B09KM98FJH",
        "rating": "4.6",
        "totalReviews": "308",
        "subtitle": "essence cosmetics",
        "isPrimeEligible": "1"
    },
    {
        "ASIN": "B0BTD4X5ZM",
        "title": "essence | The Lion King Eyeshadow Palette | Limited Edition Disney Collection | 14 Highly Pigmented, Matte & Metallic Easy to Blend Shadows | Vegan & Cruelty Free (01 | Circle of life)",
        "price": "$12.99 ($32.88 / Ounce)",
        "listPrice": "",
        "imageUrl": "https://m.media-amazon.com/images/I/410NMS6s5nL._SL160_.jpg",
        "detailPageURL": "https://www.amazon.com/dp/B0BTD4X5ZM",
        "rating": "4.6",
        "totalReviews": "58",
        "subtitle": "essence cosmetics",
        "isPrimeEligible": "1"
    },
    {
        "ASIN": "B07F1ZMLK3",
        "title": "Tatcha The Essence | Oil-Free Moisturizing and Skin Softening Serum Infused with Green Tea, 150ml | 5.1 oz",
        "price": "$110.00 ($21.57 / Fl Oz)",
        "listPrice": "",
        "imageUrl": "https://m.media-amazon.com/images/I/21dBoANnUYL._SL160_.jpg",
        "detailPageURL": "https://www.amazon.com/dp/B07F1ZMLK3",
        "rating": "4.5",
        "totalReviews": "346",
        "subtitle": "",
        "isPrimeEligible": "1"
    },
    {
        "ASIN": "B08HGDV27X",
        "title": "essence | 5-Pack Black Waterproof Extreme Lasting Eyeliner Pencil | Ideal for All-Day Wear | Sharpenable | Vegan & Paraben Free | Cruelty Free",
        "price": "$14.95",
        "listPrice": "",
        "imageUrl": "https://m.media-amazon.com/images/I/21Ye7DWWjjL._SL160_.jpg",
        "detailPageURL": "https://www.amazon.com/dp/B08HGDV27X",
        "rating": "4.3",
        "totalReviews": "361",
        "subtitle": "essence cosmetics",
        "isPrimeEligible": "1"
    },
    {
        "ASIN": "B0C86B6HVF",
        "title": "Cono Peptide Essence, Cono Peptide Essence Anti-Aging Wrinkle Serum, Cono Peptide Essence Anti-Aging Wrinkle Serum Instant Lifting Face Skin Care (2 PCS)",
        "price": "$9.99 ($9.99 / Count)",
        "listPrice": "",
        "imageUrl": "https://m.media-amazon.com/images/I/510Twej7wZL._SL160_.jpg",
        "detailPageURL": "https://www.amazon.com/dp/B0C86B6HVF",
        "rating": "5.0",
        "totalReviews": "1",
        "subtitle": "ZHXNGHY",
        "isPrimeEligible": "0"
    },
    {
        "ASIN": "B0BQWXMZMY",
        "title": "Wet n Wild 5 In 1 Essence Face Makeup Primer Liquid",
        "price": "$7.38",
        "listPrice": "$7.99",
        "imageUrl": "https://m.media-amazon.com/images/I/41FSinK+lGL._SL160_.jpg",
        "detailPageURL": "https://www.amazon.com/dp/B0BQWXMZMY",
        "rating": "3.9",
        "totalReviews": "74",
        "subtitle": "wet n wild",
        "isPrimeEligible": "1"
    },
    {
        "ASIN": "B0CG5WZPZK",
        "title": "Cono Peptide Essence 84%, Cono Peptide Essence Anti-Aging Wrinkle Serum, Essence Series,Effective Anti-ageing, Instant Lifting Face Skin, Reduce Pigmentation and Fine Lines (1pc)",
        "price": "$7.99 ($7.99 / Fl Oz)",
        "listPrice": "",
        "imageUrl": "https://m.media-amazon.com/images/I/41pN6xBTP1L._SL160_.jpg",
        "detailPageURL": "https://www.amazon.com/dp/B0CG5WZPZK",
        "rating": "",
        "totalReviews": "",
        "subtitle": "Generic",
        "isPrimeEligible": "0"
    },
    {
        "ASIN": "B0CGWLX2GZ",
        "title": "2PCS Effective Anti-Ageing,Water Light Cono Peptide Anti-Wrinkle Serum,Cono Peptide Essence 84%,Cono Peptide Essence Anti-Aging Serum,Instant Lifting Face Skin Care,Moisturizes And Smoothes Fine Lines",
        "price": "$9.99 ($9.99 / Fl Oz)",
        "listPrice": "",
        "imageUrl": "https://m.media-amazon.com/images/I/51NIV994RxL._SL160_.jpg",
        "detailPageURL": "https://www.amazon.com/dp/B0CGWLX2GZ",
        "rating": "",
        "totalReviews": "",
        "subtitle": "scaling women",
        "isPrimeEligible": "0"
    },
    {
        "ASIN": "B08XZQ4YQ2",
        "title": "essence | What the Fake! Plumping Lip Filler | Lip Gloss for Full, Voluminous Lips | Translucent Pearly Finish | Vegan & Cruelty Free | Free from Gluten, Parabens, & Preservatives",
        "price": "$4.99 ($35.64 / Fl Oz)",
        "listPrice": "",
        "imageUrl": "https://m.media-amazon.com/images/I/31CH6EfDPsL._SL160_.jpg",
        "detailPageURL": "https://www.amazon.com/dp/B08XZQ4YQ2",
        "rating": "3.9",
        "totalReviews": "874",
        "subtitle": "essence cosmetics",
        "isPrimeEligible": "1"
    },
    {
        "ASIN": "B09KM98FJH",
        "title": "essence | Lash Princess Curl & Volume Mascara | Vegan & Cruelty Free (Pack of 3)",
        "price": "$14.97 ($14.97 / Count)",
        "listPrice": "",
        "imageUrl": "https://m.media-amazon.com/images/I/41WA8JqGx+L._SL160_.jpg",
        "detailPageURL": "https://www.amazon.com/dp/B09KM98FJH",
        "rating": "4.6",
        "totalReviews": "308",
        "subtitle": "essence cosmetics",
        "isPrimeEligible": "1"
    },
    {
        "ASIN": "B0BTD4X5ZM",
        "title": "essence | The Lion King Eyeshadow Palette | Limited Edition Disney Collection | 14 Highly Pigmented, Matte & Metallic Easy to Blend Shadows | Vegan & Cruelty Free (01 | Circle of life)",
        "price": "$12.99 ($32.88 / Ounce)",
        "listPrice": "",
        "imageUrl": "https://m.media-amazon.com/images/I/410NMS6s5nL._SL160_.jpg",
        "detailPageURL": "https://www.amazon.com/dp/B0BTD4X5ZM",
        "rating": "4.6",
        "totalReviews": "58",
        "subtitle": "essence cosmetics",
        "isPrimeEligible": "1"
    },
    {
        "ASIN": "B07F1ZMLK3",
        "title": "Tatcha The Essence | Oil-Free Moisturizing and Skin Softening Serum Infused with Green Tea, 150ml | 5.1 oz",
        "price": "$110.00 ($21.57 / Fl Oz)",
        "listPrice": "",
        "imageUrl": "https://m.media-amazon.com/images/I/21dBoANnUYL._SL160_.jpg",
        "detailPageURL": "https://www.amazon.com/dp/B07F1ZMLK3",
        "rating": "4.5",
        "totalReviews": "346",
        "subtitle": "",
        "isPrimeEligible": "1"
    },
    {
        "ASIN": "B08HGDV27X",
        "title": "essence | 5-Pack Black Waterproof Extreme Lasting Eyeliner Pencil | Ideal for All-Day Wear | Sharpenable | Vegan & Paraben Free | Cruelty Free",
        "price": "$14.95",
        "listPrice": "",
        "imageUrl": "https://m.media-amazon.com/images/I/21Ye7DWWjjL._SL160_.jpg",
        "detailPageURL": "https://www.amazon.com/dp/B08HGDV27X",
        "rating": "4.3",
        "totalReviews": "361",
        "subtitle": "essence cosmetics",
        "isPrimeEligible": "1"
    },
    {
        "ASIN": "B0C86B6HVF",
        "title": "Cono Peptide Essence, Cono Peptide Essence Anti-Aging Wrinkle Serum, Cono Peptide Essence Anti-Aging Wrinkle Serum Instant Lifting Face Skin Care (2 PCS)",
        "price": "$9.99 ($9.99 / Count)",
        "listPrice": "",
        "imageUrl": "https://m.media-amazon.com/images/I/510Twej7wZL._SL160_.jpg",
        "detailPageURL": "https://www.amazon.com/dp/B0C86B6HVF",
        "rating": "5.0",
        "totalReviews": "1",
        "subtitle": "ZHXNGHY",
        "isPrimeEligible": "0"
    },
    {
        "ASIN": "B0BQWXMZMY",
        "title": "Wet n Wild 5 In 1 Essence Face Makeup Primer Liquid",
        "price": "$7.38",
        "listPrice": "$7.99",
        "imageUrl": "https://m.media-amazon.com/images/I/41FSinK+lGL._SL160_.jpg",
        "detailPageURL": "https://www.amazon.com/dp/B0BQWXMZMY",
        "rating": "3.9",
        "totalReviews": "74",
        "subtitle": "wet n wild",
        "isPrimeEligible": "1"
    },
    {
        "ASIN": "B0CG5WZPZK",
        "title": "Cono Peptide Essence 84%, Cono Peptide Essence Anti-Aging Wrinkle Serum, Essence Series,Effective Anti-ageing, Instant Lifting Face Skin, Reduce Pigmentation and Fine Lines (1pc)",
        "price": "$7.99 ($7.99 / Fl Oz)",
        "listPrice": "",
        "imageUrl": "https://m.media-amazon.com/images/I/41pN6xBTP1L._SL160_.jpg",
        "detailPageURL": "https://www.amazon.com/dp/B0CG5WZPZK",
        "rating": "",
        "totalReviews": "",
        "subtitle": "Generic",
        "isPrimeEligible": "0"
    },
    {
        "ASIN": "B0C32W143F",
        "title": "Kiehl's Ferulic Brew Rejuvenating Facial Essence, 3.4 fl oz / 100 ml",
        "price": "$31.46",
        "listPrice": "",
        "imageUrl": "https://m.media-amazon.com/images/I/51ruEFpYR0L._SL160_.jpg",
        "detailPageURL": "https://www.amazon.com/dp/B0C32W143F",
        "rating": "4.8",
        "totalReviews": "21",
        "subtitle": "Kiehl's",
        "isPrimeEligible": "1"
    },
    {
        "ASIN": "B08XZQ4YQ2",
        "title": "essence | What the Fake! Plumping Lip Filler | Lip Gloss for Full, Voluminous Lips | Translucent Pearly Finish | Vegan & Cruelty Free | Free from Gluten, Parabens, & Preservatives",
        "price": "$4.99 ($35.64 / Fl Oz)",
        "listPrice": "",
        "imageUrl": "https://m.media-amazon.com/images/I/31CH6EfDPsL._SL160_.jpg",
        "detailPageURL": "https://www.amazon.com/dp/B08XZQ4YQ2",
        "rating": "3.9",
        "totalReviews": "874",
        "subtitle": "essence cosmetics",
        "isPrimeEligible": "1"
    },
    {
        "ASIN": "B09KM98FJH",
        "title": "essence | Lash Princess Curl & Volume Mascara | Vegan & Cruelty Free (Pack of 3)",
        "price": "$14.97 ($14.97 / Count)",
        "listPrice": "",
        "imageUrl": "https://m.media-amazon.com/images/I/41WA8JqGx+L._SL160_.jpg",
        "detailPageURL": "https://www.amazon.com/dp/B09KM98FJH",
        "rating": "4.6",
        "totalReviews": "308",
        "subtitle": "essence cosmetics",
        "isPrimeEligible": "1"
    },
    {
        "ASIN": "B0BTD4X5ZM",
        "title": "essence | The Lion King Eyeshadow Palette | Limited Edition Disney Collection | 14 Highly Pigmented, Matte & Metallic Easy to Blend Shadows | Vegan & Cruelty Free (01 | Circle of life)",
        "price": "$12.99 ($32.88 / Ounce)",
        "listPrice": "",
        "imageUrl": "https://m.media-amazon.com/images/I/410NMS6s5nL._SL160_.jpg",
        "detailPageURL": "https://www.amazon.com/dp/B0BTD4X5ZM",
        "rating": "4.6",
        "totalReviews": "58",
        "subtitle": "essence cosmetics",
        "isPrimeEligible": "1"
    },
    {
        "ASIN": "B07F1ZMLK3",
        "title": "Tatcha The Essence | Oil-Free Moisturizing and Skin Softening Serum Infused with Green Tea, 150ml | 5.1 oz",
        "price": "$110.00 ($21.57 / Fl Oz)",
        "listPrice": "",
        "imageUrl": "https://m.media-amazon.com/images/I/21dBoANnUYL._SL160_.jpg",
        "detailPageURL": "https://www.amazon.com/dp/B07F1ZMLK3",
        "rating": "4.5",
        "totalReviews": "346",
        "subtitle": "",
        "isPrimeEligible": "1"
    },
    {
        "ASIN": "B08HGDV27X",
        "title": "essence | 5-Pack Black Waterproof Extreme Lasting Eyeliner Pencil | Ideal for All-Day Wear | Sharpenable | Vegan & Paraben Free | Cruelty Free",
        "price": "$14.95",
        "listPrice": "",
        "imageUrl": "https://m.media-amazon.com/images/I/21Ye7DWWjjL._SL160_.jpg",
        "detailPageURL": "https://www.amazon.com/dp/B08HGDV27X",
        "rating": "4.3",
        "totalReviews": "361",
        "subtitle": "essence cosmetics",
        "isPrimeEligible": "1"
    },
    {
        "ASIN": "B0C86B6HVF",
        "title": "Cono Peptide Essence, Cono Peptide Essence Anti-Aging Wrinkle Serum, Cono Peptide Essence Anti-Aging Wrinkle Serum Instant Lifting Face Skin Care (2 PCS)",
        "price": "$9.99 ($9.99 / Count)",
        "listPrice": "",
        "imageUrl": "https://m.media-amazon.com/images/I/510Twej7wZL._SL160_.jpg",
        "detailPageURL": "https://www.amazon.com/dp/B0C86B6HVF",
        "rating": "5.0",
        "totalReviews": "1",
        "subtitle": "ZHXNGHY",
        "isPrimeEligible": "0"
    },
    {
        "ASIN": "B0BQWXMZMY",
        "title": "Wet n Wild 5 In 1 Essence Face Makeup Primer Liquid",
        "price": "$7.38",
        "listPrice": "$7.99",
        "imageUrl": "https://m.media-amazon.com/images/I/41FSinK+lGL._SL160_.jpg",
        "detailPageURL": "https://www.amazon.com/dp/B0BQWXMZMY",
        "rating": "3.9",
        "totalReviews": "74",
        "subtitle": "wet n wild",
        "isPrimeEligible": "1"
    },
    {
        "ASIN": "B0CG5WZPZK",
        "title": "Cono Peptide Essence 84%, Cono Peptide Essence Anti-Aging Wrinkle Serum, Essence Series,Effective Anti-ageing, Instant Lifting Face Skin, Reduce Pigmentation and Fine Lines (1pc)",
        "price": "$7.99 ($7.99 / Fl Oz)",
        "listPrice": "",
        "imageUrl": "https://m.media-amazon.com/images/I/41pN6xBTP1L._SL160_.jpg",
        "detailPageURL": "https://www.amazon.com/dp/B0CG5WZPZK",
        "rating": "",
        "totalReviews": "",
        "subtitle": "Generic",
        "isPrimeEligible": "0"
    },
    {
        "ASIN": "B0C32W143F",
        "title": "Kiehl's Ferulic Brew Rejuvenating Facial Essence, 3.4 fl oz / 100 ml",
        "price": "$31.46",
        "listPrice": "",
        "imageUrl": "https://m.media-amazon.com/images/I/51ruEFpYR0L._SL160_.jpg",
        "detailPageURL": "https://www.amazon.com/dp/B0C32W143F",
        "rating": "4.8",
        "totalReviews": "21",
        "subtitle": "Kiehl's",
        "isPrimeEligible": "1"
    },
    {
        "ASIN": "B07812KHKW",
        "title": "BENTON Fermentation Essence 100ml (3.38 fl.oz.) - Galactomyces Ferment Filtrate & Bifida Skin Fiirming & Vitalizing Essence, Anti-Wrinkle, Hydrating, for Dull & Dry Skin",
        "price": "$27.49 ($8.13 / Fl Oz)",
        "listPrice": "$36.00 ($10.65 / Fl Oz)",
        "imageUrl": "https://m.media-amazon.com/images/I/41jX+QxlSYL._SL160_.jpg",
        "detailPageURL": "https://www.amazon.com/dp/B07812KHKW",
        "rating": "4.4",
        "totalReviews": "305",
        "subtitle": "BENTON",
        "isPrimeEligible": "1"
    },
    {
        "ASIN": "B09KM98FJH",
        "title": "essence | Lash Princess Curl & Volume Mascara | Vegan & Cruelty Free (Pack of 3)",
        "price": "$14.97 ($14.97 / Count)",
        "listPrice": "",
        "imageUrl": "https://m.media-amazon.com/images/I/41WA8JqGx+L._SL160_.jpg",
        "detailPageURL": "https://www.amazon.com/dp/B09KM98FJH",
        "rating": "4.6",
        "totalReviews": "308",
        "subtitle": "essence cosmetics",
        "isPrimeEligible": "1"
    },
    {
        "ASIN": "B0BTD4X5ZM",
        "title": "essence | The Lion King Eyeshadow Palette | Limited Edition Disney Collection | 14 Highly Pigmented, Matte & Metallic Easy to Blend Shadows | Vegan & Cruelty Free (01 | Circle of life)",
        "price": "$12.99 ($32.88 / Ounce)",
        "listPrice": "",
        "imageUrl": "https://m.media-amazon.com/images/I/410NMS6s5nL._SL160_.jpg",
        "detailPageURL": "https://www.amazon.com/dp/B0BTD4X5ZM",
        "rating": "4.6",
        "totalReviews": "58",
        "subtitle": "essence cosmetics",
        "isPrimeEligible": "1"
    },
    {
        "ASIN": "B07F1ZMLK3",
        "title": "Tatcha The Essence | Oil-Free Moisturizing and Skin Softening Serum Infused with Green Tea, 150ml | 5.1 oz",
        "price": "$110.00 ($21.57 / Fl Oz)",
        "listPrice": "",
        "imageUrl": "https://m.media-amazon.com/images/I/21dBoANnUYL._SL160_.jpg",
        "detailPageURL": "https://www.amazon.com/dp/B07F1ZMLK3",
        "rating": "4.5",
        "totalReviews": "346",
        "subtitle": "",
        "isPrimeEligible": "1"
    },
    {
        "ASIN": "B08HGDV27X",
        "title": "essence | 5-Pack Black Waterproof Extreme Lasting Eyeliner Pencil | Ideal for All-Day Wear | Sharpenable | Vegan & Paraben Free | Cruelty Free",
        "price": "$14.95",
        "listPrice": "",
        "imageUrl": "https://m.media-amazon.com/images/I/21Ye7DWWjjL._SL160_.jpg",
        "detailPageURL": "https://www.amazon.com/dp/B08HGDV27X",
        "rating": "4.3",
        "totalReviews": "361",
        "subtitle": "essence cosmetics",
        "isPrimeEligible": "1"
    },
    {
        "ASIN": "B0C86B6HVF",
        "title": "Cono Peptide Essence, Cono Peptide Essence Anti-Aging Wrinkle Serum, Cono Peptide Essence Anti-Aging Wrinkle Serum Instant Lifting Face Skin Care (2 PCS)",
        "price": "$9.99 ($9.99 / Count)",
        "listPrice": "",
        "imageUrl": "https://m.media-amazon.com/images/I/510Twej7wZL._SL160_.jpg",
        "detailPageURL": "https://www.amazon.com/dp/B0C86B6HVF",
        "rating": "5.0",
        "totalReviews": "1",
        "subtitle": "ZHXNGHY",
        "isPrimeEligible": "0"
    },
    {
        "ASIN": "B0BQWXMZMY",
        "title": "Wet n Wild 5 In 1 Essence Face Makeup Primer Liquid",
        "price": "$7.38",
        "listPrice": "$7.99",
        "imageUrl": "https://m.media-amazon.com/images/I/41FSinK+lGL._SL160_.jpg",
        "detailPageURL": "https://www.amazon.com/dp/B0BQWXMZMY",
        "rating": "3.9",
        "totalReviews": "74",
        "subtitle": "wet n wild",
        "isPrimeEligible": "1"
    },
    {
        "ASIN": "B0CG5WZPZK",
        "title": "Cono Peptide Essence 84%, Cono Peptide Essence Anti-Aging Wrinkle Serum, Essence Series,Effective Anti-ageing, Instant Lifting Face Skin, Reduce Pigmentation and Fine Lines (1pc)",
        "price": "$7.99 ($7.99 / Fl Oz)",
        "listPrice": "",
        "imageUrl": "https://m.media-amazon.com/images/I/41pN6xBTP1L._SL160_.jpg",
        "detailPageURL": "https://www.amazon.com/dp/B0CG5WZPZK",
        "rating": "",
        "totalReviews": "",
        "subtitle": "Generic",
        "isPrimeEligible": "0"
    },
    {
        "ASIN": "B0C32W143F",
        "title": "Kiehl's Ferulic Brew Rejuvenating Facial Essence, 3.4 fl oz / 100 ml",
        "price": "$31.46",
        "listPrice": "",
        "imageUrl": "https://m.media-amazon.com/images/I/51ruEFpYR0L._SL160_.jpg",
        "detailPageURL": "https://www.amazon.com/dp/B0C32W143F",
        "rating": "4.8",
        "totalReviews": "21",
        "subtitle": "Kiehl's",
        "isPrimeEligible": "1"
    },
    {
        "ASIN": "B07812KHKW",
        "title": "BENTON Fermentation Essence 100ml (3.38 fl.oz.) - Galactomyces Ferment Filtrate & Bifida Skin Fiirming & Vitalizing Essence, Anti-Wrinkle, Hydrating, for Dull & Dry Skin",
        "price": "$27.49 ($8.13 / Fl Oz)",
        "listPrice": "$36.00 ($10.65 / Fl Oz)",
        "imageUrl": "https://m.media-amazon.com/images/I/41jX+QxlSYL._SL160_.jpg",
        "detailPageURL": "https://www.amazon.com/dp/B07812KHKW",
        "rating": "4.4",
        "totalReviews": "305",
        "subtitle": "BENTON",
        "isPrimeEligible": "1"
    },
    {
        "ASIN": "B0C2PHB3X1",
        "title": "APLB Glutathione Niacinamide Mist Essence | LIPO GLUTA NIAC CEN\u2122 22.6% 3.55 FL.OZ/Korean Skincare, Repenlishing moisture, Revitalize for gentle and improve skin texture through Niacinamide",
        "price": "$11.90 ($3.35 / Fl Oz)",
        "listPrice": "",
        "imageUrl": "https://m.media-amazon.com/images/I/31EFOtuVu+L._SL160_.jpg",
        "detailPageURL": "https://www.amazon.com/dp/B0C2PHB3X1",
        "rating": "4.7",
        "totalReviews": "24",
        "subtitle": "APLB",
        "isPrimeEligible": "1"
    },
    {
        "ASIN": "B0BTD4X5ZM",
        "title": "essence | The Lion King Eyeshadow Palette | Limited Edition Disney Collection | 14 Highly Pigmented, Matte & Metallic Easy to Blend Shadows | Vegan & Cruelty Free (01 | Circle of life)",
        "price": "$12.99 ($32.88 / Ounce)",
        "listPrice": "",
        "imageUrl": "https://m.media-amazon.com/images/I/410NMS6s5nL._SL160_.jpg",
        "detailPageURL": "https://www.amazon.com/dp/B0BTD4X5ZM",
        "rating": "4.6",
        "totalReviews": "58",
        "subtitle": "essence cosmetics",
        "isPrimeEligible": "1"
    },
    {
        "ASIN": "B07F1ZMLK3",
        "title": "Tatcha The Essence | Oil-Free Moisturizing and Skin Softening Serum Infused with Green Tea, 150ml | 5.1 oz",
        "price": "$110.00 ($21.57 / Fl Oz)",
        "listPrice": "",
        "imageUrl": "https://m.media-amazon.com/images/I/21dBoANnUYL._SL160_.jpg",
        "detailPageURL": "https://www.amazon.com/dp/B07F1ZMLK3",
        "rating": "4.5",
        "totalReviews": "346",
        "subtitle": "",
        "isPrimeEligible": "1"
    },
    {
        "ASIN": "B08HGDV27X",
        "title": "essence | 5-Pack Black Waterproof Extreme Lasting Eyeliner Pencil | Ideal for All-Day Wear | Sharpenable | Vegan & Paraben Free | Cruelty Free",
        "price": "$14.95",
        "listPrice": "",
        "imageUrl": "https://m.media-amazon.com/images/I/21Ye7DWWjjL._SL160_.jpg",
        "detailPageURL": "https://www.amazon.com/dp/B08HGDV27X",
        "rating": "4.3",
        "totalReviews": "361",
        "subtitle": "essence cosmetics",
        "isPrimeEligible": "1"
    },
    {
        "ASIN": "B0C86B6HVF",
        "title": "Cono Peptide Essence, Cono Peptide Essence Anti-Aging Wrinkle Serum, Cono Peptide Essence Anti-Aging Wrinkle Serum Instant Lifting Face Skin Care (2 PCS)",
        "price": "$9.99 ($9.99 / Count)",
        "listPrice": "",
        "imageUrl": "https://m.media-amazon.com/images/I/510Twej7wZL._SL160_.jpg",
        "detailPageURL": "https://www.amazon.com/dp/B0C86B6HVF",
        "rating": "5.0",
        "totalReviews": "1",
        "subtitle": "ZHXNGHY",
        "isPrimeEligible": "0"
    },
    {
        "ASIN": "B0BQWXMZMY",
        "title": "Wet n Wild 5 In 1 Essence Face Makeup Primer Liquid",
        "price": "$7.38",
        "listPrice": "$7.99",
        "imageUrl": "https://m.media-amazon.com/images/I/41FSinK+lGL._SL160_.jpg",
        "detailPageURL": "https://www.amazon.com/dp/B0BQWXMZMY",
        "rating": "3.9",
        "totalReviews": "74",
        "subtitle": "wet n wild",
        "isPrimeEligible": "1"
    },
    {
        "ASIN": "B0CG5WZPZK",
        "title": "Cono Peptide Essence 84%, Cono Peptide Essence Anti-Aging Wrinkle Serum, Essence Series,Effective Anti-ageing, Instant Lifting Face Skin, Reduce Pigmentation and Fine Lines (1pc)",
        "price": "$7.99 ($7.99 / Fl Oz)",
        "listPrice": "",
        "imageUrl": "https://m.media-amazon.com/images/I/41pN6xBTP1L._SL160_.jpg",
        "detailPageURL": "https://www.amazon.com/dp/B0CG5WZPZK",
        "rating": "",
        "totalReviews": "",
        "subtitle": "Generic",
        "isPrimeEligible": "0"
    },
    {
        "ASIN": "B0C32W143F",
        "title": "Kiehl's Ferulic Brew Rejuvenating Facial Essence, 3.4 fl oz / 100 ml",
        "price": "$31.46",
        "listPrice": "",
        "imageUrl": "https://m.media-amazon.com/images/I/51ruEFpYR0L._SL160_.jpg",
        "detailPageURL": "https://www.amazon.com/dp/B0C32W143F",
        "rating": "4.8",
        "totalReviews": "21",
        "subtitle": "Kiehl's",
        "isPrimeEligible": "1"
    },
    {
        "ASIN": "B07812KHKW",
        "title": "BENTON Fermentation Essence 100ml (3.38 fl.oz.) - Galactomyces Ferment Filtrate & Bifida Skin Fiirming & Vitalizing Essence, Anti-Wrinkle, Hydrating, for Dull & Dry Skin",
        "price": "$27.49 ($8.13 / Fl Oz)",
        "listPrice": "$36.00 ($10.65 / Fl Oz)",
        "imageUrl": "https://m.media-amazon.com/images/I/41jX+QxlSYL._SL160_.jpg",
        "detailPageURL": "https://www.amazon.com/dp/B07812KHKW",
        "rating": "4.4",
        "totalReviews": "305",
        "subtitle": "BENTON",
        "isPrimeEligible": "1"
    },
    {
        "ASIN": "B0C2PHB3X1",
        "title": "APLB Glutathione Niacinamide Mist Essence | LIPO GLUTA NIAC CEN\u2122 22.6% 3.55 FL.OZ/Korean Skincare, Repenlishing moisture, Revitalize for gentle and improve skin texture through Niacinamide",
        "price": "$11.90 ($3.35 / Fl Oz)",
        "listPrice": "",
        "imageUrl": "https://m.media-amazon.com/images/I/31EFOtuVu+L._SL160_.jpg",
        "detailPageURL": "https://www.amazon.com/dp/B0C2PHB3X1",
        "rating": "4.7",
        "totalReviews": "24",
        "subtitle": "APLB",
        "isPrimeEligible": "1"
    },
    {
        "ASIN": "B0BJJJM5XH",
        "title": "Dr.Ceuracle Vegan Kombucha Tea Beginning Set\u3163Starter Kit - Essence 1.69 fl oz, Gel Cream 1.05 oz\u3163Hydrating & Healthy Complexion\u3163Cruelty Free",
        "price": "$24.99 ($9.47 / Fl Oz)",
        "listPrice": "",
        "imageUrl": "https://m.media-amazon.com/images/I/411i1Vo81pL._SL160_.jpg",
        "detailPageURL": "https://www.amazon.com/dp/B0BJJJM5XH",
        "rating": "4.6",
        "totalReviews": "75",
        "subtitle": "leegeehaam",
        "isPrimeEligible": "1"
    },
    {
        "ASIN": "B07F1ZMLK3",
        "title": "Tatcha The Essence | Oil-Free Moisturizing and Skin Softening Serum Infused with Green Tea, 150ml | 5.1 oz",
        "price": "$110.00 ($21.57 / Fl Oz)",
        "listPrice": "",
        "imageUrl": "https://m.media-amazon.com/images/I/21dBoANnUYL._SL160_.jpg",
        "detailPageURL": "https://www.amazon.com/dp/B07F1ZMLK3",
        "rating": "4.5",
        "totalReviews": "346",
        "subtitle": "",
        "isPrimeEligible": "1"
    },
    {
        "ASIN": "B08HGDV27X",
        "title": "essence | 5-Pack Black Waterproof Extreme Lasting Eyeliner Pencil | Ideal for All-Day Wear | Sharpenable | Vegan & Paraben Free | Cruelty Free",
        "price": "$14.95",
        "listPrice": "",
        "imageUrl": "https://m.media-amazon.com/images/I/21Ye7DWWjjL._SL160_.jpg",
        "detailPageURL": "https://www.amazon.com/dp/B08HGDV27X",
        "rating": "4.3",
        "totalReviews": "361",
        "subtitle": "essence cosmetics",
        "isPrimeEligible": "1"
    },
    {
        "ASIN": "B0C86B6HVF",
        "title": "Cono Peptide Essence, Cono Peptide Essence Anti-Aging Wrinkle Serum, Cono Peptide Essence Anti-Aging Wrinkle Serum Instant Lifting Face Skin Care (2 PCS)",
        "price": "$9.99 ($9.99 / Count)",
        "listPrice": "",
        "imageUrl": "https://m.media-amazon.com/images/I/510Twej7wZL._SL160_.jpg",
        "detailPageURL": "https://www.amazon.com/dp/B0C86B6HVF",
        "rating": "5.0",
        "totalReviews": "1",
        "subtitle": "ZHXNGHY",
        "isPrimeEligible": "0"
    },
    {
        "ASIN": "B0BQWXMZMY",
        "title": "Wet n Wild 5 In 1 Essence Face Makeup Primer Liquid",
        "price": "$7.38",
        "listPrice": "$7.99",
        "imageUrl": "https://m.media-amazon.com/images/I/41FSinK+lGL._SL160_.jpg",
        "detailPageURL": "https://www.amazon.com/dp/B0BQWXMZMY",
        "rating": "3.9",
        "totalReviews": "74",
        "subtitle": "wet n wild",
        "isPrimeEligible": "1"
    },
    {
        "ASIN": "B0CG5WZPZK",
        "title": "Cono Peptide Essence 84%, Cono Peptide Essence Anti-Aging Wrinkle Serum, Essence Series,Effective Anti-ageing, Instant Lifting Face Skin, Reduce Pigmentation and Fine Lines (1pc)",
        "price": "$7.99 ($7.99 / Fl Oz)",
        "listPrice": "",
        "imageUrl": "https://m.media-amazon.com/images/I/41pN6xBTP1L._SL160_.jpg",
        "detailPageURL": "https://www.amazon.com/dp/B0CG5WZPZK",
        "rating": "",
        "totalReviews": "",
        "subtitle": "Generic",
        "isPrimeEligible": "0"
    },
    {
        "ASIN": "B0C32W143F",
        "title": "Kiehl's Ferulic Brew Rejuvenating Facial Essence, 3.4 fl oz / 100 ml",
        "price": "$31.46",
        "listPrice": "",
        "imageUrl": "https://m.media-amazon.com/images/I/51ruEFpYR0L._SL160_.jpg",
        "detailPageURL": "https://www.amazon.com/dp/B0C32W143F",
        "rating": "4.8",
        "totalReviews": "21",
        "subtitle": "Kiehl's",
        "isPrimeEligible": "1"
    },
    {
        "ASIN": "B07812KHKW",
        "title": "BENTON Fermentation Essence 100ml (3.38 fl.oz.) - Galactomyces Ferment Filtrate & Bifida Skin Fiirming & Vitalizing Essence, Anti-Wrinkle, Hydrating, for Dull & Dry Skin",
        "price": "$27.49 ($8.13 / Fl Oz)",
        "listPrice": "$36.00 ($10.65 / Fl Oz)",
        "imageUrl": "https://m.media-amazon.com/images/I/41jX+QxlSYL._SL160_.jpg",
        "detailPageURL": "https://www.amazon.com/dp/B07812KHKW",
        "rating": "4.4",
        "totalReviews": "305",
        "subtitle": "BENTON",
        "isPrimeEligible": "1"
    },
    {
        "ASIN": "B0C2PHB3X1",
        "title": "APLB Glutathione Niacinamide Mist Essence | LIPO GLUTA NIAC CEN\u2122 22.6% 3.55 FL.OZ/Korean Skincare, Repenlishing moisture, Revitalize for gentle and improve skin texture through Niacinamide",
        "price": "$11.90 ($3.35 / Fl Oz)",
        "listPrice": "",
        "imageUrl": "https://m.media-amazon.com/images/I/31EFOtuVu+L._SL160_.jpg",
        "detailPageURL": "https://www.amazon.com/dp/B0C2PHB3X1",
        "rating": "4.7",
        "totalReviews": "24",
        "subtitle": "APLB",
        "isPrimeEligible": "1"
    },
    {
        "ASIN": "B0BJJJM5XH",
        "title": "Dr.Ceuracle Vegan Kombucha Tea Beginning Set\u3163Starter Kit - Essence 1.69 fl oz, Gel Cream 1.05 oz\u3163Hydrating & Healthy Complexion\u3163Cruelty Free",
        "price": "$24.99 ($9.47 / Fl Oz)",
        "listPrice": "",
        "imageUrl": "https://m.media-amazon.com/images/I/411i1Vo81pL._SL160_.jpg",
        "detailPageURL": "https://www.amazon.com/dp/B0BJJJM5XH",
        "rating": "4.6",
        "totalReviews": "75",
        "subtitle": "leegeehaam",
        "isPrimeEligible": "1"
    },
    {
        "ASIN": "B08K339WMJ",
        "title": "[I'm From] Miniatures of Rice Toner, Mugwort Essence, Fig Boosting Essence (Mugwort)",
        "price": "$12.00 ($11.88 / Fl Oz)",
        "listPrice": "",
        "imageUrl": "https://m.media-amazon.com/images/I/318RqXl6bOL._SL160_.jpg",
        "detailPageURL": "https://www.amazon.com/dp/B08K339WMJ",
        "rating": "4.4",
        "totalReviews": "1025",
        "subtitle": "",
        "isPrimeEligible": "1"
    },
    {
        "ASIN": "B08HGDV27X",
        "title": "essence | 5-Pack Black Waterproof Extreme Lasting Eyeliner Pencil | Ideal for All-Day Wear | Sharpenable | Vegan & Paraben Free | Cruelty Free",
        "price": "$14.95",
        "listPrice": "",
        "imageUrl": "https://m.media-amazon.com/images/I/21Ye7DWWjjL._SL160_.jpg",
        "detailPageURL": "https://www.amazon.com/dp/B08HGDV27X",
        "rating": "4.3",
        "totalReviews": "361",
        "subtitle": "essence cosmetics",
        "isPrimeEligible": "1"
    },
    {
        "ASIN": "B0C86B6HVF",
        "title": "Cono Peptide Essence, Cono Peptide Essence Anti-Aging Wrinkle Serum, Cono Peptide Essence Anti-Aging Wrinkle Serum Instant Lifting Face Skin Care (2 PCS)",
        "price": "$9.99 ($9.99 / Count)",
        "listPrice": "",
        "imageUrl": "https://m.media-amazon.com/images/I/510Twej7wZL._SL160_.jpg",
        "detailPageURL": "https://www.amazon.com/dp/B0C86B6HVF",
        "rating": "5.0",
        "totalReviews": "1",
        "subtitle": "ZHXNGHY",
        "isPrimeEligible": "0"
    },
    {
        "ASIN": "B0BQWXMZMY",
        "title": "Wet n Wild 5 In 1 Essence Face Makeup Primer Liquid",
        "price": "$7.38",
        "listPrice": "$7.99",
        "imageUrl": "https://m.media-amazon.com/images/I/41FSinK+lGL._SL160_.jpg",
        "detailPageURL": "https://www.amazon.com/dp/B0BQWXMZMY",
        "rating": "3.9",
        "totalReviews": "74",
        "subtitle": "wet n wild",
        "isPrimeEligible": "1"
    },
    {
        "ASIN": "B0CG5WZPZK",
        "title": "Cono Peptide Essence 84%, Cono Peptide Essence Anti-Aging Wrinkle Serum, Essence Series,Effective Anti-ageing, Instant Lifting Face Skin, Reduce Pigmentation and Fine Lines (1pc)",
        "price": "$7.99 ($7.99 / Fl Oz)",
        "listPrice": "",
        "imageUrl": "https://m.media-amazon.com/images/I/41pN6xBTP1L._SL160_.jpg",
        "detailPageURL": "https://www.amazon.com/dp/B0CG5WZPZK",
        "rating": "",
        "totalReviews": "",
        "subtitle": "Generic",
        "isPrimeEligible": "0"
    },
    {
        "ASIN": "B0C32W143F",
        "title": "Kiehl's Ferulic Brew Rejuvenating Facial Essence, 3.4 fl oz / 100 ml",
        "price": "$31.46",
        "listPrice": "",
        "imageUrl": "https://m.media-amazon.com/images/I/51ruEFpYR0L._SL160_.jpg",
        "detailPageURL": "https://www.amazon.com/dp/B0C32W143F",
        "rating": "4.8",
        "totalReviews": "21",
        "subtitle": "Kiehl's",
        "isPrimeEligible": "1"
    },
    {
        "ASIN": "B07812KHKW",
        "title": "BENTON Fermentation Essence 100ml (3.38 fl.oz.) - Galactomyces Ferment Filtrate & Bifida Skin Fiirming & Vitalizing Essence, Anti-Wrinkle, Hydrating, for Dull & Dry Skin",
        "price": "$27.49 ($8.13 / Fl Oz)",
        "listPrice": "$36.00 ($10.65 / Fl Oz)",
        "imageUrl": "https://m.media-amazon.com/images/I/41jX+QxlSYL._SL160_.jpg",
        "detailPageURL": "https://www.amazon.com/dp/B07812KHKW",
        "rating": "4.4",
        "totalReviews": "305",
        "subtitle": "BENTON",
        "isPrimeEligible": "1"
    },
    {
        "ASIN": "B0C2PHB3X1",
        "title": "APLB Glutathione Niacinamide Mist Essence | LIPO GLUTA NIAC CEN\u2122 22.6% 3.55 FL.OZ/Korean Skincare, Repenlishing moisture, Revitalize for gentle and improve skin texture through Niacinamide",
        "price": "$11.90 ($3.35 / Fl Oz)",
        "listPrice": "",
        "imageUrl": "https://m.media-amazon.com/images/I/31EFOtuVu+L._SL160_.jpg",
        "detailPageURL": "https://www.amazon.com/dp/B0C2PHB3X1",
        "rating": "4.7",
        "totalReviews": "24",
        "subtitle": "APLB",
        "isPrimeEligible": "1"
    },
    {
        "ASIN": "B0BJJJM5XH",
        "title": "Dr.Ceuracle Vegan Kombucha Tea Beginning Set\u3163Starter Kit - Essence 1.69 fl oz, Gel Cream 1.05 oz\u3163Hydrating & Healthy Complexion\u3163Cruelty Free",
        "price": "$24.99 ($9.47 / Fl Oz)",
        "listPrice": "",
        "imageUrl": "https://m.media-amazon.com/images/I/411i1Vo81pL._SL160_.jpg",
        "detailPageURL": "https://www.amazon.com/dp/B0BJJJM5XH",
        "rating": "4.6",
        "totalReviews": "75",
        "subtitle": "leegeehaam",
        "isPrimeEligible": "1"
    },
    {
        "ASIN": "B08K339WMJ",
        "title": "[I'm From] Miniatures of Rice Toner, Mugwort Essence, Fig Boosting Essence (Mugwort)",
        "price": "$12.00 ($11.88 / Fl Oz)",
        "listPrice": "",
        "imageUrl": "https://m.media-amazon.com/images/I/318RqXl6bOL._SL160_.jpg",
        "detailPageURL": "https://www.amazon.com/dp/B08K339WMJ",
        "rating": "4.4",
        "totalReviews": "1025",
        "subtitle": "",
        "isPrimeEligible": "1"
    },
    {
        "ASIN": "B09R8235XF",
        "title": "essence | Another Volume Mascara...Just Better! | Volumizing & Defining with Hyaluronic Acid & Panthenol | Vegan & Cruelty Free | Made Without Oil, Parabens & Microplastic Particles",
        "price": "$4.99 ($0.02 / Ounce)",
        "listPrice": "",
        "imageUrl": "https://m.media-amazon.com/images/I/31z+6GMgivL._SL160_.jpg",
        "detailPageURL": "https://www.amazon.com/dp/B09R8235XF",
        "rating": "4.1",
        "totalReviews": "705",
        "subtitle": "essence cosmetics",
        "isPrimeEligible": "1"
    }
]