[
    {
        "ASIN": "B074DX5B8V",
        "title": "Dylonic Exfoliating Brush Razor Bumps and Ingrown Hair Treatment for Bikini Area - Eliminate Shaving Irritation for Face, Armpit, Legs, Neck, Bikini Line - Silky Smooth Skin Solution for Men and Women",
        "price": "$8.99",
        "listPrice": "$18.99",
        "imageUrl": "https://m.media-amazon.com/images/I/517oo7SlgKL._SL160_.jpg",
        "detailPageURL": "https://www.amazon.com/dp/B074DX5B8V",
        "rating": "4.3",
        "totalReviews": "23135",
        "subtitle": "Dylonic",
        "isPrimeEligible": "1"
    },
    {
        "ASIN": "B07NHZP4FW",
        "title": "Seraphic Skincare Korean Exfoliating Mitts (2pcs) Microdermabrasion at Home Exfoliating Gloves Visibly Lift Away Dead Skin, Great for Spray Tan Removal or Keratosis Pilaris, Made of 100% Viscose Fiber",
        "price": "$10.99 ($5.50 / Count)",
        "listPrice": "$13.99 ($7.00 / Count)",
        "imageUrl": "https://m.media-amazon.com/images/I/51MceWES8CL._SL160_.jpg",
        "detailPageURL": "https://www.amazon.com/dp/B07NHZP4FW",
        "rating": "4.3",
        "totalReviews": "36005",
        "subtitle": "SERAPHIC SKINCARE",
        "isPrimeEligible": "1"
    },
    {
        "ASIN": "B08GNS58PQ",
        "title": "First Aid Beauty KP Bump Eraser Body Scrub Exfoliant for Keratosis Pilaris with 10% AHA 2 oz.",
        "price": "$12.00 ($6.00 / Ounce)",
        "listPrice": "",
        "imageUrl": "https://m.media-amazon.com/images/I/316RNrKAVAL._SL160_.jpg",
        "detailPageURL": "https://www.amazon.com/dp/B08GNS58PQ",
        "rating": "4.4",
        "totalReviews": "31435",
        "subtitle": "First Aid Beauty",
        "isPrimeEligible": "1"
    },
    {
        "ASIN": "B0794N16ZD",
        "title": "Dove Scrub Macadamia & Rice Milk Reveals Visibly Smoother Skin Body Scrub That Nourishes Skin 10.5 oz",
        "price": "$6.97 ($0.66 / Ounce)",
        "listPrice": "",
        "imageUrl": "https://m.media-amazon.com/images/I/6153Cm1SPLL._SL160_.jpg",
        "detailPageURL": "https://www.amazon.com/dp/B0794N16ZD",
        "rating": "4.7",
        "totalReviews": "29177",
        "subtitle": "",
        "isPrimeEligible": "1"
    },
    {
        "ASIN": "B07VW3YSWH",
        "title": "Tree Hut Vitamin C Shea Sugar Scrub, 18 oz, Ultra Hydrating and Exfoliating Scrub for Nourishing Essential Body Care",
        "price": "$7.94 ($0.44 / Ounce)",
        "listPrice": "$8.99 ($0.50 / Ounce)",
        "imageUrl": "https://m.media-amazon.com/images/I/41m8o84tRAL._SL160_.jpg",
        "detailPageURL": "https://www.amazon.com/dp/B07VW3YSWH",
        "rating": "4.7",
        "totalReviews": "8618",
        "subtitle": "Tree Hut",
        "isPrimeEligible": "1"
    },
    {
        "ASIN": "B09HH8R1T8",
        "title": "UJFQBH 3 Pieces African Bath Sponge African Net Long Net Bath Sponge Exfoliating Shower Body Scrubber Back Scrubber Skin Smoother,Great for Daily Use (Pink,Yellow,Purple)",
        "price": "$7.99 ($2.66 / Count)",
        "listPrice": "$14.99 ($5.00 / Count)",
        "imageUrl": "https://m.media-amazon.com/images/I/61Yx-+hIl8L._SL160_.jpg",
        "detailPageURL": "https://www.amazon.com/dp/B09HH8R1T8",
        "rating": "4.6",
        "totalReviews": "10656",
        "subtitle": "UJFQBH",
        "isPrimeEligible": "1"
    },
    {
        "ASIN": "B01LZRCECX",
        "title": "Era Organics Microdermabrasion Facial Scrub & Face Exfoliator - Spa Quality Exfoliating Face Mask with Manuka Honey & Walnut - Moisturizing Facial Exfoliant for Dry Skin, Blackheads & Wrinkles (4 oz)",
        "price": "$24.19 ($6.05 / Ounce)",
        "listPrice": "$35.00 ($8.75 / Ounce)",
        "imageUrl": "https://m.media-amazon.com/images/I/41eDyz3BmvL._SL160_.jpg",
        "detailPageURL": "https://www.amazon.com/dp/B01LZRCECX",
        "rating": "4.4",
        "totalReviews": "18337",
        "subtitle": "Era Organics",
        "isPrimeEligible": "1"
    },
    {
        "ASIN": "B08KYC12JY",
        "title": "Slick- Exfoliating Gloves, 4 Pcs, Skin Exfoliator for Body, Shower Gloves, Scrub Gloves Exfoliating, Exfoliating Body Scrub Gloves, Loofah Glove, Exfoliation Mitt, Bath Gloves",
        "price": "$6.95 ($1.74 / Count)",
        "listPrice": "",
        "imageUrl": "https://m.media-amazon.com/images/I/51CtkiMI6fL._SL160_.jpg",
        "detailPageURL": "https://www.amazon.com/dp/B08KYC12JY",
        "rating": "4.5",
        "totalReviews": "3042",
        "subtitle": "Slick Solutions",
        "isPrimeEligible": "1"
    },
    {
        "ASIN": "B09QYBSW4F",
        "title": "INNERNEED Silicone Face Cleansing Scrubber, Exfoliating Scrub Manual Handheld Facial Brush Blackhead Remover, Food-grade Soft Bristle (Pack of 4)",
        "price": "$6.99 ($6.99 / Count)",
        "listPrice": "",
        "imageUrl": "https://m.media-amazon.com/images/I/51mYaHauoRL._SL160_.jpg",
        "detailPageURL": "https://www.amazon.com/dp/B09QYBSW4F",
        "rating": "4.5",
        "totalReviews": "68335",
        "subtitle": "INNERNEED",
        "isPrimeEligible": "1"
    },
    {
        "ASIN": "B0BTX3JT84",
        "title": "Amazon Basics Deep Cleansing Exfoliating Scrub, 5 Ounces, 1-Pack",
        "price": "$5.21 ($1.04 / Ounce)",
        "listPrice": "",
        "imageUrl": "https://m.media-amazon.com/images/I/31jtwczj-4L._SL160_.jpg",
        "detailPageURL": "https://www.amazon.com/dp/B0BTX3JT84",
        "rating": "4.3",
        "totalReviews": "13",
        "subtitle": "Amazon Basics",
        "isPrimeEligible": "1"
    },
    {
        "ASIN": "B07NHZP4FW",
        "title": "Seraphic Skincare Korean Exfoliating Mitts (2pcs) Microdermabrasion at Home Exfoliating Gloves Visibly Lift Away Dead Skin, Great for Spray Tan Removal or Keratosis Pilaris, Made of 100% Viscose Fiber",
        "price": "$10.99 ($5.50 / Count)",
        "listPrice": "$13.99 ($7.00 / Count)",
        "imageUrl": "https://m.media-amazon.com/images/I/51MceWES8CL._SL160_.jpg",
        "detailPageURL": "https://www.amazon.com/dp/B07NHZP4FW",
        "rating": "4.3",
        "totalReviews": "36005",
        "subtitle": "SERAPHIC SKINCARE",
        "isPrimeEligible": "1"
    },
    {
        "ASIN": "B08GNS58PQ",
        "title": "First Aid Beauty KP Bump Eraser Body Scrub Exfoliant for Keratosis Pilaris with 10% AHA 2 oz.",
        "price": "$12.00 ($6.00 / Ounce)",
        "listPrice": "",
        "imageUrl": "https://m.media-amazon.com/images/I/316RNrKAVAL._SL160_.jpg",
        "detailPageURL": "https://www.amazon.com/dp/B08GNS58PQ",
        "rating": "4.4",
        "totalReviews": "31435",
        "subtitle": "First Aid Beauty",
        "isPrimeEligible": "1"
    },
    {
        "ASIN": "B0794N16ZD",
        "title": "Dove Scrub Macadamia & Rice Milk Reveals Visibly Smoother Skin Body Scrub That Nourishes Skin 10.5 oz",
        "price": "$6.97 ($0.66 / Ounce)",
        "listPrice": "",
        "imageUrl": "https://m.media-amazon.com/images/I/6153Cm1SPLL._SL160_.jpg",
        "detailPageURL": "https://www.amazon.com/dp/B0794N16ZD",
        "rating": "4.7",
        "totalReviews": "29177",
        "subtitle": "",
        "isPrimeEligible": "1"
    },
    {
        "ASIN": "B07VW3YSWH",
        "title": "Tree Hut Vitamin C Shea Sugar Scrub, 18 oz, Ultra Hydrating and Exfoliating Scrub for Nourishing Essential Body Care",
        "price": "$7.94 ($0.44 / Ounce)",
        "listPrice": "$8.99 ($0.50 / Ounce)",
        "imageUrl": "https://m.media-amazon.com/images/I/41m8o84tRAL._SL160_.jpg",
        "detailPageURL": "https://www.amazon.com/dp/B07VW3YSWH",
        "rating": "4.7",
        "totalReviews": "8618",
        "subtitle": "Tree Hut",
        "isPrimeEligible": "1"
    },
    {
        "ASIN": "B09HH8R1T8",
        "title": "UJFQBH 3 Pieces African Bath Sponge African Net Long Net Bath Sponge Exfoliating Shower Body Scrubber Back Scrubber Skin Smoother,Great for Daily Use (Pink,Yellow,Purple)",
        "price": "$7.99 ($2.66 / Count)",
        "listPrice": "$14.99 ($5.00 / Count)",
        "imageUrl": "https://m.media-amazon.com/images/I/61Yx-+hIl8L._SL160_.jpg",
        "detailPageURL": "https://www.amazon.com/dp/B09HH8R1T8",
        "rating": "4.6",
        "totalReviews": "10656",
        "subtitle": "UJFQBH",
        "isPrimeEligible": "1"
    },
    {
        "ASIN": "B01LZRCECX",
        "title": "Era Organics Microdermabrasion Facial Scrub & Face Exfoliator - Spa Quality Exfoliating Face Mask with Manuka Honey & Walnut - Moisturizing Facial Exfoliant for Dry Skin, Blackheads & Wrinkles (4 oz)",
        "price": "$24.19 ($6.05 / Ounce)",
        "listPrice": "$35.00 ($8.75 / Ounce)",
        "imageUrl": "https://m.media-amazon.com/images/I/41eDyz3BmvL._SL160_.jpg",
        "detailPageURL": "https://www.amazon.com/dp/B01LZRCECX",
        "rating": "4.4",
        "totalReviews": "18337",
        "subtitle": "Era Organics",
        "isPrimeEligible": "1"
    },
    {
        "ASIN": "B08KYC12JY",
        "title": "Slick- Exfoliating Gloves, 4 Pcs, Skin Exfoliator for Body, Shower Gloves, Scrub Gloves Exfoliating, Exfoliating Body Scrub Gloves, Loofah Glove, Exfoliation Mitt, Bath Gloves",
        "price": "$6.95 ($1.74 / Count)",
        "listPrice": "",
        "imageUrl": "https://m.media-amazon.com/images/I/51CtkiMI6fL._SL160_.jpg",
        "detailPageURL": "https://www.amazon.com/dp/B08KYC12JY",
        "rating": "4.5",
        "totalReviews": "3042",
        "subtitle": "Slick Solutions",
        "isPrimeEligible": "1"
    },
    {
        "ASIN": "B09QYBSW4F",
        "title": "INNERNEED Silicone Face Cleansing Scrubber, Exfoliating Scrub Manual Handheld Facial Brush Blackhead Remover, Food-grade Soft Bristle (Pack of 4)",
        "price": "$6.99 ($6.99 / Count)",
        "listPrice": "",
        "imageUrl": "https://m.media-amazon.com/images/I/51mYaHauoRL._SL160_.jpg",
        "detailPageURL": "https://www.amazon.com/dp/B09QYBSW4F",
        "rating": "4.5",
        "totalReviews": "68335",
        "subtitle": "INNERNEED",
        "isPrimeEligible": "1"
    },
    {
        "ASIN": "B0BTX3JT84",
        "title": "Amazon Basics Deep Cleansing Exfoliating Scrub, 5 Ounces, 1-Pack",
        "price": "$5.21 ($1.04 / Ounce)",
        "listPrice": "",
        "imageUrl": "https://m.media-amazon.com/images/I/31jtwczj-4L._SL160_.jpg",
        "detailPageURL": "https://www.amazon.com/dp/B0BTX3JT84",
        "rating": "4.3",
        "totalReviews": "13",
        "subtitle": "Amazon Basics",
        "isPrimeEligible": "1"
    },
    {
        "ASIN": "B07WKBYXRC",
        "title": "Exfoliating Washcloth Japanese Washcloth Nylon Bath Wash Cloth Korean Exfoliating Cloth Luffah Towel Beauty Washcloth Sponge Loofah Body Scrub Back Scrubber for Shower 3 Pack by ARCH&M",
        "price": "$8.49 ($2.83 / Count)",
        "listPrice": "$18.99 ($6.33 / Count)",
        "imageUrl": "https://m.media-amazon.com/images/I/51se8vql6KL._SL160_.jpg",
        "detailPageURL": "https://www.amazon.com/dp/B07WKBYXRC",
        "rating": "4.6",
        "totalReviews": "7872",
        "subtitle": "ARCH&M",
        "isPrimeEligible": "1"
    },
    {
        "ASIN": "B08GNS58PQ",
        "title": "First Aid Beauty KP Bump Eraser Body Scrub Exfoliant for Keratosis Pilaris with 10% AHA 2 oz.",
        "price": "$12.00 ($6.00 / Ounce)",
        "listPrice": "",
        "imageUrl": "https://m.media-amazon.com/images/I/316RNrKAVAL._SL160_.jpg",
        "detailPageURL": "https://www.amazon.com/dp/B08GNS58PQ",
        "rating": "4.4",
        "totalReviews": "31435",
        "subtitle": "First Aid Beauty",
        "isPrimeEligible": "1"
    },
    {
        "ASIN": "B0794N16ZD",
        "title": "Dove Scrub Macadamia & Rice Milk Reveals Visibly Smoother Skin Body Scrub That Nourishes Skin 10.5 oz",
        "price": "$6.97 ($0.66 / Ounce)",
        "listPrice": "",
        "imageUrl": "https://m.media-amazon.com/images/I/6153Cm1SPLL._SL160_.jpg",
        "detailPageURL": "https://www.amazon.com/dp/B0794N16ZD",
        "rating": "4.7",
        "totalReviews": "29177",
        "subtitle": "",
        "isPrimeEligible": "1"
    },
    {
        "ASIN": "B07VW3YSWH",
        "title": "Tree Hut Vitamin C Shea Sugar Scrub, 18 oz, Ultra Hydrating and Exfoliating Scrub for Nourishing Essential Body Care",
        "price": "$7.94 ($0.44 / Ounce)",
        "listPrice": "$8.99 ($0.50 / Ounce)",
        "imageUrl": "https://m.media-amazon.com/images/I/41m8o84tRAL._SL160_.jpg",
        "detailPageURL": "https://www.amazon.com/dp/B07VW3YSWH",
        "rating": "4.7",
        "totalReviews": "8618",
        "subtitle": "Tree Hut",
        "isPrimeEligible": "1"
    },
    {
        "ASIN": "B09HH8R1T8",
        "title": "UJFQBH 3 Pieces African Bath Sponge African Net Long Net Bath Sponge Exfoliating Shower Body Scrubber Back Scrubber Skin Smoother,Great for Daily Use (Pink,Yellow,Purple)",
        "price": "$7.99 ($2.66 / Count)",
        "listPrice": "$14.99 ($5.00 / Count)",
        "imageUrl": "https://m.media-amazon.com/images/I/61Yx-+hIl8L._SL160_.jpg",
        "detailPageURL": "https://www.amazon.com/dp/B09HH8R1T8",
        "rating": "4.6",
        "totalReviews": "10656",
        "subtitle": "UJFQBH",
        "isPrimeEligible": "1"
    },
    {
        "ASIN": "B01LZRCECX",
        "title": "Era Organics Microdermabrasion Facial Scrub & Face Exfoliator - Spa Quality Exfoliating Face Mask with Manuka Honey & Walnut - Moisturizing Facial Exfoliant for Dry Skin, Blackheads & Wrinkles (4 oz)",
        "price": "$24.19 ($6.05 / Ounce)",
        "listPrice": "$35.00 ($8.75 / Ounce)",
        "imageUrl": "https://m.media-amazon.com/images/I/41eDyz3BmvL._SL160_.jpg",
        "detailPageURL": "https://www.amazon.com/dp/B01LZRCECX",
        "rating": "4.4",
        "totalReviews": "18337",
        "subtitle": "Era Organics",
        "isPrimeEligible": "1"
    },
    {
        "ASIN": "B08KYC12JY",
        "title": "Slick- Exfoliating Gloves, 4 Pcs, Skin Exfoliator for Body, Shower Gloves, Scrub Gloves Exfoliating, Exfoliating Body Scrub Gloves, Loofah Glove, Exfoliation Mitt, Bath Gloves",
        "price": "$6.95 ($1.74 / Count)",
        "listPrice": "",
        "imageUrl": "https://m.media-amazon.com/images/I/51CtkiMI6fL._SL160_.jpg",
        "detailPageURL": "https://www.amazon.com/dp/B08KYC12JY",
        "rating": "4.5",
        "totalReviews": "3042",
        "subtitle": "Slick Solutions",
        "isPrimeEligible": "1"
    },
    {
        "ASIN": "B09QYBSW4F",
        "title": "INNERNEED Silicone Face Cleansing Scrubber, Exfoliating Scrub Manual Handheld Facial Brush Blackhead Remover, Food-grade Soft Bristle (Pack of 4)",
        "price": "$6.99 ($6.99 / Count)",
        "listPrice": "",
        "imageUrl": "https://m.media-amazon.com/images/I/51mYaHauoRL._SL160_.jpg",
        "detailPageURL": "https://www.amazon.com/dp/B09QYBSW4F",
        "rating": "4.5",
        "totalReviews": "68335",
        "subtitle": "INNERNEED",
        "isPrimeEligible": "1"
    },
    {
        "ASIN": "B0BTX3JT84",
        "title": "Amazon Basics Deep Cleansing Exfoliating Scrub, 5 Ounces, 1-Pack",
        "price": "$5.21 ($1.04 / Ounce)",
        "listPrice": "",
        "imageUrl": "https://m.media-amazon.com/images/I/31jtwczj-4L._SL160_.jpg",
        "detailPageURL": "https://www.amazon.com/dp/B0BTX3JT84",
        "rating": "4.3",
        "totalReviews": "13",
        "subtitle": "Amazon Basics",
        "isPrimeEligible": "1"
    },
    {
        "ASIN": "B07WKBYXRC",
        "title": "Exfoliating Washcloth Japanese Washcloth Nylon Bath Wash Cloth Korean Exfoliating Cloth Luffah Towel Beauty Washcloth Sponge Loofah Body Scrub Back Scrubber for Shower 3 Pack by ARCH&M",
        "price": "$8.49 ($2.83 / Count)",
        "listPrice": "$18.99 ($6.33 / Count)",
        "imageUrl": "https://m.media-amazon.com/images/I/51se8vql6KL._SL160_.jpg",
        "detailPageURL": "https://www.amazon.com/dp/B07WKBYXRC",
        "rating": "4.6",
        "totalReviews": "7872",
        "subtitle": "ARCH&M",
        "isPrimeEligible": "1"
    },
    {
        "ASIN": "B08T4FLJQZ",
        "title": "Dove Scrub Brown Sugar & Coconut Butter For Silky Smooth Skin Body Scrub Exfoliates & Restores Skin's Natural Nutrients 10.5 oz",
        "price": "$7.32 ($0.70 / Ounce)",
        "listPrice": "",
        "imageUrl": "https://m.media-amazon.com/images/I/41-X6Uj5c2L._SL160_.jpg",
        "detailPageURL": "https://www.amazon.com/dp/B08T4FLJQZ",
        "rating": "4.7",
        "totalReviews": "4205",
        "subtitle": "Dove",
        "isPrimeEligible": "1"
    },
    {
        "ASIN": "B0794N16ZD",
        "title": "Dove Scrub Macadamia & Rice Milk Reveals Visibly Smoother Skin Body Scrub That Nourishes Skin 10.5 oz",
        "price": "$6.97 ($0.66 / Ounce)",
        "listPrice": "",
        "imageUrl": "https://m.media-amazon.com/images/I/6153Cm1SPLL._SL160_.jpg",
        "detailPageURL": "https://www.amazon.com/dp/B0794N16ZD",
        "rating": "4.7",
        "totalReviews": "29177",
        "subtitle": "",
        "isPrimeEligible": "1"
    },
    {
        "ASIN": "B07VW3YSWH",
        "title": "Tree Hut Vitamin C Shea Sugar Scrub, 18 oz, Ultra Hydrating and Exfoliating Scrub for Nourishing Essential Body Care",
        "price": "$7.94 ($0.44 / Ounce)",
        "listPrice": "$8.99 ($0.50 / Ounce)",
        "imageUrl": "https://m.media-amazon.com/images/I/41m8o84tRAL._SL160_.jpg",
        "detailPageURL": "https://www.amazon.com/dp/B07VW3YSWH",
        "rating": "4.7",
        "totalReviews": "8618",
        "subtitle": "Tree Hut",
        "isPrimeEligible": "1"
    },
    {
        "ASIN": "B09HH8R1T8",
        "title": "UJFQBH 3 Pieces African Bath Sponge African Net Long Net Bath Sponge Exfoliating Shower Body Scrubber Back Scrubber Skin Smoother,Great for Daily Use (Pink,Yellow,Purple)",
        "price": "$7.99 ($2.66 / Count)",
        "listPrice": "$14.99 ($5.00 / Count)",
        "imageUrl": "https://m.media-amazon.com/images/I/61Yx-+hIl8L._SL160_.jpg",
        "detailPageURL": "https://www.amazon.com/dp/B09HH8R1T8",
        "rating": "4.6",
        "totalReviews": "10656",
        "subtitle": "UJFQBH",
        "isPrimeEligible": "1"
    },
    {
        "ASIN": "B01LZRCECX",
        "title": "Era Organics Microdermabrasion Facial Scrub & Face Exfoliator - Spa Quality Exfoliating Face Mask with Manuka Honey & Walnut - Moisturizing Facial Exfoliant for Dry Skin, Blackheads & Wrinkles (4 oz)",
        "price": "$24.19 ($6.05 / Ounce)",
        "listPrice": "$35.00 ($8.75 / Ounce)",
        "imageUrl": "https://m.media-amazon.com/images/I/41eDyz3BmvL._SL160_.jpg",
        "detailPageURL": "https://www.amazon.com/dp/B01LZRCECX",
        "rating": "4.4",
        "totalReviews": "18337",
        "subtitle": "Era Organics",
        "isPrimeEligible": "1"
    },
    {
        "ASIN": "B08KYC12JY",
        "title": "Slick- Exfoliating Gloves, 4 Pcs, Skin Exfoliator for Body, Shower Gloves, Scrub Gloves Exfoliating, Exfoliating Body Scrub Gloves, Loofah Glove, Exfoliation Mitt, Bath Gloves",
        "price": "$6.95 ($1.74 / Count)",
        "listPrice": "",
        "imageUrl": "https://m.media-amazon.com/images/I/51CtkiMI6fL._SL160_.jpg",
        "detailPageURL": "https://www.amazon.com/dp/B08KYC12JY",
        "rating": "4.5",
        "totalReviews": "3042",
        "subtitle": "Slick Solutions",
        "isPrimeEligible": "1"
    },
    {
        "ASIN": "B09QYBSW4F",
        "title": "INNERNEED Silicone Face Cleansing Scrubber, Exfoliating Scrub Manual Handheld Facial Brush Blackhead Remover, Food-grade Soft Bristle (Pack of 4)",
        "price": "$6.99 ($6.99 / Count)",
        "listPrice": "",
        "imageUrl": "https://m.media-amazon.com/images/I/51mYaHauoRL._SL160_.jpg",
        "detailPageURL": "https://www.amazon.com/dp/B09QYBSW4F",
        "rating": "4.5",
        "totalReviews": "68335",
        "subtitle": "INNERNEED",
        "isPrimeEligible": "1"
    },
    {
        "ASIN": "B0BTX3JT84",
        "title": "Amazon Basics Deep Cleansing Exfoliating Scrub, 5 Ounces, 1-Pack",
        "price": "$5.21 ($1.04 / Ounce)",
        "listPrice": "",
        "imageUrl": "https://m.media-amazon.com/images/I/31jtwczj-4L._SL160_.jpg",
        "detailPageURL": "https://www.amazon.com/dp/B0BTX3JT84",
        "rating": "4.3",
        "totalReviews": "13",
        "subtitle": "Amazon Basics",
        "isPrimeEligible": "1"
    },
    {
        "ASIN": "B07WKBYXRC",
        "title": "Exfoliating Washcloth Japanese Washcloth Nylon Bath Wash Cloth Korean Exfoliating Cloth Luffah Towel Beauty Washcloth Sponge Loofah Body Scrub Back Scrubber for Shower 3 Pack by ARCH&M",
        "price": "$8.49 ($2.83 / Count)",
        "listPrice": "$18.99 ($6.33 / Count)",
        "imageUrl": "https://m.media-amazon.com/images/I/51se8vql6KL._SL160_.jpg",
        "detailPageURL": "https://www.amazon.com/dp/B07WKBYXRC",
        "rating": "4.6",
        "totalReviews": "7872",
        "subtitle": "ARCH&M",
        "isPrimeEligible": "1"
    },
    {
        "ASIN": "B08T4FLJQZ",
        "title": "Dove Scrub Brown Sugar & Coconut Butter For Silky Smooth Skin Body Scrub Exfoliates & Restores Skin's Natural Nutrients 10.5 oz",
        "price": "$7.32 ($0.70 / Ounce)",
        "listPrice": "",
        "imageUrl": "https://m.media-amazon.com/images/I/41-X6Uj5c2L._SL160_.jpg",
        "detailPageURL": "https://www.amazon.com/dp/B08T4FLJQZ",
        "rating": "4.7",
        "totalReviews": "4205",
        "subtitle": "Dove",
        "isPrimeEligible": "1"
    },
    {
        "ASIN": "B098RBCQ4Z",
        "title": "CeraVe Skin Renewing Nightly Exfoliating Treatment | Anti Aging Face Serum with Glycolic Acid, Lactic Acid, and Ceramides| Dark Spot Corrector for Face | 1.7 Oz",
        "price": "$18.99 ($11.17 / Ounce)",
        "listPrice": "$29.99 ($17.64 / Ounce)",
        "imageUrl": "https://m.media-amazon.com/images/I/41TCI0SawcS._SL160_.jpg",
        "detailPageURL": "https://www.amazon.com/dp/B098RBCQ4Z",
        "rating": "4.6",
        "totalReviews": "4804",
        "subtitle": "CeraVe",
        "isPrimeEligible": "0"
    },
    {
        "ASIN": "B07VW3YSWH",
        "title": "Tree Hut Vitamin C Shea Sugar Scrub, 18 oz, Ultra Hydrating and Exfoliating Scrub for Nourishing Essential Body Care",
        "price": "$7.94 ($0.44 / Ounce)",
        "listPrice": "$8.99 ($0.50 / Ounce)",
        "imageUrl": "https://m.media-amazon.com/images/I/41m8o84tRAL._SL160_.jpg",
        "detailPageURL": "https://www.amazon.com/dp/B07VW3YSWH",
        "rating": "4.7",
        "totalReviews": "8618",
        "subtitle": "Tree Hut",
        "isPrimeEligible": "1"
    },
    {
        "ASIN": "B09HH8R1T8",
        "title": "UJFQBH 3 Pieces African Bath Sponge African Net Long Net Bath Sponge Exfoliating Shower Body Scrubber Back Scrubber Skin Smoother,Great for Daily Use (Pink,Yellow,Purple)",
        "price": "$7.99 ($2.66 / Count)",
        "listPrice": "$14.99 ($5.00 / Count)",
        "imageUrl": "https://m.media-amazon.com/images/I/61Yx-+hIl8L._SL160_.jpg",
        "detailPageURL": "https://www.amazon.com/dp/B09HH8R1T8",
        "rating": "4.6",
        "totalReviews": "10656",
        "subtitle": "UJFQBH",
        "isPrimeEligible": "1"
    },
    {
        "ASIN": "B01LZRCECX",
        "title": "Era Organics Microdermabrasion Facial Scrub & Face Exfoliator - Spa Quality Exfoliating Face Mask with Manuka Honey & Walnut - Moisturizing Facial Exfoliant for Dry Skin, Blackheads & Wrinkles (4 oz)",
        "price": "$24.19 ($6.05 / Ounce)",
        "listPrice": "$35.00 ($8.75 / Ounce)",
        "imageUrl": "https://m.media-amazon.com/images/I/41eDyz3BmvL._SL160_.jpg",
        "detailPageURL": "https://www.amazon.com/dp/B01LZRCECX",
        "rating": "4.4",
        "totalReviews": "18337",
        "subtitle": "Era Organics",
        "isPrimeEligible": "1"
    },
    {
        "ASIN": "B08KYC12JY",
        "title": "Slick- Exfoliating Gloves, 4 Pcs, Skin Exfoliator for Body, Shower Gloves, Scrub Gloves Exfoliating, Exfoliating Body Scrub Gloves, Loofah Glove, Exfoliation Mitt, Bath Gloves",
        "price": "$6.95 ($1.74 / Count)",
        "listPrice": "",
        "imageUrl": "https://m.media-amazon.com/images/I/51CtkiMI6fL._SL160_.jpg",
        "detailPageURL": "https://www.amazon.com/dp/B08KYC12JY",
        "rating": "4.5",
        "totalReviews": "3042",
        "subtitle": "Slick Solutions",
        "isPrimeEligible": "1"
    },
    {
        "ASIN": "B09QYBSW4F",
        "title": "INNERNEED Silicone Face Cleansing Scrubber, Exfoliating Scrub Manual Handheld Facial Brush Blackhead Remover, Food-grade Soft Bristle (Pack of 4)",
        "price": "$6.99 ($6.99 / Count)",
        "listPrice": "",
        "imageUrl": "https://m.media-amazon.com/images/I/51mYaHauoRL._SL160_.jpg",
        "detailPageURL": "https://www.amazon.com/dp/B09QYBSW4F",
        "rating": "4.5",
        "totalReviews": "68335",
        "subtitle": "INNERNEED",
        "isPrimeEligible": "1"
    },
    {
        "ASIN": "B0BTX3JT84",
        "title": "Amazon Basics Deep Cleansing Exfoliating Scrub, 5 Ounces, 1-Pack",
        "price": "$5.21 ($1.04 / Ounce)",
        "listPrice": "",
        "imageUrl": "https://m.media-amazon.com/images/I/31jtwczj-4L._SL160_.jpg",
        "detailPageURL": "https://www.amazon.com/dp/B0BTX3JT84",
        "rating": "4.3",
        "totalReviews": "13",
        "subtitle": "Amazon Basics",
        "isPrimeEligible": "1"
    },
    {
        "ASIN": "B07WKBYXRC",
        "title": "Exfoliating Washcloth Japanese Washcloth Nylon Bath Wash Cloth Korean Exfoliating Cloth Luffah Towel Beauty Washcloth Sponge Loofah Body Scrub Back Scrubber for Shower 3 Pack by ARCH&M",
        "price": "$8.49 ($2.83 / Count)",
        "listPrice": "$18.99 ($6.33 / Count)",
        "imageUrl": "https://m.media-amazon.com/images/I/51se8vql6KL._SL160_.jpg",
        "detailPageURL": "https://www.amazon.com/dp/B07WKBYXRC",
        "rating": "4.6",
        "totalReviews": "7872",
        "subtitle": "ARCH&M",
        "isPrimeEligible": "1"
    },
    {
        "ASIN": "B08T4FLJQZ",
        "title": "Dove Scrub Brown Sugar & Coconut Butter For Silky Smooth Skin Body Scrub Exfoliates & Restores Skin's Natural Nutrients 10.5 oz",
        "price": "$7.32 ($0.70 / Ounce)",
        "listPrice": "",
        "imageUrl": "https://m.media-amazon.com/images/I/41-X6Uj5c2L._SL160_.jpg",
        "detailPageURL": "https://www.amazon.com/dp/B08T4FLJQZ",
        "rating": "4.7",
        "totalReviews": "4205",
        "subtitle": "Dove",
        "isPrimeEligible": "1"
    },
    {
        "ASIN": "B098RBCQ4Z",
        "title": "CeraVe Skin Renewing Nightly Exfoliating Treatment | Anti Aging Face Serum with Glycolic Acid, Lactic Acid, and Ceramides| Dark Spot Corrector for Face | 1.7 Oz",
        "price": "$18.99 ($11.17 / Ounce)",
        "listPrice": "$29.99 ($17.64 / Ounce)",
        "imageUrl": "https://m.media-amazon.com/images/I/41TCI0SawcS._SL160_.jpg",
        "detailPageURL": "https://www.amazon.com/dp/B098RBCQ4Z",
        "rating": "4.6",
        "totalReviews": "4804",
        "subtitle": "CeraVe",
        "isPrimeEligible": "0"
    },
    {
        "ASIN": "B0000CCW1N",
        "title": "DERMA E Microdermabrasion Scrub with Dead Sea Salt & Citrus Essential Oils \u2013 Facial Exfoliating Scrub Smooths, Revitalizes and Renews \u2013 Ideal for Scars and Wrinkles, 2oz",
        "price": "$18.79 ($9.40 / Ounce)",
        "listPrice": "$32.50 ($16.25 / Ounce)",
        "imageUrl": "https://m.media-amazon.com/images/I/41TrLxMvOFL._SL160_.jpg",
        "detailPageURL": "https://www.amazon.com/dp/B0000CCW1N",
        "rating": "4.7",
        "totalReviews": "2623",
        "subtitle": "DERMA-E",
        "isPrimeEligible": "1"
    },
    {
        "ASIN": "B09HH8R1T8",
        "title": "UJFQBH 3 Pieces African Bath Sponge African Net Long Net Bath Sponge Exfoliating Shower Body Scrubber Back Scrubber Skin Smoother,Great for Daily Use (Pink,Yellow,Purple)",
        "price": "$7.99 ($2.66 / Count)",
        "listPrice": "$14.99 ($5.00 / Count)",
        "imageUrl": "https://m.media-amazon.com/images/I/61Yx-+hIl8L._SL160_.jpg",
        "detailPageURL": "https://www.amazon.com/dp/B09HH8R1T8",
        "rating": "4.6",
        "totalReviews": "10656",
        "subtitle": "UJFQBH",
        "isPrimeEligible": "1"
    },
    {
        "ASIN": "B01LZRCECX",
        "title": "Era Organics Microdermabrasion Facial Scrub & Face Exfoliator - Spa Quality Exfoliating Face Mask with Manuka Honey & Walnut - Moisturizing Facial Exfoliant for Dry Skin, Blackheads & Wrinkles (4 oz)",
        "price": "$24.19 ($6.05 / Ounce)",
        "listPrice": "$35.00 ($8.75 / Ounce)",
        "imageUrl": "https://m.media-amazon.com/images/I/41eDyz3BmvL._SL160_.jpg",
        "detailPageURL": "https://www.amazon.com/dp/B01LZRCECX",
        "rating": "4.4",
        "totalReviews": "18337",
        "subtitle": "Era Organics",
        "isPrimeEligible": "1"
    },
    {
        "ASIN": "B08KYC12JY",
        "title": "Slick- Exfoliating Gloves, 4 Pcs, Skin Exfoliator for Body, Shower Gloves, Scrub Gloves Exfoliating, Exfoliating Body Scrub Gloves, Loofah Glove, Exfoliation Mitt, Bath Gloves",
        "price": "$6.95 ($1.74 / Count)",
        "listPrice": "",
        "imageUrl": "https://m.media-amazon.com/images/I/51CtkiMI6fL._SL160_.jpg",
        "detailPageURL": "https://www.amazon.com/dp/B08KYC12JY",
        "rating": "4.5",
        "totalReviews": "3042",
        "subtitle": "Slick Solutions",
        "isPrimeEligible": "1"
    },
    {
        "ASIN": "B09QYBSW4F",
        "title": "INNERNEED Silicone Face Cleansing Scrubber, Exfoliating Scrub Manual Handheld Facial Brush Blackhead Remover, Food-grade Soft Bristle (Pack of 4)",
        "price": "$6.99 ($6.99 / Count)",
        "listPrice": "",
        "imageUrl": "https://m.media-amazon.com/images/I/51mYaHauoRL._SL160_.jpg",
        "detailPageURL": "https://www.amazon.com/dp/B09QYBSW4F",
        "rating": "4.5",
        "totalReviews": "68335",
        "subtitle": "INNERNEED",
        "isPrimeEligible": "1"
    },
    {
        "ASIN": "B0BTX3JT84",
        "title": "Amazon Basics Deep Cleansing Exfoliating Scrub, 5 Ounces, 1-Pack",
        "price": "$5.21 ($1.04 / Ounce)",
        "listPrice": "",
        "imageUrl": "https://m.media-amazon.com/images/I/31jtwczj-4L._SL160_.jpg",
        "detailPageURL": "https://www.amazon.com/dp/B0BTX3JT84",
        "rating": "4.3",
        "totalReviews": "13",
        "subtitle": "Amazon Basics",
        "isPrimeEligible": "1"
    },
    {
        "ASIN": "B07WKBYXRC",
        "title": "Exfoliating Washcloth Japanese Washcloth Nylon Bath Wash Cloth Korean Exfoliating Cloth Luffah Towel Beauty Washcloth Sponge Loofah Body Scrub Back Scrubber for Shower 3 Pack by ARCH&M",
        "price": "$8.49 ($2.83 / Count)",
        "listPrice": "$18.99 ($6.33 / Count)",
        "imageUrl": "https://m.media-amazon.com/images/I/51se8vql6KL._SL160_.jpg",
        "detailPageURL": "https://www.amazon.com/dp/B07WKBYXRC",
        "rating": "4.6",
        "totalReviews": "7872",
        "subtitle": "ARCH&M",
        "isPrimeEligible": "1"
    },
    {
        "ASIN": "B08T4FLJQZ",
        "title": "Dove Scrub Brown Sugar & Coconut Butter For Silky Smooth Skin Body Scrub Exfoliates & Restores Skin's Natural Nutrients 10.5 oz",
        "price": "$7.32 ($0.70 / Ounce)",
        "listPrice": "",
        "imageUrl": "https://m.media-amazon.com/images/I/41-X6Uj5c2L._SL160_.jpg",
        "detailPageURL": "https://www.amazon.com/dp/B08T4FLJQZ",
        "rating": "4.7",
        "totalReviews": "4205",
        "subtitle": "Dove",
        "isPrimeEligible": "1"
    },
    {
        "ASIN": "B098RBCQ4Z",
        "title": "CeraVe Skin Renewing Nightly Exfoliating Treatment | Anti Aging Face Serum with Glycolic Acid, Lactic Acid, and Ceramides| Dark Spot Corrector for Face | 1.7 Oz",
        "price": "$18.99 ($11.17 / Ounce)",
        "listPrice": "$29.99 ($17.64 / Ounce)",
        "imageUrl": "https://m.media-amazon.com/images/I/41TCI0SawcS._SL160_.jpg",
        "detailPageURL": "https://www.amazon.com/dp/B098RBCQ4Z",
        "rating": "4.6",
        "totalReviews": "4804",
        "subtitle": "CeraVe",
        "isPrimeEligible": "0"
    },
    {
        "ASIN": "B0000CCW1N",
        "title": "DERMA E Microdermabrasion Scrub with Dead Sea Salt & Citrus Essential Oils \u2013 Facial Exfoliating Scrub Smooths, Revitalizes and Renews \u2013 Ideal for Scars and Wrinkles, 2oz",
        "price": "$18.79 ($9.40 / Ounce)",
        "listPrice": "$32.50 ($16.25 / Ounce)",
        "imageUrl": "https://m.media-amazon.com/images/I/41TrLxMvOFL._SL160_.jpg",
        "detailPageURL": "https://www.amazon.com/dp/B0000CCW1N",
        "rating": "4.7",
        "totalReviews": "2623",
        "subtitle": "DERMA-E",
        "isPrimeEligible": "1"
    },
    {
        "ASIN": "B07HRM2XSW",
        "title": "5 Pack Exfoliang Face and Body Wash Bath Scrub Soft Weave Bath Towel Massage Cloth for Women and Man, Two Sides",
        "price": "$9.99 ($2.00 / Count)",
        "listPrice": "$10.52 ($2.10 / Count)",
        "imageUrl": "https://m.media-amazon.com/images/I/41nZYAdwcmL._SL160_.jpg",
        "detailPageURL": "https://www.amazon.com/dp/B07HRM2XSW",
        "rating": "4.4",
        "totalReviews": "8629",
        "subtitle": "Tatuo",
        "isPrimeEligible": "1"
    },
    {
        "ASIN": "B01LZRCECX",
        "title": "Era Organics Microdermabrasion Facial Scrub & Face Exfoliator - Spa Quality Exfoliating Face Mask with Manuka Honey & Walnut - Moisturizing Facial Exfoliant for Dry Skin, Blackheads & Wrinkles (4 oz)",
        "price": "$24.19 ($6.05 / Ounce)",
        "listPrice": "$35.00 ($8.75 / Ounce)",
        "imageUrl": "https://m.media-amazon.com/images/I/41eDyz3BmvL._SL160_.jpg",
        "detailPageURL": "https://www.amazon.com/dp/B01LZRCECX",
        "rating": "4.4",
        "totalReviews": "18337",
        "subtitle": "Era Organics",
        "isPrimeEligible": "1"
    },
    {
        "ASIN": "B08KYC12JY",
        "title": "Slick- Exfoliating Gloves, 4 Pcs, Skin Exfoliator for Body, Shower Gloves, Scrub Gloves Exfoliating, Exfoliating Body Scrub Gloves, Loofah Glove, Exfoliation Mitt, Bath Gloves",
        "price": "$6.95 ($1.74 / Count)",
        "listPrice": "",
        "imageUrl": "https://m.media-amazon.com/images/I/51CtkiMI6fL._SL160_.jpg",
        "detailPageURL": "https://www.amazon.com/dp/B08KYC12JY",
        "rating": "4.5",
        "totalReviews": "3042",
        "subtitle": "Slick Solutions",
        "isPrimeEligible": "1"
    },
    {
        "ASIN": "B09QYBSW4F",
        "title": "INNERNEED Silicone Face Cleansing Scrubber, Exfoliating Scrub Manual Handheld Facial Brush Blackhead Remover, Food-grade Soft Bristle (Pack of 4)",
        "price": "$6.99 ($6.99 / Count)",
        "listPrice": "",
        "imageUrl": "https://m.media-amazon.com/images/I/51mYaHauoRL._SL160_.jpg",
        "detailPageURL": "https://www.amazon.com/dp/B09QYBSW4F",
        "rating": "4.5",
        "totalReviews": "68335",
        "subtitle": "INNERNEED",
        "isPrimeEligible": "1"
    },
    {
        "ASIN": "B0BTX3JT84",
        "title": "Amazon Basics Deep Cleansing Exfoliating Scrub, 5 Ounces, 1-Pack",
        "price": "$5.21 ($1.04 / Ounce)",
        "listPrice": "",
        "imageUrl": "https://m.media-amazon.com/images/I/31jtwczj-4L._SL160_.jpg",
        "detailPageURL": "https://www.amazon.com/dp/B0BTX3JT84",
        "rating": "4.3",
        "totalReviews": "13",
        "subtitle": "Amazon Basics",
        "isPrimeEligible": "1"
    },
    {
        "ASIN": "B07WKBYXRC",
        "title": "Exfoliating Washcloth Japanese Washcloth Nylon Bath Wash Cloth Korean Exfoliating Cloth Luffah Towel Beauty Washcloth Sponge Loofah Body Scrub Back Scrubber for Shower 3 Pack by ARCH&M",
        "price": "$8.49 ($2.83 / Count)",
        "listPrice": "$18.99 ($6.33 / Count)",
        "imageUrl": "https://m.media-amazon.com/images/I/51se8vql6KL._SL160_.jpg",
        "detailPageURL": "https://www.amazon.com/dp/B07WKBYXRC",
        "rating": "4.6",
        "totalReviews": "7872",
        "subtitle": "ARCH&M",
        "isPrimeEligible": "1"
    },
    {
        "ASIN": "B08T4FLJQZ",
        "title": "Dove Scrub Brown Sugar & Coconut Butter For Silky Smooth Skin Body Scrub Exfoliates & Restores Skin's Natural Nutrients 10.5 oz",
        "price": "$7.32 ($0.70 / Ounce)",
        "listPrice": "",
        "imageUrl": "https://m.media-amazon.com/images/I/41-X6Uj5c2L._SL160_.jpg",
        "detailPageURL": "https://www.amazon.com/dp/B08T4FLJQZ",
        "rating": "4.7",
        "totalReviews": "4205",
        "subtitle": "Dove",
        "isPrimeEligible": "1"
    },
    {
        "ASIN": "B098RBCQ4Z",
        "title": "CeraVe Skin Renewing Nightly Exfoliating Treatment | Anti Aging Face Serum with Glycolic Acid, Lactic Acid, and Ceramides| Dark Spot Corrector for Face | 1.7 Oz",
        "price": "$18.99 ($11.17 / Ounce)",
        "listPrice": "$29.99 ($17.64 / Ounce)",
        "imageUrl": "https://m.media-amazon.com/images/I/41TCI0SawcS._SL160_.jpg",
        "detailPageURL": "https://www.amazon.com/dp/B098RBCQ4Z",
        "rating": "4.6",
        "totalReviews": "4804",
        "subtitle": "CeraVe",
        "isPrimeEligible": "0"
    },
    {
        "ASIN": "B0000CCW1N",
        "title": "DERMA E Microdermabrasion Scrub with Dead Sea Salt & Citrus Essential Oils \u2013 Facial Exfoliating Scrub Smooths, Revitalizes and Renews \u2013 Ideal for Scars and Wrinkles, 2oz",
        "price": "$18.79 ($9.40 / Ounce)",
        "listPrice": "$32.50 ($16.25 / Ounce)",
        "imageUrl": "https://m.media-amazon.com/images/I/41TrLxMvOFL._SL160_.jpg",
        "detailPageURL": "https://www.amazon.com/dp/B0000CCW1N",
        "rating": "4.7",
        "totalReviews": "2623",
        "subtitle": "DERMA-E",
        "isPrimeEligible": "1"
    },
    {
        "ASIN": "B07HRM2XSW",
        "title": "5 Pack Exfoliang Face and Body Wash Bath Scrub Soft Weave Bath Towel Massage Cloth for Women and Man, Two Sides",
        "price": "$9.99 ($2.00 / Count)",
        "listPrice": "$10.52 ($2.10 / Count)",
        "imageUrl": "https://m.media-amazon.com/images/I/41nZYAdwcmL._SL160_.jpg",
        "detailPageURL": "https://www.amazon.com/dp/B07HRM2XSW",
        "rating": "4.4",
        "totalReviews": "8629",
        "subtitle": "Tatuo",
        "isPrimeEligible": "1"
    },
    {
        "ASIN": "B076DSRB6B",
        "title": "Himalayan Salt Scrub Face Foot & Body Exfoliator Infused with Collagen and Stem Cell Natural Exfoliating Salt Body Scrub for Toning Skin Cellulite Skin Care Body Exfoliant by M3 Naturals",
        "price": "$19.72 ($1.64 / Ounce)",
        "listPrice": "$34.81 ($2.90 / Ounce)",
        "imageUrl": "https://m.media-amazon.com/images/I/51yR4rNBCcL._SL160_.jpg",
        "detailPageURL": "https://www.amazon.com/dp/B076DSRB6B",
        "rating": "4.4",
        "totalReviews": "25041",
        "subtitle": "M3 Naturals",
        "isPrimeEligible": "1"
    },
    {
        "ASIN": "B08KYC12JY",
        "title": "Slick- Exfoliating Gloves, 4 Pcs, Skin Exfoliator for Body, Shower Gloves, Scrub Gloves Exfoliating, Exfoliating Body Scrub Gloves, Loofah Glove, Exfoliation Mitt, Bath Gloves",
        "price": "$6.95 ($1.74 / Count)",
        "listPrice": "",
        "imageUrl": "https://m.media-amazon.com/images/I/51CtkiMI6fL._SL160_.jpg",
        "detailPageURL": "https://www.amazon.com/dp/B08KYC12JY",
        "rating": "4.5",
        "totalReviews": "3042",
        "subtitle": "Slick Solutions",
        "isPrimeEligible": "1"
    },
    {
        "ASIN": "B09QYBSW4F",
        "title": "INNERNEED Silicone Face Cleansing Scrubber, Exfoliating Scrub Manual Handheld Facial Brush Blackhead Remover, Food-grade Soft Bristle (Pack of 4)",
        "price": "$6.99 ($6.99 / Count)",
        "listPrice": "",
        "imageUrl": "https://m.media-amazon.com/images/I/51mYaHauoRL._SL160_.jpg",
        "detailPageURL": "https://www.amazon.com/dp/B09QYBSW4F",
        "rating": "4.5",
        "totalReviews": "68335",
        "subtitle": "INNERNEED",
        "isPrimeEligible": "1"
    },
    {
        "ASIN": "B0BTX3JT84",
        "title": "Amazon Basics Deep Cleansing Exfoliating Scrub, 5 Ounces, 1-Pack",
        "price": "$5.21 ($1.04 / Ounce)",
        "listPrice": "",
        "imageUrl": "https://m.media-amazon.com/images/I/31jtwczj-4L._SL160_.jpg",
        "detailPageURL": "https://www.amazon.com/dp/B0BTX3JT84",
        "rating": "4.3",
        "totalReviews": "13",
        "subtitle": "Amazon Basics",
        "isPrimeEligible": "1"
    },
    {
        "ASIN": "B07WKBYXRC",
        "title": "Exfoliating Washcloth Japanese Washcloth Nylon Bath Wash Cloth Korean Exfoliating Cloth Luffah Towel Beauty Washcloth Sponge Loofah Body Scrub Back Scrubber for Shower 3 Pack by ARCH&M",
        "price": "$8.49 ($2.83 / Count)",
        "listPrice": "$18.99 ($6.33 / Count)",
        "imageUrl": "https://m.media-amazon.com/images/I/51se8vql6KL._SL160_.jpg",
        "detailPageURL": "https://www.amazon.com/dp/B07WKBYXRC",
        "rating": "4.6",
        "totalReviews": "7872",
        "subtitle": "ARCH&M",
        "isPrimeEligible": "1"
    },
    {
        "ASIN": "B08T4FLJQZ",
        "title": "Dove Scrub Brown Sugar & Coconut Butter For Silky Smooth Skin Body Scrub Exfoliates & Restores Skin's Natural Nutrients 10.5 oz",
        "price": "$7.32 ($0.70 / Ounce)",
        "listPrice": "",
        "imageUrl": "https://m.media-amazon.com/images/I/41-X6Uj5c2L._SL160_.jpg",
        "detailPageURL": "https://www.amazon.com/dp/B08T4FLJQZ",
        "rating": "4.7",
        "totalReviews": "4205",
        "subtitle": "Dove",
        "isPrimeEligible": "1"
    },
    {
        "ASIN": "B098RBCQ4Z",
        "title": "CeraVe Skin Renewing Nightly Exfoliating Treatment | Anti Aging Face Serum with Glycolic Acid, Lactic Acid, and Ceramides| Dark Spot Corrector for Face | 1.7 Oz",
        "price": "$18.99 ($11.17 / Ounce)",
        "listPrice": "$29.99 ($17.64 / Ounce)",
        "imageUrl": "https://m.media-amazon.com/images/I/41TCI0SawcS._SL160_.jpg",
        "detailPageURL": "https://www.amazon.com/dp/B098RBCQ4Z",
        "rating": "4.6",
        "totalReviews": "4804",
        "subtitle": "CeraVe",
        "isPrimeEligible": "0"
    },
    {
        "ASIN": "B0000CCW1N",
        "title": "DERMA E Microdermabrasion Scrub with Dead Sea Salt & Citrus Essential Oils \u2013 Facial Exfoliating Scrub Smooths, Revitalizes and Renews \u2013 Ideal for Scars and Wrinkles, 2oz",
        "price": "$18.79 ($9.40 / Ounce)",
        "listPrice": "$32.50 ($16.25 / Ounce)",
        "imageUrl": "https://m.media-amazon.com/images/I/41TrLxMvOFL._SL160_.jpg",
        "detailPageURL": "https://www.amazon.com/dp/B0000CCW1N",
        "rating": "4.7",
        "totalReviews": "2623",
        "subtitle": "DERMA-E",
        "isPrimeEligible": "1"
    },
    {
        "ASIN": "B07HRM2XSW",
        "title": "5 Pack Exfoliang Face and Body Wash Bath Scrub Soft Weave Bath Towel Massage Cloth for Women and Man, Two Sides",
        "price": "$9.99 ($2.00 / Count)",
        "listPrice": "$10.52 ($2.10 / Count)",
        "imageUrl": "https://m.media-amazon.com/images/I/41nZYAdwcmL._SL160_.jpg",
        "detailPageURL": "https://www.amazon.com/dp/B07HRM2XSW",
        "rating": "4.4",
        "totalReviews": "8629",
        "subtitle": "Tatuo",
        "isPrimeEligible": "1"
    },
    {
        "ASIN": "B076DSRB6B",
        "title": "Himalayan Salt Scrub Face Foot & Body Exfoliator Infused with Collagen and Stem Cell Natural Exfoliating Salt Body Scrub for Toning Skin Cellulite Skin Care Body Exfoliant by M3 Naturals",
        "price": "$19.72 ($1.64 / Ounce)",
        "listPrice": "$34.81 ($2.90 / Ounce)",
        "imageUrl": "https://m.media-amazon.com/images/I/51yR4rNBCcL._SL160_.jpg",
        "detailPageURL": "https://www.amazon.com/dp/B076DSRB6B",
        "rating": "4.4",
        "totalReviews": "25041",
        "subtitle": "M3 Naturals",
        "isPrimeEligible": "1"
    },
    {
        "ASIN": "B09B2P75Y1",
        "title": "Avilana\u00ae Silicone Body Scrubber with Advanced Hygiene Technology, Gentle Exfoliating Body Scrubber That's Easy to Clean, Lathers Well, Longer Lasting, The Ultimate Loofah Replacement(S3, Black)",
        "price": "$14.99 ($14.99 / Count)",
        "listPrice": "",
        "imageUrl": "https://m.media-amazon.com/images/I/513pEiSvJgL._SL160_.jpg",
        "detailPageURL": "https://www.amazon.com/dp/B09B2P75Y1",
        "rating": "4.5",
        "totalReviews": "32441",
        "subtitle": "Avilana",
        "isPrimeEligible": "1"
    },
    {
        "ASIN": "B09QYBSW4F",
        "title": "INNERNEED Silicone Face Cleansing Scrubber, Exfoliating Scrub Manual Handheld Facial Brush Blackhead Remover, Food-grade Soft Bristle (Pack of 4)",
        "price": "$6.99 ($6.99 / Count)",
        "listPrice": "",
        "imageUrl": "https://m.media-amazon.com/images/I/51mYaHauoRL._SL160_.jpg",
        "detailPageURL": "https://www.amazon.com/dp/B09QYBSW4F",
        "rating": "4.5",
        "totalReviews": "68335",
        "subtitle": "INNERNEED",
        "isPrimeEligible": "1"
    },
    {
        "ASIN": "B0BTX3JT84",
        "title": "Amazon Basics Deep Cleansing Exfoliating Scrub, 5 Ounces, 1-Pack",
        "price": "$5.21 ($1.04 / Ounce)",
        "listPrice": "",
        "imageUrl": "https://m.media-amazon.com/images/I/31jtwczj-4L._SL160_.jpg",
        "detailPageURL": "https://www.amazon.com/dp/B0BTX3JT84",
        "rating": "4.3",
        "totalReviews": "13",
        "subtitle": "Amazon Basics",
        "isPrimeEligible": "1"
    },
    {
        "ASIN": "B07WKBYXRC",
        "title": "Exfoliating Washcloth Japanese Washcloth Nylon Bath Wash Cloth Korean Exfoliating Cloth Luffah Towel Beauty Washcloth Sponge Loofah Body Scrub Back Scrubber for Shower 3 Pack by ARCH&M",
        "price": "$8.49 ($2.83 / Count)",
        "listPrice": "$18.99 ($6.33 / Count)",
        "imageUrl": "https://m.media-amazon.com/images/I/51se8vql6KL._SL160_.jpg",
        "detailPageURL": "https://www.amazon.com/dp/B07WKBYXRC",
        "rating": "4.6",
        "totalReviews": "7872",
        "subtitle": "ARCH&M",
        "isPrimeEligible": "1"
    },
    {
        "ASIN": "B08T4FLJQZ",
        "title": "Dove Scrub Brown Sugar & Coconut Butter For Silky Smooth Skin Body Scrub Exfoliates & Restores Skin's Natural Nutrients 10.5 oz",
        "price": "$7.32 ($0.70 / Ounce)",
        "listPrice": "",
        "imageUrl": "https://m.media-amazon.com/images/I/41-X6Uj5c2L._SL160_.jpg",
        "detailPageURL": "https://www.amazon.com/dp/B08T4FLJQZ",
        "rating": "4.7",
        "totalReviews": "4205",
        "subtitle": "Dove",
        "isPrimeEligible": "1"
    },
    {
        "ASIN": "B098RBCQ4Z",
        "title": "CeraVe Skin Renewing Nightly Exfoliating Treatment | Anti Aging Face Serum with Glycolic Acid, Lactic Acid, and Ceramides| Dark Spot Corrector for Face | 1.7 Oz",
        "price": "$18.99 ($11.17 / Ounce)",
        "listPrice": "$29.99 ($17.64 / Ounce)",
        "imageUrl": "https://m.media-amazon.com/images/I/41TCI0SawcS._SL160_.jpg",
        "detailPageURL": "https://www.amazon.com/dp/B098RBCQ4Z",
        "rating": "4.6",
        "totalReviews": "4804",
        "subtitle": "CeraVe",
        "isPrimeEligible": "0"
    },
    {
        "ASIN": "B0000CCW1N",
        "title": "DERMA E Microdermabrasion Scrub with Dead Sea Salt & Citrus Essential Oils \u2013 Facial Exfoliating Scrub Smooths, Revitalizes and Renews \u2013 Ideal for Scars and Wrinkles, 2oz",
        "price": "$18.79 ($9.40 / Ounce)",
        "listPrice": "$32.50 ($16.25 / Ounce)",
        "imageUrl": "https://m.media-amazon.com/images/I/41TrLxMvOFL._SL160_.jpg",
        "detailPageURL": "https://www.amazon.com/dp/B0000CCW1N",
        "rating": "4.7",
        "totalReviews": "2623",
        "subtitle": "DERMA-E",
        "isPrimeEligible": "1"
    },
    {
        "ASIN": "B07HRM2XSW",
        "title": "5 Pack Exfoliang Face and Body Wash Bath Scrub Soft Weave Bath Towel Massage Cloth for Women and Man, Two Sides",
        "price": "$9.99 ($2.00 / Count)",
        "listPrice": "$10.52 ($2.10 / Count)",
        "imageUrl": "https://m.media-amazon.com/images/I/41nZYAdwcmL._SL160_.jpg",
        "detailPageURL": "https://www.amazon.com/dp/B07HRM2XSW",
        "rating": "4.4",
        "totalReviews": "8629",
        "subtitle": "Tatuo",
        "isPrimeEligible": "1"
    },
    {
        "ASIN": "B076DSRB6B",
        "title": "Himalayan Salt Scrub Face Foot & Body Exfoliator Infused with Collagen and Stem Cell Natural Exfoliating Salt Body Scrub for Toning Skin Cellulite Skin Care Body Exfoliant by M3 Naturals",
        "price": "$19.72 ($1.64 / Ounce)",
        "listPrice": "$34.81 ($2.90 / Ounce)",
        "imageUrl": "https://m.media-amazon.com/images/I/51yR4rNBCcL._SL160_.jpg",
        "detailPageURL": "https://www.amazon.com/dp/B076DSRB6B",
        "rating": "4.4",
        "totalReviews": "25041",
        "subtitle": "M3 Naturals",
        "isPrimeEligible": "1"
    },
    {
        "ASIN": "B09B2P75Y1",
        "title": "Avilana\u00ae Silicone Body Scrubber with Advanced Hygiene Technology, Gentle Exfoliating Body Scrubber That's Easy to Clean, Lathers Well, Longer Lasting, The Ultimate Loofah Replacement(S3, Black)",
        "price": "$14.99 ($14.99 / Count)",
        "listPrice": "",
        "imageUrl": "https://m.media-amazon.com/images/I/513pEiSvJgL._SL160_.jpg",
        "detailPageURL": "https://www.amazon.com/dp/B09B2P75Y1",
        "rating": "4.5",
        "totalReviews": "32441",
        "subtitle": "Avilana",
        "isPrimeEligible": "1"
    },
    {
        "ASIN": "B006E5A3PW",
        "title": "ORG Body Scrub Deep Gel Exfoliator for Glowing and Smooth Skin - Korean Exfoliating Peel Skincare - Natural Cruelty Free Formulation for Sensitive Skin 6oz",
        "price": "$35.50 ($5.92 / Fl Oz)",
        "listPrice": "$38.00 ($6.33 / Fl Oz)",
        "imageUrl": "https://m.media-amazon.com/images/I/315oWvqpdrL._SL160_.jpg",
        "detailPageURL": "https://www.amazon.com/dp/B006E5A3PW",
        "rating": "4.4",
        "totalReviews": "1789",
        "subtitle": "O.R.G. Skincare",
        "isPrimeEligible": "1"
    },
    {
        "ASIN": "B0BTX3JT84",
        "title": "Amazon Basics Deep Cleansing Exfoliating Scrub, 5 Ounces, 1-Pack",
        "price": "$5.21 ($1.04 / Ounce)",
        "listPrice": "",
        "imageUrl": "https://m.media-amazon.com/images/I/31jtwczj-4L._SL160_.jpg",
        "detailPageURL": "https://www.amazon.com/dp/B0BTX3JT84",
        "rating": "4.3",
        "totalReviews": "13",
        "subtitle": "Amazon Basics",
        "isPrimeEligible": "1"
    },
    {
        "ASIN": "B07WKBYXRC",
        "title": "Exfoliating Washcloth Japanese Washcloth Nylon Bath Wash Cloth Korean Exfoliating Cloth Luffah Towel Beauty Washcloth Sponge Loofah Body Scrub Back Scrubber for Shower 3 Pack by ARCH&M",
        "price": "$8.49 ($2.83 / Count)",
        "listPrice": "$18.99 ($6.33 / Count)",
        "imageUrl": "https://m.media-amazon.com/images/I/51se8vql6KL._SL160_.jpg",
        "detailPageURL": "https://www.amazon.com/dp/B07WKBYXRC",
        "rating": "4.6",
        "totalReviews": "7872",
        "subtitle": "ARCH&M",
        "isPrimeEligible": "1"
    },
    {
        "ASIN": "B08T4FLJQZ",
        "title": "Dove Scrub Brown Sugar & Coconut Butter For Silky Smooth Skin Body Scrub Exfoliates & Restores Skin's Natural Nutrients 10.5 oz",
        "price": "$7.32 ($0.70 / Ounce)",
        "listPrice": "",
        "imageUrl": "https://m.media-amazon.com/images/I/41-X6Uj5c2L._SL160_.jpg",
        "detailPageURL": "https://www.amazon.com/dp/B08T4FLJQZ",
        "rating": "4.7",
        "totalReviews": "4205",
        "subtitle": "Dove",
        "isPrimeEligible": "1"
    },
    {
        "ASIN": "B098RBCQ4Z",
        "title": "CeraVe Skin Renewing Nightly Exfoliating Treatment | Anti Aging Face Serum with Glycolic Acid, Lactic Acid, and Ceramides| Dark Spot Corrector for Face | 1.7 Oz",
        "price": "$18.99 ($11.17 / Ounce)",
        "listPrice": "$29.99 ($17.64 / Ounce)",
        "imageUrl": "https://m.media-amazon.com/images/I/41TCI0SawcS._SL160_.jpg",
        "detailPageURL": "https://www.amazon.com/dp/B098RBCQ4Z",
        "rating": "4.6",
        "totalReviews": "4804",
        "subtitle": "CeraVe",
        "isPrimeEligible": "0"
    },
    {
        "ASIN": "B0000CCW1N",
        "title": "DERMA E Microdermabrasion Scrub with Dead Sea Salt & Citrus Essential Oils \u2013 Facial Exfoliating Scrub Smooths, Revitalizes and Renews \u2013 Ideal for Scars and Wrinkles, 2oz",
        "price": "$18.79 ($9.40 / Ounce)",
        "listPrice": "$32.50 ($16.25 / Ounce)",
        "imageUrl": "https://m.media-amazon.com/images/I/41TrLxMvOFL._SL160_.jpg",
        "detailPageURL": "https://www.amazon.com/dp/B0000CCW1N",
        "rating": "4.7",
        "totalReviews": "2623",
        "subtitle": "DERMA-E",
        "isPrimeEligible": "1"
    },
    {
        "ASIN": "B07HRM2XSW",
        "title": "5 Pack Exfoliang Face and Body Wash Bath Scrub Soft Weave Bath Towel Massage Cloth for Women and Man, Two Sides",
        "price": "$9.99 ($2.00 / Count)",
        "listPrice": "$10.52 ($2.10 / Count)",
        "imageUrl": "https://m.media-amazon.com/images/I/41nZYAdwcmL._SL160_.jpg",
        "detailPageURL": "https://www.amazon.com/dp/B07HRM2XSW",
        "rating": "4.4",
        "totalReviews": "8629",
        "subtitle": "Tatuo",
        "isPrimeEligible": "1"
    },
    {
        "ASIN": "B076DSRB6B",
        "title": "Himalayan Salt Scrub Face Foot & Body Exfoliator Infused with Collagen and Stem Cell Natural Exfoliating Salt Body Scrub for Toning Skin Cellulite Skin Care Body Exfoliant by M3 Naturals",
        "price": "$19.72 ($1.64 / Ounce)",
        "listPrice": "$34.81 ($2.90 / Ounce)",
        "imageUrl": "https://m.media-amazon.com/images/I/51yR4rNBCcL._SL160_.jpg",
        "detailPageURL": "https://www.amazon.com/dp/B076DSRB6B",
        "rating": "4.4",
        "totalReviews": "25041",
        "subtitle": "M3 Naturals",
        "isPrimeEligible": "1"
    },
    {
        "ASIN": "B09B2P75Y1",
        "title": "Avilana\u00ae Silicone Body Scrubber with Advanced Hygiene Technology, Gentle Exfoliating Body Scrubber That's Easy to Clean, Lathers Well, Longer Lasting, The Ultimate Loofah Replacement(S3, Black)",
        "price": "$14.99 ($14.99 / Count)",
        "listPrice": "",
        "imageUrl": "https://m.media-amazon.com/images/I/513pEiSvJgL._SL160_.jpg",
        "detailPageURL": "https://www.amazon.com/dp/B09B2P75Y1",
        "rating": "4.5",
        "totalReviews": "32441",
        "subtitle": "Avilana",
        "isPrimeEligible": "1"
    },
    {
        "ASIN": "B006E5A3PW",
        "title": "ORG Body Scrub Deep Gel Exfoliator for Glowing and Smooth Skin - Korean Exfoliating Peel Skincare - Natural Cruelty Free Formulation for Sensitive Skin 6oz",
        "price": "$35.50 ($5.92 / Fl Oz)",
        "listPrice": "$38.00 ($6.33 / Fl Oz)",
        "imageUrl": "https://m.media-amazon.com/images/I/315oWvqpdrL._SL160_.jpg",
        "detailPageURL": "https://www.amazon.com/dp/B006E5A3PW",
        "rating": "4.4",
        "totalReviews": "1789",
        "subtitle": "O.R.G. Skincare",
        "isPrimeEligible": "1"
    },
    {
        "ASIN": "B072J77FVC",
        "title": "Charcoal Exfoliating Face & Body Scrub Polish with Collagen & Stem Cell Gentle Body Exfoliator Bump Eraser Best Shower Scrub Skin Exfoliant Moisturize Skin Exfoliate Absorbs Nutrients by M3 Naturals",
        "price": "$19.91 ($1.66 / Fl Oz)",
        "listPrice": "$34.80 ($2.90 / Fl Oz)",
        "imageUrl": "https://m.media-amazon.com/images/I/61csmARDxLL._SL160_.jpg",
        "detailPageURL": "https://www.amazon.com/dp/B072J77FVC",
        "rating": "4.4",
        "totalReviews": "14381",
        "subtitle": "M3 Naturals",
        "isPrimeEligible": "1"
    },
    {
        "ASIN": "B07WKBYXRC",
        "title": "Exfoliating Washcloth Japanese Washcloth Nylon Bath Wash Cloth Korean Exfoliating Cloth Luffah Towel Beauty Washcloth Sponge Loofah Body Scrub Back Scrubber for Shower 3 Pack by ARCH&M",
        "price": "$8.49 ($2.83 / Count)",
        "listPrice": "$18.99 ($6.33 / Count)",
        "imageUrl": "https://m.media-amazon.com/images/I/51se8vql6KL._SL160_.jpg",
        "detailPageURL": "https://www.amazon.com/dp/B07WKBYXRC",
        "rating": "4.6",
        "totalReviews": "7872",
        "subtitle": "ARCH&M",
        "isPrimeEligible": "1"
    },
    {
        "ASIN": "B08T4FLJQZ",
        "title": "Dove Scrub Brown Sugar & Coconut Butter For Silky Smooth Skin Body Scrub Exfoliates & Restores Skin's Natural Nutrients 10.5 oz",
        "price": "$7.32 ($0.70 / Ounce)",
        "listPrice": "",
        "imageUrl": "https://m.media-amazon.com/images/I/41-X6Uj5c2L._SL160_.jpg",
        "detailPageURL": "https://www.amazon.com/dp/B08T4FLJQZ",
        "rating": "4.7",
        "totalReviews": "4205",
        "subtitle": "Dove",
        "isPrimeEligible": "1"
    },
    {
        "ASIN": "B098RBCQ4Z",
        "title": "CeraVe Skin Renewing Nightly Exfoliating Treatment | Anti Aging Face Serum with Glycolic Acid, Lactic Acid, and Ceramides| Dark Spot Corrector for Face | 1.7 Oz",
        "price": "$18.99 ($11.17 / Ounce)",
        "listPrice": "$29.99 ($17.64 / Ounce)",
        "imageUrl": "https://m.media-amazon.com/images/I/41TCI0SawcS._SL160_.jpg",
        "detailPageURL": "https://www.amazon.com/dp/B098RBCQ4Z",
        "rating": "4.6",
        "totalReviews": "4804",
        "subtitle": "CeraVe",
        "isPrimeEligible": "0"
    },
    {
        "ASIN": "B0000CCW1N",
        "title": "DERMA E Microdermabrasion Scrub with Dead Sea Salt & Citrus Essential Oils \u2013 Facial Exfoliating Scrub Smooths, Revitalizes and Renews \u2013 Ideal for Scars and Wrinkles, 2oz",
        "price": "$18.79 ($9.40 / Ounce)",
        "listPrice": "$32.50 ($16.25 / Ounce)",
        "imageUrl": "https://m.media-amazon.com/images/I/41TrLxMvOFL._SL160_.jpg",
        "detailPageURL": "https://www.amazon.com/dp/B0000CCW1N",
        "rating": "4.7",
        "totalReviews": "2623",
        "subtitle": "DERMA-E",
        "isPrimeEligible": "1"
    },
    {
        "ASIN": "B07HRM2XSW",
        "title": "5 Pack Exfoliang Face and Body Wash Bath Scrub Soft Weave Bath Towel Massage Cloth for Women and Man, Two Sides",
        "price": "$9.99 ($2.00 / Count)",
        "listPrice": "$10.52 ($2.10 / Count)",
        "imageUrl": "https://m.media-amazon.com/images/I/41nZYAdwcmL._SL160_.jpg",
        "detailPageURL": "https://www.amazon.com/dp/B07HRM2XSW",
        "rating": "4.4",
        "totalReviews": "8629",
        "subtitle": "Tatuo",
        "isPrimeEligible": "1"
    },
    {
        "ASIN": "B076DSRB6B",
        "title": "Himalayan Salt Scrub Face Foot & Body Exfoliator Infused with Collagen and Stem Cell Natural Exfoliating Salt Body Scrub for Toning Skin Cellulite Skin Care Body Exfoliant by M3 Naturals",
        "price": "$19.72 ($1.64 / Ounce)",
        "listPrice": "$34.81 ($2.90 / Ounce)",
        "imageUrl": "https://m.media-amazon.com/images/I/51yR4rNBCcL._SL160_.jpg",
        "detailPageURL": "https://www.amazon.com/dp/B076DSRB6B",
        "rating": "4.4",
        "totalReviews": "25041",
        "subtitle": "M3 Naturals",
        "isPrimeEligible": "1"
    },
    {
        "ASIN": "B09B2P75Y1",
        "title": "Avilana\u00ae Silicone Body Scrubber with Advanced Hygiene Technology, Gentle Exfoliating Body Scrubber That's Easy to Clean, Lathers Well, Longer Lasting, The Ultimate Loofah Replacement(S3, Black)",
        "price": "$14.99 ($14.99 / Count)",
        "listPrice": "",
        "imageUrl": "https://m.media-amazon.com/images/I/513pEiSvJgL._SL160_.jpg",
        "detailPageURL": "https://www.amazon.com/dp/B09B2P75Y1",
        "rating": "4.5",
        "totalReviews": "32441",
        "subtitle": "Avilana",
        "isPrimeEligible": "1"
    },
    {
        "ASIN": "B006E5A3PW",
        "title": "ORG Body Scrub Deep Gel Exfoliator for Glowing and Smooth Skin - Korean Exfoliating Peel Skincare - Natural Cruelty Free Formulation for Sensitive Skin 6oz",
        "price": "$35.50 ($5.92 / Fl Oz)",
        "listPrice": "$38.00 ($6.33 / Fl Oz)",
        "imageUrl": "https://m.media-amazon.com/images/I/315oWvqpdrL._SL160_.jpg",
        "detailPageURL": "https://www.amazon.com/dp/B006E5A3PW",
        "rating": "4.4",
        "totalReviews": "1789",
        "subtitle": "O.R.G. Skincare",
        "isPrimeEligible": "1"
    },
    {
        "ASIN": "B072J77FVC",
        "title": "Charcoal Exfoliating Face & Body Scrub Polish with Collagen & Stem Cell Gentle Body Exfoliator Bump Eraser Best Shower Scrub Skin Exfoliant Moisturize Skin Exfoliate Absorbs Nutrients by M3 Naturals",
        "price": "$19.91 ($1.66 / Fl Oz)",
        "listPrice": "$34.80 ($2.90 / Fl Oz)",
        "imageUrl": "https://m.media-amazon.com/images/I/61csmARDxLL._SL160_.jpg",
        "detailPageURL": "https://www.amazon.com/dp/B072J77FVC",
        "rating": "4.4",
        "totalReviews": "14381",
        "subtitle": "M3 Naturals",
        "isPrimeEligible": "1"
    },
    {
        "ASIN": "B001ABLKK2",
        "title": "Toyo - Cure Aqua Gel - Facial/Full-body Peeling Gel, Water-based Exfoliator, Dead Skin Remover for Bright, Youthful Skin, 8.5 oz.",
        "price": "$25.90 ($3.06 / Fl Oz)",
        "listPrice": "$36.90 ($4.37 / Fl Oz)",
        "imageUrl": "https://m.media-amazon.com/images/I/21OFxeM2-oL._SL160_.jpg",
        "detailPageURL": "https://www.amazon.com/dp/B001ABLKK2",
        "rating": "4.5",
        "totalReviews": "7731",
        "subtitle": "NATURAL AQUA GEL CURE",
        "isPrimeEligible": "1"
    },
    {
        "ASIN": "B08T4FLJQZ",
        "title": "Dove Scrub Brown Sugar & Coconut Butter For Silky Smooth Skin Body Scrub Exfoliates & Restores Skin's Natural Nutrients 10.5 oz",
        "price": "$7.32 ($0.70 / Ounce)",
        "listPrice": "",
        "imageUrl": "https://m.media-amazon.com/images/I/41-X6Uj5c2L._SL160_.jpg",
        "detailPageURL": "https://www.amazon.com/dp/B08T4FLJQZ",
        "rating": "4.7",
        "totalReviews": "4205",
        "subtitle": "Dove",
        "isPrimeEligible": "1"
    },
    {
        "ASIN": "B098RBCQ4Z",
        "title": "CeraVe Skin Renewing Nightly Exfoliating Treatment | Anti Aging Face Serum with Glycolic Acid, Lactic Acid, and Ceramides| Dark Spot Corrector for Face | 1.7 Oz",
        "price": "$18.99 ($11.17 / Ounce)",
        "listPrice": "$29.99 ($17.64 / Ounce)",
        "imageUrl": "https://m.media-amazon.com/images/I/41TCI0SawcS._SL160_.jpg",
        "detailPageURL": "https://www.amazon.com/dp/B098RBCQ4Z",
        "rating": "4.6",
        "totalReviews": "4804",
        "subtitle": "CeraVe",
        "isPrimeEligible": "0"
    },
    {
        "ASIN": "B0000CCW1N",
        "title": "DERMA E Microdermabrasion Scrub with Dead Sea Salt & Citrus Essential Oils \u2013 Facial Exfoliating Scrub Smooths, Revitalizes and Renews \u2013 Ideal for Scars and Wrinkles, 2oz",
        "price": "$18.79 ($9.40 / Ounce)",
        "listPrice": "$32.50 ($16.25 / Ounce)",
        "imageUrl": "https://m.media-amazon.com/images/I/41TrLxMvOFL._SL160_.jpg",
        "detailPageURL": "https://www.amazon.com/dp/B0000CCW1N",
        "rating": "4.7",
        "totalReviews": "2623",
        "subtitle": "DERMA-E",
        "isPrimeEligible": "1"
    },
    {
        "ASIN": "B07HRM2XSW",
        "title": "5 Pack Exfoliang Face and Body Wash Bath Scrub Soft Weave Bath Towel Massage Cloth for Women and Man, Two Sides",
        "price": "$9.99 ($2.00 / Count)",
        "listPrice": "$10.52 ($2.10 / Count)",
        "imageUrl": "https://m.media-amazon.com/images/I/41nZYAdwcmL._SL160_.jpg",
        "detailPageURL": "https://www.amazon.com/dp/B07HRM2XSW",
        "rating": "4.4",
        "totalReviews": "8629",
        "subtitle": "Tatuo",
        "isPrimeEligible": "1"
    },
    {
        "ASIN": "B076DSRB6B",
        "title": "Himalayan Salt Scrub Face Foot & Body Exfoliator Infused with Collagen and Stem Cell Natural Exfoliating Salt Body Scrub for Toning Skin Cellulite Skin Care Body Exfoliant by M3 Naturals",
        "price": "$19.72 ($1.64 / Ounce)",
        "listPrice": "$34.81 ($2.90 / Ounce)",
        "imageUrl": "https://m.media-amazon.com/images/I/51yR4rNBCcL._SL160_.jpg",
        "detailPageURL": "https://www.amazon.com/dp/B076DSRB6B",
        "rating": "4.4",
        "totalReviews": "25041",
        "subtitle": "M3 Naturals",
        "isPrimeEligible": "1"
    },
    {
        "ASIN": "B09B2P75Y1",
        "title": "Avilana\u00ae Silicone Body Scrubber with Advanced Hygiene Technology, Gentle Exfoliating Body Scrubber That's Easy to Clean, Lathers Well, Longer Lasting, The Ultimate Loofah Replacement(S3, Black)",
        "price": "$14.99 ($14.99 / Count)",
        "listPrice": "",
        "imageUrl": "https://m.media-amazon.com/images/I/513pEiSvJgL._SL160_.jpg",
        "detailPageURL": "https://www.amazon.com/dp/B09B2P75Y1",
        "rating": "4.5",
        "totalReviews": "32441",
        "subtitle": "Avilana",
        "isPrimeEligible": "1"
    },
    {
        "ASIN": "B006E5A3PW",
        "title": "ORG Body Scrub Deep Gel Exfoliator for Glowing and Smooth Skin - Korean Exfoliating Peel Skincare - Natural Cruelty Free Formulation for Sensitive Skin 6oz",
        "price": "$35.50 ($5.92 / Fl Oz)",
        "listPrice": "$38.00 ($6.33 / Fl Oz)",
        "imageUrl": "https://m.media-amazon.com/images/I/315oWvqpdrL._SL160_.jpg",
        "detailPageURL": "https://www.amazon.com/dp/B006E5A3PW",
        "rating": "4.4",
        "totalReviews": "1789",
        "subtitle": "O.R.G. Skincare",
        "isPrimeEligible": "1"
    },
    {
        "ASIN": "B072J77FVC",
        "title": "Charcoal Exfoliating Face & Body Scrub Polish with Collagen & Stem Cell Gentle Body Exfoliator Bump Eraser Best Shower Scrub Skin Exfoliant Moisturize Skin Exfoliate Absorbs Nutrients by M3 Naturals",
        "price": "$19.91 ($1.66 / Fl Oz)",
        "listPrice": "$34.80 ($2.90 / Fl Oz)",
        "imageUrl": "https://m.media-amazon.com/images/I/61csmARDxLL._SL160_.jpg",
        "detailPageURL": "https://www.amazon.com/dp/B072J77FVC",
        "rating": "4.4",
        "totalReviews": "14381",
        "subtitle": "M3 Naturals",
        "isPrimeEligible": "1"
    },
    {
        "ASIN": "B001ABLKK2",
        "title": "Toyo - Cure Aqua Gel - Facial/Full-body Peeling Gel, Water-based Exfoliator, Dead Skin Remover for Bright, Youthful Skin, 8.5 oz.",
        "price": "$25.90 ($3.06 / Fl Oz)",
        "listPrice": "$36.90 ($4.37 / Fl Oz)",
        "imageUrl": "https://m.media-amazon.com/images/I/21OFxeM2-oL._SL160_.jpg",
        "detailPageURL": "https://www.amazon.com/dp/B001ABLKK2",
        "rating": "4.5",
        "totalReviews": "7731",
        "subtitle": "NATURAL AQUA GEL CURE",
        "isPrimeEligible": "1"
    },
    {
        "ASIN": "B016RFJDL8",
        "title": "EcoTools Dry Body Brush, For Post Shower & Bath Skincare Routine, Removes Dirt & Promotes Blood Circulation, Helps Reduce Appearance of Cellulite, Eco-Friendly, Vegan & Cruelty-Free, 1 Count",
        "price": "$4.99",
        "listPrice": "$5.99",
        "imageUrl": "https://m.media-amazon.com/images/I/41hAdsRE29L._SL160_.jpg",
        "detailPageURL": "https://www.amazon.com/dp/B016RFJDL8",
        "rating": "4.6",
        "totalReviews": "8387",
        "subtitle": "EcoTools",
        "isPrimeEligible": "1"
    },
    {
        "ASIN": "B098RBCQ4Z",
        "title": "CeraVe Skin Renewing Nightly Exfoliating Treatment | Anti Aging Face Serum with Glycolic Acid, Lactic Acid, and Ceramides| Dark Spot Corrector for Face | 1.7 Oz",
        "price": "$18.99 ($11.17 / Ounce)",
        "listPrice": "$29.99 ($17.64 / Ounce)",
        "imageUrl": "https://m.media-amazon.com/images/I/41TCI0SawcS._SL160_.jpg",
        "detailPageURL": "https://www.amazon.com/dp/B098RBCQ4Z",
        "rating": "4.6",
        "totalReviews": "4804",
        "subtitle": "CeraVe",
        "isPrimeEligible": "0"
    },
    {
        "ASIN": "B0000CCW1N",
        "title": "DERMA E Microdermabrasion Scrub with Dead Sea Salt & Citrus Essential Oils \u2013 Facial Exfoliating Scrub Smooths, Revitalizes and Renews \u2013 Ideal for Scars and Wrinkles, 2oz",
        "price": "$18.79 ($9.40 / Ounce)",
        "listPrice": "$32.50 ($16.25 / Ounce)",
        "imageUrl": "https://m.media-amazon.com/images/I/41TrLxMvOFL._SL160_.jpg",
        "detailPageURL": "https://www.amazon.com/dp/B0000CCW1N",
        "rating": "4.7",
        "totalReviews": "2623",
        "subtitle": "DERMA-E",
        "isPrimeEligible": "1"
    },
    {
        "ASIN": "B07HRM2XSW",
        "title": "5 Pack Exfoliang Face and Body Wash Bath Scrub Soft Weave Bath Towel Massage Cloth for Women and Man, Two Sides",
        "price": "$9.99 ($2.00 / Count)",
        "listPrice": "$10.52 ($2.10 / Count)",
        "imageUrl": "https://m.media-amazon.com/images/I/41nZYAdwcmL._SL160_.jpg",
        "detailPageURL": "https://www.amazon.com/dp/B07HRM2XSW",
        "rating": "4.4",
        "totalReviews": "8629",
        "subtitle": "Tatuo",
        "isPrimeEligible": "1"
    },
    {
        "ASIN": "B076DSRB6B",
        "title": "Himalayan Salt Scrub Face Foot & Body Exfoliator Infused with Collagen and Stem Cell Natural Exfoliating Salt Body Scrub for Toning Skin Cellulite Skin Care Body Exfoliant by M3 Naturals",
        "price": "$19.72 ($1.64 / Ounce)",
        "listPrice": "$34.81 ($2.90 / Ounce)",
        "imageUrl": "https://m.media-amazon.com/images/I/51yR4rNBCcL._SL160_.jpg",
        "detailPageURL": "https://www.amazon.com/dp/B076DSRB6B",
        "rating": "4.4",
        "totalReviews": "25041",
        "subtitle": "M3 Naturals",
        "isPrimeEligible": "1"
    },
    {
        "ASIN": "B09B2P75Y1",
        "title": "Avilana\u00ae Silicone Body Scrubber with Advanced Hygiene Technology, Gentle Exfoliating Body Scrubber That's Easy to Clean, Lathers Well, Longer Lasting, The Ultimate Loofah Replacement(S3, Black)",
        "price": "$14.99 ($14.99 / Count)",
        "listPrice": "",
        "imageUrl": "https://m.media-amazon.com/images/I/513pEiSvJgL._SL160_.jpg",
        "detailPageURL": "https://www.amazon.com/dp/B09B2P75Y1",
        "rating": "4.5",
        "totalReviews": "32441",
        "subtitle": "Avilana",
        "isPrimeEligible": "1"
    },
    {
        "ASIN": "B006E5A3PW",
        "title": "ORG Body Scrub Deep Gel Exfoliator for Glowing and Smooth Skin - Korean Exfoliating Peel Skincare - Natural Cruelty Free Formulation for Sensitive Skin 6oz",
        "price": "$35.50 ($5.92 / Fl Oz)",
        "listPrice": "$38.00 ($6.33 / Fl Oz)",
        "imageUrl": "https://m.media-amazon.com/images/I/315oWvqpdrL._SL160_.jpg",
        "detailPageURL": "https://www.amazon.com/dp/B006E5A3PW",
        "rating": "4.4",
        "totalReviews": "1789",
        "subtitle": "O.R.G. Skincare",
        "isPrimeEligible": "1"
    },
    {
        "ASIN": "B072J77FVC",
        "title": "Charcoal Exfoliating Face & Body Scrub Polish with Collagen & Stem Cell Gentle Body Exfoliator Bump Eraser Best Shower Scrub Skin Exfoliant Moisturize Skin Exfoliate Absorbs Nutrients by M3 Naturals",
        "price": "$19.91 ($1.66 / Fl Oz)",
        "listPrice": "$34.80 ($2.90 / Fl Oz)",
        "imageUrl": "https://m.media-amazon.com/images/I/61csmARDxLL._SL160_.jpg",
        "detailPageURL": "https://www.amazon.com/dp/B072J77FVC",
        "rating": "4.4",
        "totalReviews": "14381",
        "subtitle": "M3 Naturals",
        "isPrimeEligible": "1"
    },
    {
        "ASIN": "B001ABLKK2",
        "title": "Toyo - Cure Aqua Gel - Facial/Full-body Peeling Gel, Water-based Exfoliator, Dead Skin Remover for Bright, Youthful Skin, 8.5 oz.",
        "price": "$25.90 ($3.06 / Fl Oz)",
        "listPrice": "$36.90 ($4.37 / Fl Oz)",
        "imageUrl": "https://m.media-amazon.com/images/I/21OFxeM2-oL._SL160_.jpg",
        "detailPageURL": "https://www.amazon.com/dp/B001ABLKK2",
        "rating": "4.5",
        "totalReviews": "7731",
        "subtitle": "NATURAL AQUA GEL CURE",
        "isPrimeEligible": "1"
    },
    {
        "ASIN": "B016RFJDL8",
        "title": "EcoTools Dry Body Brush, For Post Shower & Bath Skincare Routine, Removes Dirt & Promotes Blood Circulation, Helps Reduce Appearance of Cellulite, Eco-Friendly, Vegan & Cruelty-Free, 1 Count",
        "price": "$4.99",
        "listPrice": "$5.99",
        "imageUrl": "https://m.media-amazon.com/images/I/41hAdsRE29L._SL160_.jpg",
        "detailPageURL": "https://www.amazon.com/dp/B016RFJDL8",
        "rating": "4.6",
        "totalReviews": "8387",
        "subtitle": "EcoTools",
        "isPrimeEligible": "1"
    },
    {
        "ASIN": "B07G8PDKY2",
        "title": "Brooklyn Botany Himalayan Salt Body Scrub - Moisturizing and Exfoliating Body, Face, Hand, Foot Scrub - Fights Stretch Marks, Fine Lines, Wrinkles - Great Gifts for Women & Men - 10 oz",
        "price": "$9.98 ($0.91 / Ounce)",
        "listPrice": "$21.99 ($2.00 / Ounce)",
        "imageUrl": "https://m.media-amazon.com/images/I/51+M4MAvsnL._SL160_.jpg",
        "detailPageURL": "https://www.amazon.com/dp/B07G8PDKY2",
        "rating": "4.2",
        "totalReviews": "4029",
        "subtitle": "Brooklyn Botany",
        "isPrimeEligible": "1"
    },
    {
        "ASIN": "B0000CCW1N",
        "title": "DERMA E Microdermabrasion Scrub with Dead Sea Salt & Citrus Essential Oils \u2013 Facial Exfoliating Scrub Smooths, Revitalizes and Renews \u2013 Ideal for Scars and Wrinkles, 2oz",
        "price": "$18.79 ($9.40 / Ounce)",
        "listPrice": "$32.50 ($16.25 / Ounce)",
        "imageUrl": "https://m.media-amazon.com/images/I/41TrLxMvOFL._SL160_.jpg",
        "detailPageURL": "https://www.amazon.com/dp/B0000CCW1N",
        "rating": "4.7",
        "totalReviews": "2623",
        "subtitle": "DERMA-E",
        "isPrimeEligible": "1"
    },
    {
        "ASIN": "B07HRM2XSW",
        "title": "5 Pack Exfoliang Face and Body Wash Bath Scrub Soft Weave Bath Towel Massage Cloth for Women and Man, Two Sides",
        "price": "$9.99 ($2.00 / Count)",
        "listPrice": "$10.52 ($2.10 / Count)",
        "imageUrl": "https://m.media-amazon.com/images/I/41nZYAdwcmL._SL160_.jpg",
        "detailPageURL": "https://www.amazon.com/dp/B07HRM2XSW",
        "rating": "4.4",
        "totalReviews": "8629",
        "subtitle": "Tatuo",
        "isPrimeEligible": "1"
    },
    {
        "ASIN": "B076DSRB6B",
        "title": "Himalayan Salt Scrub Face Foot & Body Exfoliator Infused with Collagen and Stem Cell Natural Exfoliating Salt Body Scrub for Toning Skin Cellulite Skin Care Body Exfoliant by M3 Naturals",
        "price": "$19.72 ($1.64 / Ounce)",
        "listPrice": "$34.81 ($2.90 / Ounce)",
        "imageUrl": "https://m.media-amazon.com/images/I/51yR4rNBCcL._SL160_.jpg",
        "detailPageURL": "https://www.amazon.com/dp/B076DSRB6B",
        "rating": "4.4",
        "totalReviews": "25041",
        "subtitle": "M3 Naturals",
        "isPrimeEligible": "1"
    },
    {
        "ASIN": "B09B2P75Y1",
        "title": "Avilana\u00ae Silicone Body Scrubber with Advanced Hygiene Technology, Gentle Exfoliating Body Scrubber That's Easy to Clean, Lathers Well, Longer Lasting, The Ultimate Loofah Replacement(S3, Black)",
        "price": "$14.99 ($14.99 / Count)",
        "listPrice": "",
        "imageUrl": "https://m.media-amazon.com/images/I/513pEiSvJgL._SL160_.jpg",
        "detailPageURL": "https://www.amazon.com/dp/B09B2P75Y1",
        "rating": "4.5",
        "totalReviews": "32441",
        "subtitle": "Avilana",
        "isPrimeEligible": "1"
    },
    {
        "ASIN": "B006E5A3PW",
        "title": "ORG Body Scrub Deep Gel Exfoliator for Glowing and Smooth Skin - Korean Exfoliating Peel Skincare - Natural Cruelty Free Formulation for Sensitive Skin 6oz",
        "price": "$35.50 ($5.92 / Fl Oz)",
        "listPrice": "$38.00 ($6.33 / Fl Oz)",
        "imageUrl": "https://m.media-amazon.com/images/I/315oWvqpdrL._SL160_.jpg",
        "detailPageURL": "https://www.amazon.com/dp/B006E5A3PW",
        "rating": "4.4",
        "totalReviews": "1789",
        "subtitle": "O.R.G. Skincare",
        "isPrimeEligible": "1"
    },
    {
        "ASIN": "B072J77FVC",
        "title": "Charcoal Exfoliating Face & Body Scrub Polish with Collagen & Stem Cell Gentle Body Exfoliator Bump Eraser Best Shower Scrub Skin Exfoliant Moisturize Skin Exfoliate Absorbs Nutrients by M3 Naturals",
        "price": "$19.91 ($1.66 / Fl Oz)",
        "listPrice": "$34.80 ($2.90 / Fl Oz)",
        "imageUrl": "https://m.media-amazon.com/images/I/61csmARDxLL._SL160_.jpg",
        "detailPageURL": "https://www.amazon.com/dp/B072J77FVC",
        "rating": "4.4",
        "totalReviews": "14381",
        "subtitle": "M3 Naturals",
        "isPrimeEligible": "1"
    },
    {
        "ASIN": "B001ABLKK2",
        "title": "Toyo - Cure Aqua Gel - Facial/Full-body Peeling Gel, Water-based Exfoliator, Dead Skin Remover for Bright, Youthful Skin, 8.5 oz.",
        "price": "$25.90 ($3.06 / Fl Oz)",
        "listPrice": "$36.90 ($4.37 / Fl Oz)",
        "imageUrl": "https://m.media-amazon.com/images/I/21OFxeM2-oL._SL160_.jpg",
        "detailPageURL": "https://www.amazon.com/dp/B001ABLKK2",
        "rating": "4.5",
        "totalReviews": "7731",
        "subtitle": "NATURAL AQUA GEL CURE",
        "isPrimeEligible": "1"
    },
    {
        "ASIN": "B016RFJDL8",
        "title": "EcoTools Dry Body Brush, For Post Shower & Bath Skincare Routine, Removes Dirt & Promotes Blood Circulation, Helps Reduce Appearance of Cellulite, Eco-Friendly, Vegan & Cruelty-Free, 1 Count",
        "price": "$4.99",
        "listPrice": "$5.99",
        "imageUrl": "https://m.media-amazon.com/images/I/41hAdsRE29L._SL160_.jpg",
        "detailPageURL": "https://www.amazon.com/dp/B016RFJDL8",
        "rating": "4.6",
        "totalReviews": "8387",
        "subtitle": "EcoTools",
        "isPrimeEligible": "1"
    },
    {
        "ASIN": "B07G8PDKY2",
        "title": "Brooklyn Botany Himalayan Salt Body Scrub - Moisturizing and Exfoliating Body, Face, Hand, Foot Scrub - Fights Stretch Marks, Fine Lines, Wrinkles - Great Gifts for Women & Men - 10 oz",
        "price": "$9.98 ($0.91 / Ounce)",
        "listPrice": "$21.99 ($2.00 / Ounce)",
        "imageUrl": "https://m.media-amazon.com/images/I/51+M4MAvsnL._SL160_.jpg",
        "detailPageURL": "https://www.amazon.com/dp/B07G8PDKY2",
        "rating": "4.2",
        "totalReviews": "4029",
        "subtitle": "Brooklyn Botany",
        "isPrimeEligible": "1"
    },
    {
        "ASIN": "B08CYF3W8Z",
        "title": "Tiege Hanley Exfoliating Scrub for Men (SCRUB) | Facial Exfoliant that Clears Pores and Removes Dead Skin Cells | Refreshing and Cooling | Reduces Inflammation | Helps Renew, Soothe & Repair | Exfoliate & Use Twice Weekly | For Dry or Sensitive Skin | Unscented | 2 Ounces",
        "price": "$13.99 ($13.99 / Count)",
        "listPrice": "",
        "imageUrl": "https://m.media-amazon.com/images/I/31YTAOFzGoL._SL160_.jpg",
        "detailPageURL": "https://www.amazon.com/dp/B08CYF3W8Z",
        "rating": "4.6",
        "totalReviews": "374",
        "subtitle": "Tiege Hanley",
        "isPrimeEligible": "1"
    },
    {
        "ASIN": "B07HRM2XSW",
        "title": "5 Pack Exfoliang Face and Body Wash Bath Scrub Soft Weave Bath Towel Massage Cloth for Women and Man, Two Sides",
        "price": "$9.99 ($2.00 / Count)",
        "listPrice": "$10.52 ($2.10 / Count)",
        "imageUrl": "https://m.media-amazon.com/images/I/41nZYAdwcmL._SL160_.jpg",
        "detailPageURL": "https://www.amazon.com/dp/B07HRM2XSW",
        "rating": "4.4",
        "totalReviews": "8629",
        "subtitle": "Tatuo",
        "isPrimeEligible": "1"
    },
    {
        "ASIN": "B076DSRB6B",
        "title": "Himalayan Salt Scrub Face Foot & Body Exfoliator Infused with Collagen and Stem Cell Natural Exfoliating Salt Body Scrub for Toning Skin Cellulite Skin Care Body Exfoliant by M3 Naturals",
        "price": "$19.72 ($1.64 / Ounce)",
        "listPrice": "$34.81 ($2.90 / Ounce)",
        "imageUrl": "https://m.media-amazon.com/images/I/51yR4rNBCcL._SL160_.jpg",
        "detailPageURL": "https://www.amazon.com/dp/B076DSRB6B",
        "rating": "4.4",
        "totalReviews": "25041",
        "subtitle": "M3 Naturals",
        "isPrimeEligible": "1"
    },
    {
        "ASIN": "B09B2P75Y1",
        "title": "Avilana\u00ae Silicone Body Scrubber with Advanced Hygiene Technology, Gentle Exfoliating Body Scrubber That's Easy to Clean, Lathers Well, Longer Lasting, The Ultimate Loofah Replacement(S3, Black)",
        "price": "$14.99 ($14.99 / Count)",
        "listPrice": "",
        "imageUrl": "https://m.media-amazon.com/images/I/513pEiSvJgL._SL160_.jpg",
        "detailPageURL": "https://www.amazon.com/dp/B09B2P75Y1",
        "rating": "4.5",
        "totalReviews": "32441",
        "subtitle": "Avilana",
        "isPrimeEligible": "1"
    },
    {
        "ASIN": "B006E5A3PW",
        "title": "ORG Body Scrub Deep Gel Exfoliator for Glowing and Smooth Skin - Korean Exfoliating Peel Skincare - Natural Cruelty Free Formulation for Sensitive Skin 6oz",
        "price": "$35.50 ($5.92 / Fl Oz)",
        "listPrice": "$38.00 ($6.33 / Fl Oz)",
        "imageUrl": "https://m.media-amazon.com/images/I/315oWvqpdrL._SL160_.jpg",
        "detailPageURL": "https://www.amazon.com/dp/B006E5A3PW",
        "rating": "4.4",
        "totalReviews": "1789",
        "subtitle": "O.R.G. Skincare",
        "isPrimeEligible": "1"
    },
    {
        "ASIN": "B072J77FVC",
        "title": "Charcoal Exfoliating Face & Body Scrub Polish with Collagen & Stem Cell Gentle Body Exfoliator Bump Eraser Best Shower Scrub Skin Exfoliant Moisturize Skin Exfoliate Absorbs Nutrients by M3 Naturals",
        "price": "$19.91 ($1.66 / Fl Oz)",
        "listPrice": "$34.80 ($2.90 / Fl Oz)",
        "imageUrl": "https://m.media-amazon.com/images/I/61csmARDxLL._SL160_.jpg",
        "detailPageURL": "https://www.amazon.com/dp/B072J77FVC",
        "rating": "4.4",
        "totalReviews": "14381",
        "subtitle": "M3 Naturals",
        "isPrimeEligible": "1"
    },
    {
        "ASIN": "B001ABLKK2",
        "title": "Toyo - Cure Aqua Gel - Facial/Full-body Peeling Gel, Water-based Exfoliator, Dead Skin Remover for Bright, Youthful Skin, 8.5 oz.",
        "price": "$25.90 ($3.06 / Fl Oz)",
        "listPrice": "$36.90 ($4.37 / Fl Oz)",
        "imageUrl": "https://m.media-amazon.com/images/I/21OFxeM2-oL._SL160_.jpg",
        "detailPageURL": "https://www.amazon.com/dp/B001ABLKK2",
        "rating": "4.5",
        "totalReviews": "7731",
        "subtitle": "NATURAL AQUA GEL CURE",
        "isPrimeEligible": "1"
    },
    {
        "ASIN": "B016RFJDL8",
        "title": "EcoTools Dry Body Brush, For Post Shower & Bath Skincare Routine, Removes Dirt & Promotes Blood Circulation, Helps Reduce Appearance of Cellulite, Eco-Friendly, Vegan & Cruelty-Free, 1 Count",
        "price": "$4.99",
        "listPrice": "$5.99",
        "imageUrl": "https://m.media-amazon.com/images/I/41hAdsRE29L._SL160_.jpg",
        "detailPageURL": "https://www.amazon.com/dp/B016RFJDL8",
        "rating": "4.6",
        "totalReviews": "8387",
        "subtitle": "EcoTools",
        "isPrimeEligible": "1"
    },
    {
        "ASIN": "B07G8PDKY2",
        "title": "Brooklyn Botany Himalayan Salt Body Scrub - Moisturizing and Exfoliating Body, Face, Hand, Foot Scrub - Fights Stretch Marks, Fine Lines, Wrinkles - Great Gifts for Women & Men - 10 oz",
        "price": "$9.98 ($0.91 / Ounce)",
        "listPrice": "$21.99 ($2.00 / Ounce)",
        "imageUrl": "https://m.media-amazon.com/images/I/51+M4MAvsnL._SL160_.jpg",
        "detailPageURL": "https://www.amazon.com/dp/B07G8PDKY2",
        "rating": "4.2",
        "totalReviews": "4029",
        "subtitle": "Brooklyn Botany",
        "isPrimeEligible": "1"
    },
    {
        "ASIN": "B08CYF3W8Z",
        "title": "Tiege Hanley Exfoliating Scrub for Men (SCRUB) | Facial Exfoliant that Clears Pores and Removes Dead Skin Cells | Refreshing and Cooling | Reduces Inflammation | Helps Renew, Soothe & Repair | Exfoliate & Use Twice Weekly | For Dry or Sensitive Skin | Unscented | 2 Ounces",
        "price": "$13.99 ($13.99 / Count)",
        "listPrice": "",
        "imageUrl": "https://m.media-amazon.com/images/I/31YTAOFzGoL._SL160_.jpg",
        "detailPageURL": "https://www.amazon.com/dp/B08CYF3W8Z",
        "rating": "4.6",
        "totalReviews": "374",
        "subtitle": "Tiege Hanley",
        "isPrimeEligible": "1"
    },
    {
        "ASIN": "B08TM4QBDT",
        "title": "Himalayan Salt Body Scrub with Collagen and Stem Cells - Natural Exfoliating Salt Scrub & Body and Face Souffle helps with Moisturizing Skin, Acne, Cellulite, Dead Skin Scars, Wrinkles (11 oz)",
        "price": "$13.89 ($1.26 / Ounce)",
        "listPrice": "$24.95 ($2.27 / Ounce)",
        "imageUrl": "https://m.media-amazon.com/images/I/51ToKkQ3fMS._SL160_.jpg",
        "detailPageURL": "https://www.amazon.com/dp/B08TM4QBDT",
        "rating": "4.3",
        "totalReviews": "6825",
        "subtitle": "First Botany",
        "isPrimeEligible": "1"
    },
    {
        "ASIN": "B076DSRB6B",
        "title": "Himalayan Salt Scrub Face Foot & Body Exfoliator Infused with Collagen and Stem Cell Natural Exfoliating Salt Body Scrub for Toning Skin Cellulite Skin Care Body Exfoliant by M3 Naturals",
        "price": "$19.72 ($1.64 / Ounce)",
        "listPrice": "$34.81 ($2.90 / Ounce)",
        "imageUrl": "https://m.media-amazon.com/images/I/51yR4rNBCcL._SL160_.jpg",
        "detailPageURL": "https://www.amazon.com/dp/B076DSRB6B",
        "rating": "4.4",
        "totalReviews": "25041",
        "subtitle": "M3 Naturals",
        "isPrimeEligible": "1"
    },
    {
        "ASIN": "B09B2P75Y1",
        "title": "Avilana\u00ae Silicone Body Scrubber with Advanced Hygiene Technology, Gentle Exfoliating Body Scrubber That's Easy to Clean, Lathers Well, Longer Lasting, The Ultimate Loofah Replacement(S3, Black)",
        "price": "$14.99 ($14.99 / Count)",
        "listPrice": "",
        "imageUrl": "https://m.media-amazon.com/images/I/513pEiSvJgL._SL160_.jpg",
        "detailPageURL": "https://www.amazon.com/dp/B09B2P75Y1",
        "rating": "4.5",
        "totalReviews": "32441",
        "subtitle": "Avilana",
        "isPrimeEligible": "1"
    },
    {
        "ASIN": "B006E5A3PW",
        "title": "ORG Body Scrub Deep Gel Exfoliator for Glowing and Smooth Skin - Korean Exfoliating Peel Skincare - Natural Cruelty Free Formulation for Sensitive Skin 6oz",
        "price": "$35.50 ($5.92 / Fl Oz)",
        "listPrice": "$38.00 ($6.33 / Fl Oz)",
        "imageUrl": "https://m.media-amazon.com/images/I/315oWvqpdrL._SL160_.jpg",
        "detailPageURL": "https://www.amazon.com/dp/B006E5A3PW",
        "rating": "4.4",
        "totalReviews": "1789",
        "subtitle": "O.R.G. Skincare",
        "isPrimeEligible": "1"
    },
    {
        "ASIN": "B072J77FVC",
        "title": "Charcoal Exfoliating Face & Body Scrub Polish with Collagen & Stem Cell Gentle Body Exfoliator Bump Eraser Best Shower Scrub Skin Exfoliant Moisturize Skin Exfoliate Absorbs Nutrients by M3 Naturals",
        "price": "$19.91 ($1.66 / Fl Oz)",
        "listPrice": "$34.80 ($2.90 / Fl Oz)",
        "imageUrl": "https://m.media-amazon.com/images/I/61csmARDxLL._SL160_.jpg",
        "detailPageURL": "https://www.amazon.com/dp/B072J77FVC",
        "rating": "4.4",
        "totalReviews": "14381",
        "subtitle": "M3 Naturals",
        "isPrimeEligible": "1"
    },
    {
        "ASIN": "B001ABLKK2",
        "title": "Toyo - Cure Aqua Gel - Facial/Full-body Peeling Gel, Water-based Exfoliator, Dead Skin Remover for Bright, Youthful Skin, 8.5 oz.",
        "price": "$25.90 ($3.06 / Fl Oz)",
        "listPrice": "$36.90 ($4.37 / Fl Oz)",
        "imageUrl": "https://m.media-amazon.com/images/I/21OFxeM2-oL._SL160_.jpg",
        "detailPageURL": "https://www.amazon.com/dp/B001ABLKK2",
        "rating": "4.5",
        "totalReviews": "7731",
        "subtitle": "NATURAL AQUA GEL CURE",
        "isPrimeEligible": "1"
    },
    {
        "ASIN": "B016RFJDL8",
        "title": "EcoTools Dry Body Brush, For Post Shower & Bath Skincare Routine, Removes Dirt & Promotes Blood Circulation, Helps Reduce Appearance of Cellulite, Eco-Friendly, Vegan & Cruelty-Free, 1 Count",
        "price": "$4.99",
        "listPrice": "$5.99",
        "imageUrl": "https://m.media-amazon.com/images/I/41hAdsRE29L._SL160_.jpg",
        "detailPageURL": "https://www.amazon.com/dp/B016RFJDL8",
        "rating": "4.6",
        "totalReviews": "8387",
        "subtitle": "EcoTools",
        "isPrimeEligible": "1"
    },
    {
        "ASIN": "B07G8PDKY2",
        "title": "Brooklyn Botany Himalayan Salt Body Scrub - Moisturizing and Exfoliating Body, Face, Hand, Foot Scrub - Fights Stretch Marks, Fine Lines, Wrinkles - Great Gifts for Women & Men - 10 oz",
        "price": "$9.98 ($0.91 / Ounce)",
        "listPrice": "$21.99 ($2.00 / Ounce)",
        "imageUrl": "https://m.media-amazon.com/images/I/51+M4MAvsnL._SL160_.jpg",
        "detailPageURL": "https://www.amazon.com/dp/B07G8PDKY2",
        "rating": "4.2",
        "totalReviews": "4029",
        "subtitle": "Brooklyn Botany",
        "isPrimeEligible": "1"
    },
    {
        "ASIN": "B08CYF3W8Z",
        "title": "Tiege Hanley Exfoliating Scrub for Men (SCRUB) | Facial Exfoliant that Clears Pores and Removes Dead Skin Cells | Refreshing and Cooling | Reduces Inflammation | Helps Renew, Soothe & Repair | Exfoliate & Use Twice Weekly | For Dry or Sensitive Skin | Unscented | 2 Ounces",
        "price": "$13.99 ($13.99 / Count)",
        "listPrice": "",
        "imageUrl": "https://m.media-amazon.com/images/I/31YTAOFzGoL._SL160_.jpg",
        "detailPageURL": "https://www.amazon.com/dp/B08CYF3W8Z",
        "rating": "4.6",
        "totalReviews": "374",
        "subtitle": "Tiege Hanley",
        "isPrimeEligible": "1"
    },
    {
        "ASIN": "B08TM4QBDT",
        "title": "Himalayan Salt Body Scrub with Collagen and Stem Cells - Natural Exfoliating Salt Scrub & Body and Face Souffle helps with Moisturizing Skin, Acne, Cellulite, Dead Skin Scars, Wrinkles (11 oz)",
        "price": "$13.89 ($1.26 / Ounce)",
        "listPrice": "$24.95 ($2.27 / Ounce)",
        "imageUrl": "https://m.media-amazon.com/images/I/51ToKkQ3fMS._SL160_.jpg",
        "detailPageURL": "https://www.amazon.com/dp/B08TM4QBDT",
        "rating": "4.3",
        "totalReviews": "6825",
        "subtitle": "First Botany",
        "isPrimeEligible": "1"
    },
    {
        "ASIN": "B002WDKJZO",
        "title": "La Roche-Posay Ultra-Fine Scrub for Sensitive Skin, Gentle Exfoliating Face Wash with Ultra-Fine Pumice Particles to Remove Dead Skin",
        "price": "$19.99 ($11.83 / Fl Oz)",
        "listPrice": "",
        "imageUrl": "https://m.media-amazon.com/images/I/418J5HNB0tL._SL160_.jpg",
        "detailPageURL": "https://www.amazon.com/dp/B002WDKJZO",
        "rating": "4.4",
        "totalReviews": "3045",
        "subtitle": "",
        "isPrimeEligible": "1"
    },
    {
        "ASIN": "B09B2P75Y1",
        "title": "Avilana\u00ae Silicone Body Scrubber with Advanced Hygiene Technology, Gentle Exfoliating Body Scrubber That's Easy to Clean, Lathers Well, Longer Lasting, The Ultimate Loofah Replacement(S3, Black)",
        "price": "$14.99 ($14.99 / Count)",
        "listPrice": "",
        "imageUrl": "https://m.media-amazon.com/images/I/513pEiSvJgL._SL160_.jpg",
        "detailPageURL": "https://www.amazon.com/dp/B09B2P75Y1",
        "rating": "4.5",
        "totalReviews": "32441",
        "subtitle": "Avilana",
        "isPrimeEligible": "1"
    },
    {
        "ASIN": "B006E5A3PW",
        "title": "ORG Body Scrub Deep Gel Exfoliator for Glowing and Smooth Skin - Korean Exfoliating Peel Skincare - Natural Cruelty Free Formulation for Sensitive Skin 6oz",
        "price": "$35.50 ($5.92 / Fl Oz)",
        "listPrice": "$38.00 ($6.33 / Fl Oz)",
        "imageUrl": "https://m.media-amazon.com/images/I/315oWvqpdrL._SL160_.jpg",
        "detailPageURL": "https://www.amazon.com/dp/B006E5A3PW",
        "rating": "4.4",
        "totalReviews": "1789",
        "subtitle": "O.R.G. Skincare",
        "isPrimeEligible": "1"
    },
    {
        "ASIN": "B072J77FVC",
        "title": "Charcoal Exfoliating Face & Body Scrub Polish with Collagen & Stem Cell Gentle Body Exfoliator Bump Eraser Best Shower Scrub Skin Exfoliant Moisturize Skin Exfoliate Absorbs Nutrients by M3 Naturals",
        "price": "$19.91 ($1.66 / Fl Oz)",
        "listPrice": "$34.80 ($2.90 / Fl Oz)",
        "imageUrl": "https://m.media-amazon.com/images/I/61csmARDxLL._SL160_.jpg",
        "detailPageURL": "https://www.amazon.com/dp/B072J77FVC",
        "rating": "4.4",
        "totalReviews": "14381",
        "subtitle": "M3 Naturals",
        "isPrimeEligible": "1"
    },
    {
        "ASIN": "B001ABLKK2",
        "title": "Toyo - Cure Aqua Gel - Facial/Full-body Peeling Gel, Water-based Exfoliator, Dead Skin Remover for Bright, Youthful Skin, 8.5 oz.",
        "price": "$25.90 ($3.06 / Fl Oz)",
        "listPrice": "$36.90 ($4.37 / Fl Oz)",
        "imageUrl": "https://m.media-amazon.com/images/I/21OFxeM2-oL._SL160_.jpg",
        "detailPageURL": "https://www.amazon.com/dp/B001ABLKK2",
        "rating": "4.5",
        "totalReviews": "7731",
        "subtitle": "NATURAL AQUA GEL CURE",
        "isPrimeEligible": "1"
    },
    {
        "ASIN": "B016RFJDL8",
        "title": "EcoTools Dry Body Brush, For Post Shower & Bath Skincare Routine, Removes Dirt & Promotes Blood Circulation, Helps Reduce Appearance of Cellulite, Eco-Friendly, Vegan & Cruelty-Free, 1 Count",
        "price": "$4.99",
        "listPrice": "$5.99",
        "imageUrl": "https://m.media-amazon.com/images/I/41hAdsRE29L._SL160_.jpg",
        "detailPageURL": "https://www.amazon.com/dp/B016RFJDL8",
        "rating": "4.6",
        "totalReviews": "8387",
        "subtitle": "EcoTools",
        "isPrimeEligible": "1"
    },
    {
        "ASIN": "B07G8PDKY2",
        "title": "Brooklyn Botany Himalayan Salt Body Scrub - Moisturizing and Exfoliating Body, Face, Hand, Foot Scrub - Fights Stretch Marks, Fine Lines, Wrinkles - Great Gifts for Women & Men - 10 oz",
        "price": "$9.98 ($0.91 / Ounce)",
        "listPrice": "$21.99 ($2.00 / Ounce)",
        "imageUrl": "https://m.media-amazon.com/images/I/51+M4MAvsnL._SL160_.jpg",
        "detailPageURL": "https://www.amazon.com/dp/B07G8PDKY2",
        "rating": "4.2",
        "totalReviews": "4029",
        "subtitle": "Brooklyn Botany",
        "isPrimeEligible": "1"
    },
    {
        "ASIN": "B08CYF3W8Z",
        "title": "Tiege Hanley Exfoliating Scrub for Men (SCRUB) | Facial Exfoliant that Clears Pores and Removes Dead Skin Cells | Refreshing and Cooling | Reduces Inflammation | Helps Renew, Soothe & Repair | Exfoliate & Use Twice Weekly | For Dry or Sensitive Skin | Unscented | 2 Ounces",
        "price": "$13.99 ($13.99 / Count)",
        "listPrice": "",
        "imageUrl": "https://m.media-amazon.com/images/I/31YTAOFzGoL._SL160_.jpg",
        "detailPageURL": "https://www.amazon.com/dp/B08CYF3W8Z",
        "rating": "4.6",
        "totalReviews": "374",
        "subtitle": "Tiege Hanley",
        "isPrimeEligible": "1"
    },
    {
        "ASIN": "B08TM4QBDT",
        "title": "Himalayan Salt Body Scrub with Collagen and Stem Cells - Natural Exfoliating Salt Scrub & Body and Face Souffle helps with Moisturizing Skin, Acne, Cellulite, Dead Skin Scars, Wrinkles (11 oz)",
        "price": "$13.89 ($1.26 / Ounce)",
        "listPrice": "$24.95 ($2.27 / Ounce)",
        "imageUrl": "https://m.media-amazon.com/images/I/51ToKkQ3fMS._SL160_.jpg",
        "detailPageURL": "https://www.amazon.com/dp/B08TM4QBDT",
        "rating": "4.3",
        "totalReviews": "6825",
        "subtitle": "First Botany",
        "isPrimeEligible": "1"
    },
    {
        "ASIN": "B002WDKJZO",
        "title": "La Roche-Posay Ultra-Fine Scrub for Sensitive Skin, Gentle Exfoliating Face Wash with Ultra-Fine Pumice Particles to Remove Dead Skin",
        "price": "$19.99 ($11.83 / Fl Oz)",
        "listPrice": "",
        "imageUrl": "https://m.media-amazon.com/images/I/418J5HNB0tL._SL160_.jpg",
        "detailPageURL": "https://www.amazon.com/dp/B002WDKJZO",
        "rating": "4.4",
        "totalReviews": "3045",
        "subtitle": "",
        "isPrimeEligible": "1"
    },
    {
        "ASIN": "B077TWXCQV",
        "title": "CeraVe Body Wash with Salicylic Acid | Fragrance Free Body Wash to Exfoliate Rough and Bumpy Skin | Allergy Tested | 10 Ounce",
        "price": "$13.99 ($1.40 / Count)",
        "listPrice": "",
        "imageUrl": "https://m.media-amazon.com/images/I/41wMCNllz4L._SL160_.jpg",
        "detailPageURL": "https://www.amazon.com/dp/B077TWXCQV",
        "rating": "4.6",
        "totalReviews": "29306",
        "subtitle": "CeraVe",
        "isPrimeEligible": "1"
    },
    {
        "ASIN": "B006E5A3PW",
        "title": "ORG Body Scrub Deep Gel Exfoliator for Glowing and Smooth Skin - Korean Exfoliating Peel Skincare - Natural Cruelty Free Formulation for Sensitive Skin 6oz",
        "price": "$35.50 ($5.92 / Fl Oz)",
        "listPrice": "$38.00 ($6.33 / Fl Oz)",
        "imageUrl": "https://m.media-amazon.com/images/I/315oWvqpdrL._SL160_.jpg",
        "detailPageURL": "https://www.amazon.com/dp/B006E5A3PW",
        "rating": "4.4",
        "totalReviews": "1789",
        "subtitle": "O.R.G. Skincare",
        "isPrimeEligible": "1"
    },
    {
        "ASIN": "B072J77FVC",
        "title": "Charcoal Exfoliating Face & Body Scrub Polish with Collagen & Stem Cell Gentle Body Exfoliator Bump Eraser Best Shower Scrub Skin Exfoliant Moisturize Skin Exfoliate Absorbs Nutrients by M3 Naturals",
        "price": "$19.91 ($1.66 / Fl Oz)",
        "listPrice": "$34.80 ($2.90 / Fl Oz)",
        "imageUrl": "https://m.media-amazon.com/images/I/61csmARDxLL._SL160_.jpg",
        "detailPageURL": "https://www.amazon.com/dp/B072J77FVC",
        "rating": "4.4",
        "totalReviews": "14381",
        "subtitle": "M3 Naturals",
        "isPrimeEligible": "1"
    },
    {
        "ASIN": "B001ABLKK2",
        "title": "Toyo - Cure Aqua Gel - Facial/Full-body Peeling Gel, Water-based Exfoliator, Dead Skin Remover for Bright, Youthful Skin, 8.5 oz.",
        "price": "$25.90 ($3.06 / Fl Oz)",
        "listPrice": "$36.90 ($4.37 / Fl Oz)",
        "imageUrl": "https://m.media-amazon.com/images/I/21OFxeM2-oL._SL160_.jpg",
        "detailPageURL": "https://www.amazon.com/dp/B001ABLKK2",
        "rating": "4.5",
        "totalReviews": "7731",
        "subtitle": "NATURAL AQUA GEL CURE",
        "isPrimeEligible": "1"
    },
    {
        "ASIN": "B016RFJDL8",
        "title": "EcoTools Dry Body Brush, For Post Shower & Bath Skincare Routine, Removes Dirt & Promotes Blood Circulation, Helps Reduce Appearance of Cellulite, Eco-Friendly, Vegan & Cruelty-Free, 1 Count",
        "price": "$4.99",
        "listPrice": "$5.99",
        "imageUrl": "https://m.media-amazon.com/images/I/41hAdsRE29L._SL160_.jpg",
        "detailPageURL": "https://www.amazon.com/dp/B016RFJDL8",
        "rating": "4.6",
        "totalReviews": "8387",
        "subtitle": "EcoTools",
        "isPrimeEligible": "1"
    },
    {
        "ASIN": "B07G8PDKY2",
        "title": "Brooklyn Botany Himalayan Salt Body Scrub - Moisturizing and Exfoliating Body, Face, Hand, Foot Scrub - Fights Stretch Marks, Fine Lines, Wrinkles - Great Gifts for Women & Men - 10 oz",
        "price": "$9.98 ($0.91 / Ounce)",
        "listPrice": "$21.99 ($2.00 / Ounce)",
        "imageUrl": "https://m.media-amazon.com/images/I/51+M4MAvsnL._SL160_.jpg",
        "detailPageURL": "https://www.amazon.com/dp/B07G8PDKY2",
        "rating": "4.2",
        "totalReviews": "4029",
        "subtitle": "Brooklyn Botany",
        "isPrimeEligible": "1"
    },
    {
        "ASIN": "B08CYF3W8Z",
        "title": "Tiege Hanley Exfoliating Scrub for Men (SCRUB) | Facial Exfoliant that Clears Pores and Removes Dead Skin Cells | Refreshing and Cooling | Reduces Inflammation | Helps Renew, Soothe & Repair | Exfoliate & Use Twice Weekly | For Dry or Sensitive Skin | Unscented | 2 Ounces",
        "price": "$13.99 ($13.99 / Count)",
        "listPrice": "",
        "imageUrl": "https://m.media-amazon.com/images/I/31YTAOFzGoL._SL160_.jpg",
        "detailPageURL": "https://www.amazon.com/dp/B08CYF3W8Z",
        "rating": "4.6",
        "totalReviews": "374",
        "subtitle": "Tiege Hanley",
        "isPrimeEligible": "1"
    },
    {
        "ASIN": "B08TM4QBDT",
        "title": "Himalayan Salt Body Scrub with Collagen and Stem Cells - Natural Exfoliating Salt Scrub & Body and Face Souffle helps with Moisturizing Skin, Acne, Cellulite, Dead Skin Scars, Wrinkles (11 oz)",
        "price": "$13.89 ($1.26 / Ounce)",
        "listPrice": "$24.95 ($2.27 / Ounce)",
        "imageUrl": "https://m.media-amazon.com/images/I/51ToKkQ3fMS._SL160_.jpg",
        "detailPageURL": "https://www.amazon.com/dp/B08TM4QBDT",
        "rating": "4.3",
        "totalReviews": "6825",
        "subtitle": "First Botany",
        "isPrimeEligible": "1"
    },
    {
        "ASIN": "B002WDKJZO",
        "title": "La Roche-Posay Ultra-Fine Scrub for Sensitive Skin, Gentle Exfoliating Face Wash with Ultra-Fine Pumice Particles to Remove Dead Skin",
        "price": "$19.99 ($11.83 / Fl Oz)",
        "listPrice": "",
        "imageUrl": "https://m.media-amazon.com/images/I/418J5HNB0tL._SL160_.jpg",
        "detailPageURL": "https://www.amazon.com/dp/B002WDKJZO",
        "rating": "4.4",
        "totalReviews": "3045",
        "subtitle": "",
        "isPrimeEligible": "1"
    },
    {
        "ASIN": "B077TWXCQV",
        "title": "CeraVe Body Wash with Salicylic Acid | Fragrance Free Body Wash to Exfoliate Rough and Bumpy Skin | Allergy Tested | 10 Ounce",
        "price": "$13.99 ($1.40 / Count)",
        "listPrice": "",
        "imageUrl": "https://m.media-amazon.com/images/I/41wMCNllz4L._SL160_.jpg",
        "detailPageURL": "https://www.amazon.com/dp/B077TWXCQV",
        "rating": "4.6",
        "totalReviews": "29306",
        "subtitle": "CeraVe",
        "isPrimeEligible": "1"
    },
    {
        "ASIN": "B0B28QKRLN",
        "title": "Metene 2 Pack Dry Body Brushes, Exfoliating Body Scrubbers, Natural Bristles for Dry Skin, Improve Circulation, Stop Ingrown Hairs, Reduce Acne and Cellulite",
        "price": "$9.99 ($5.00 / Count)",
        "listPrice": "$15.99 ($8.00 / Count)",
        "imageUrl": "https://m.media-amazon.com/images/I/512D+Ys5M9L._SL160_.jpg",
        "detailPageURL": "https://www.amazon.com/dp/B0B28QKRLN",
        "rating": "4.5",
        "totalReviews": "1610",
        "subtitle": "Metene",
        "isPrimeEligible": "1"
    },
    {
        "ASIN": "B072J77FVC",
        "title": "Charcoal Exfoliating Face & Body Scrub Polish with Collagen & Stem Cell Gentle Body Exfoliator Bump Eraser Best Shower Scrub Skin Exfoliant Moisturize Skin Exfoliate Absorbs Nutrients by M3 Naturals",
        "price": "$19.91 ($1.66 / Fl Oz)",
        "listPrice": "$34.80 ($2.90 / Fl Oz)",
        "imageUrl": "https://m.media-amazon.com/images/I/61csmARDxLL._SL160_.jpg",
        "detailPageURL": "https://www.amazon.com/dp/B072J77FVC",
        "rating": "4.4",
        "totalReviews": "14381",
        "subtitle": "M3 Naturals",
        "isPrimeEligible": "1"
    },
    {
        "ASIN": "B001ABLKK2",
        "title": "Toyo - Cure Aqua Gel - Facial/Full-body Peeling Gel, Water-based Exfoliator, Dead Skin Remover for Bright, Youthful Skin, 8.5 oz.",
        "price": "$25.90 ($3.06 / Fl Oz)",
        "listPrice": "$36.90 ($4.37 / Fl Oz)",
        "imageUrl": "https://m.media-amazon.com/images/I/21OFxeM2-oL._SL160_.jpg",
        "detailPageURL": "https://www.amazon.com/dp/B001ABLKK2",
        "rating": "4.5",
        "totalReviews": "7731",
        "subtitle": "NATURAL AQUA GEL CURE",
        "isPrimeEligible": "1"
    },
    {
        "ASIN": "B016RFJDL8",
        "title": "EcoTools Dry Body Brush, For Post Shower & Bath Skincare Routine, Removes Dirt & Promotes Blood Circulation, Helps Reduce Appearance of Cellulite, Eco-Friendly, Vegan & Cruelty-Free, 1 Count",
        "price": "$4.99",
        "listPrice": "$5.99",
        "imageUrl": "https://m.media-amazon.com/images/I/41hAdsRE29L._SL160_.jpg",
        "detailPageURL": "https://www.amazon.com/dp/B016RFJDL8",
        "rating": "4.6",
        "totalReviews": "8387",
        "subtitle": "EcoTools",
        "isPrimeEligible": "1"
    },
    {
        "ASIN": "B07G8PDKY2",
        "title": "Brooklyn Botany Himalayan Salt Body Scrub - Moisturizing and Exfoliating Body, Face, Hand, Foot Scrub - Fights Stretch Marks, Fine Lines, Wrinkles - Great Gifts for Women & Men - 10 oz",
        "price": "$9.98 ($0.91 / Ounce)",
        "listPrice": "$21.99 ($2.00 / Ounce)",
        "imageUrl": "https://m.media-amazon.com/images/I/51+M4MAvsnL._SL160_.jpg",
        "detailPageURL": "https://www.amazon.com/dp/B07G8PDKY2",
        "rating": "4.2",
        "totalReviews": "4029",
        "subtitle": "Brooklyn Botany",
        "isPrimeEligible": "1"
    },
    {
        "ASIN": "B08CYF3W8Z",
        "title": "Tiege Hanley Exfoliating Scrub for Men (SCRUB) | Facial Exfoliant that Clears Pores and Removes Dead Skin Cells | Refreshing and Cooling | Reduces Inflammation | Helps Renew, Soothe & Repair | Exfoliate & Use Twice Weekly | For Dry or Sensitive Skin | Unscented | 2 Ounces",
        "price": "$13.99 ($13.99 / Count)",
        "listPrice": "",
        "imageUrl": "https://m.media-amazon.com/images/I/31YTAOFzGoL._SL160_.jpg",
        "detailPageURL": "https://www.amazon.com/dp/B08CYF3W8Z",
        "rating": "4.6",
        "totalReviews": "374",
        "subtitle": "Tiege Hanley",
        "isPrimeEligible": "1"
    },
    {
        "ASIN": "B08TM4QBDT",
        "title": "Himalayan Salt Body Scrub with Collagen and Stem Cells - Natural Exfoliating Salt Scrub & Body and Face Souffle helps with Moisturizing Skin, Acne, Cellulite, Dead Skin Scars, Wrinkles (11 oz)",
        "price": "$13.89 ($1.26 / Ounce)",
        "listPrice": "$24.95 ($2.27 / Ounce)",
        "imageUrl": "https://m.media-amazon.com/images/I/51ToKkQ3fMS._SL160_.jpg",
        "detailPageURL": "https://www.amazon.com/dp/B08TM4QBDT",
        "rating": "4.3",
        "totalReviews": "6825",
        "subtitle": "First Botany",
        "isPrimeEligible": "1"
    },
    {
        "ASIN": "B002WDKJZO",
        "title": "La Roche-Posay Ultra-Fine Scrub for Sensitive Skin, Gentle Exfoliating Face Wash with Ultra-Fine Pumice Particles to Remove Dead Skin",
        "price": "$19.99 ($11.83 / Fl Oz)",
        "listPrice": "",
        "imageUrl": "https://m.media-amazon.com/images/I/418J5HNB0tL._SL160_.jpg",
        "detailPageURL": "https://www.amazon.com/dp/B002WDKJZO",
        "rating": "4.4",
        "totalReviews": "3045",
        "subtitle": "",
        "isPrimeEligible": "1"
    },
    {
        "ASIN": "B077TWXCQV",
        "title": "CeraVe Body Wash with Salicylic Acid | Fragrance Free Body Wash to Exfoliate Rough and Bumpy Skin | Allergy Tested | 10 Ounce",
        "price": "$13.99 ($1.40 / Count)",
        "listPrice": "",
        "imageUrl": "https://m.media-amazon.com/images/I/41wMCNllz4L._SL160_.jpg",
        "detailPageURL": "https://www.amazon.com/dp/B077TWXCQV",
        "rating": "4.6",
        "totalReviews": "29306",
        "subtitle": "CeraVe",
        "isPrimeEligible": "1"
    },
    {
        "ASIN": "B0B28QKRLN",
        "title": "Metene 2 Pack Dry Body Brushes, Exfoliating Body Scrubbers, Natural Bristles for Dry Skin, Improve Circulation, Stop Ingrown Hairs, Reduce Acne and Cellulite",
        "price": "$9.99 ($5.00 / Count)",
        "listPrice": "$15.99 ($8.00 / Count)",
        "imageUrl": "https://m.media-amazon.com/images/I/512D+Ys5M9L._SL160_.jpg",
        "detailPageURL": "https://www.amazon.com/dp/B0B28QKRLN",
        "rating": "4.5",
        "totalReviews": "1610",
        "subtitle": "Metene",
        "isPrimeEligible": "1"
    },
    {
        "ASIN": "B07PR467S5",
        "title": "Tree Hut Shea Sugar Scrub Coco Colada, 18 oz, Ultra Hydrating and Exfoliating Scrub for Nourishing Essential Body Care",
        "price": "$7.94 ($0.44 / Ounce)",
        "listPrice": "$18.99 ($1.06 / Ounce)",
        "imageUrl": "https://m.media-amazon.com/images/I/412oIpyI8xL._SL160_.jpg",
        "detailPageURL": "https://www.amazon.com/dp/B07PR467S5",
        "rating": "4.7",
        "totalReviews": "52416",
        "subtitle": "Tree Hut",
        "isPrimeEligible": "1"
    },
    {
        "ASIN": "B001ABLKK2",
        "title": "Toyo - Cure Aqua Gel - Facial/Full-body Peeling Gel, Water-based Exfoliator, Dead Skin Remover for Bright, Youthful Skin, 8.5 oz.",
        "price": "$25.90 ($3.06 / Fl Oz)",
        "listPrice": "$36.90 ($4.37 / Fl Oz)",
        "imageUrl": "https://m.media-amazon.com/images/I/21OFxeM2-oL._SL160_.jpg",
        "detailPageURL": "https://www.amazon.com/dp/B001ABLKK2",
        "rating": "4.5",
        "totalReviews": "7731",
        "subtitle": "NATURAL AQUA GEL CURE",
        "isPrimeEligible": "1"
    },
    {
        "ASIN": "B016RFJDL8",
        "title": "EcoTools Dry Body Brush, For Post Shower & Bath Skincare Routine, Removes Dirt & Promotes Blood Circulation, Helps Reduce Appearance of Cellulite, Eco-Friendly, Vegan & Cruelty-Free, 1 Count",
        "price": "$4.99",
        "listPrice": "$5.99",
        "imageUrl": "https://m.media-amazon.com/images/I/41hAdsRE29L._SL160_.jpg",
        "detailPageURL": "https://www.amazon.com/dp/B016RFJDL8",
        "rating": "4.6",
        "totalReviews": "8387",
        "subtitle": "EcoTools",
        "isPrimeEligible": "1"
    },
    {
        "ASIN": "B07G8PDKY2",
        "title": "Brooklyn Botany Himalayan Salt Body Scrub - Moisturizing and Exfoliating Body, Face, Hand, Foot Scrub - Fights Stretch Marks, Fine Lines, Wrinkles - Great Gifts for Women & Men - 10 oz",
        "price": "$9.98 ($0.91 / Ounce)",
        "listPrice": "$21.99 ($2.00 / Ounce)",
        "imageUrl": "https://m.media-amazon.com/images/I/51+M4MAvsnL._SL160_.jpg",
        "detailPageURL": "https://www.amazon.com/dp/B07G8PDKY2",
        "rating": "4.2",
        "totalReviews": "4029",
        "subtitle": "Brooklyn Botany",
        "isPrimeEligible": "1"
    },
    {
        "ASIN": "B08CYF3W8Z",
        "title": "Tiege Hanley Exfoliating Scrub for Men (SCRUB) | Facial Exfoliant that Clears Pores and Removes Dead Skin Cells | Refreshing and Cooling | Reduces Inflammation | Helps Renew, Soothe & Repair | Exfoliate & Use Twice Weekly | For Dry or Sensitive Skin | Unscented | 2 Ounces",
        "price": "$13.99 ($13.99 / Count)",
        "listPrice": "",
        "imageUrl": "https://m.media-amazon.com/images/I/31YTAOFzGoL._SL160_.jpg",
        "detailPageURL": "https://www.amazon.com/dp/B08CYF3W8Z",
        "rating": "4.6",
        "totalReviews": "374",
        "subtitle": "Tiege Hanley",
        "isPrimeEligible": "1"
    },
    {
        "ASIN": "B08TM4QBDT",
        "title": "Himalayan Salt Body Scrub with Collagen and Stem Cells - Natural Exfoliating Salt Scrub & Body and Face Souffle helps with Moisturizing Skin, Acne, Cellulite, Dead Skin Scars, Wrinkles (11 oz)",
        "price": "$13.89 ($1.26 / Ounce)",
        "listPrice": "$24.95 ($2.27 / Ounce)",
        "imageUrl": "https://m.media-amazon.com/images/I/51ToKkQ3fMS._SL160_.jpg",
        "detailPageURL": "https://www.amazon.com/dp/B08TM4QBDT",
        "rating": "4.3",
        "totalReviews": "6825",
        "subtitle": "First Botany",
        "isPrimeEligible": "1"
    },
    {
        "ASIN": "B002WDKJZO",
        "title": "La Roche-Posay Ultra-Fine Scrub for Sensitive Skin, Gentle Exfoliating Face Wash with Ultra-Fine Pumice Particles to Remove Dead Skin",
        "price": "$19.99 ($11.83 / Fl Oz)",
        "listPrice": "",
        "imageUrl": "https://m.media-amazon.com/images/I/418J5HNB0tL._SL160_.jpg",
        "detailPageURL": "https://www.amazon.com/dp/B002WDKJZO",
        "rating": "4.4",
        "totalReviews": "3045",
        "subtitle": "",
        "isPrimeEligible": "1"
    },
    {
        "ASIN": "B077TWXCQV",
        "title": "CeraVe Body Wash with Salicylic Acid | Fragrance Free Body Wash to Exfoliate Rough and Bumpy Skin | Allergy Tested | 10 Ounce",
        "price": "$13.99 ($1.40 / Count)",
        "listPrice": "",
        "imageUrl": "https://m.media-amazon.com/images/I/41wMCNllz4L._SL160_.jpg",
        "detailPageURL": "https://www.amazon.com/dp/B077TWXCQV",
        "rating": "4.6",
        "totalReviews": "29306",
        "subtitle": "CeraVe",
        "isPrimeEligible": "1"
    },
    {
        "ASIN": "B0B28QKRLN",
        "title": "Metene 2 Pack Dry Body Brushes, Exfoliating Body Scrubbers, Natural Bristles for Dry Skin, Improve Circulation, Stop Ingrown Hairs, Reduce Acne and Cellulite",
        "price": "$9.99 ($5.00 / Count)",
        "listPrice": "$15.99 ($8.00 / Count)",
        "imageUrl": "https://m.media-amazon.com/images/I/512D+Ys5M9L._SL160_.jpg",
        "detailPageURL": "https://www.amazon.com/dp/B0B28QKRLN",
        "rating": "4.5",
        "totalReviews": "1610",
        "subtitle": "Metene",
        "isPrimeEligible": "1"
    },
    {
        "ASIN": "B07PR467S5",
        "title": "Tree Hut Shea Sugar Scrub Coco Colada, 18 oz, Ultra Hydrating and Exfoliating Scrub for Nourishing Essential Body Care",
        "price": "$7.94 ($0.44 / Ounce)",
        "listPrice": "$18.99 ($1.06 / Ounce)",
        "imageUrl": "https://m.media-amazon.com/images/I/412oIpyI8xL._SL160_.jpg",
        "detailPageURL": "https://www.amazon.com/dp/B07PR467S5",
        "rating": "4.7",
        "totalReviews": "52416",
        "subtitle": "Tree Hut",
        "isPrimeEligible": "1"
    },
    {
        "ASIN": "B00EL11LW0",
        "title": "Dermasuri Deep Exfoliating Mitt Body Scrub - Body Scrubber & Skin Cleanser for Women & Men - Skin Exfoliator for Body Tool Remover of Dead & Dry Skin Single Pack",
        "price": "$14.99",
        "listPrice": "$19.99",
        "imageUrl": "https://m.media-amazon.com/images/I/51sHeHT7JML._SL160_.jpg",
        "detailPageURL": "https://www.amazon.com/dp/B00EL11LW0",
        "rating": "4.3",
        "totalReviews": "13030",
        "subtitle": "Dermasuri",
        "isPrimeEligible": "1"
    },
    {
        "ASIN": "B016RFJDL8",
        "title": "EcoTools Dry Body Brush, For Post Shower & Bath Skincare Routine, Removes Dirt & Promotes Blood Circulation, Helps Reduce Appearance of Cellulite, Eco-Friendly, Vegan & Cruelty-Free, 1 Count",
        "price": "$4.99",
        "listPrice": "$5.99",
        "imageUrl": "https://m.media-amazon.com/images/I/41hAdsRE29L._SL160_.jpg",
        "detailPageURL": "https://www.amazon.com/dp/B016RFJDL8",
        "rating": "4.6",
        "totalReviews": "8387",
        "subtitle": "EcoTools",
        "isPrimeEligible": "1"
    },
    {
        "ASIN": "B07G8PDKY2",
        "title": "Brooklyn Botany Himalayan Salt Body Scrub - Moisturizing and Exfoliating Body, Face, Hand, Foot Scrub - Fights Stretch Marks, Fine Lines, Wrinkles - Great Gifts for Women & Men - 10 oz",
        "price": "$9.98 ($0.91 / Ounce)",
        "listPrice": "$21.99 ($2.00 / Ounce)",
        "imageUrl": "https://m.media-amazon.com/images/I/51+M4MAvsnL._SL160_.jpg",
        "detailPageURL": "https://www.amazon.com/dp/B07G8PDKY2",
        "rating": "4.2",
        "totalReviews": "4029",
        "subtitle": "Brooklyn Botany",
        "isPrimeEligible": "1"
    },
    {
        "ASIN": "B08CYF3W8Z",
        "title": "Tiege Hanley Exfoliating Scrub for Men (SCRUB) | Facial Exfoliant that Clears Pores and Removes Dead Skin Cells | Refreshing and Cooling | Reduces Inflammation | Helps Renew, Soothe & Repair | Exfoliate & Use Twice Weekly | For Dry or Sensitive Skin | Unscented | 2 Ounces",
        "price": "$13.99 ($13.99 / Count)",
        "listPrice": "",
        "imageUrl": "https://m.media-amazon.com/images/I/31YTAOFzGoL._SL160_.jpg",
        "detailPageURL": "https://www.amazon.com/dp/B08CYF3W8Z",
        "rating": "4.6",
        "totalReviews": "374",
        "subtitle": "Tiege Hanley",
        "isPrimeEligible": "1"
    },
    {
        "ASIN": "B08TM4QBDT",
        "title": "Himalayan Salt Body Scrub with Collagen and Stem Cells - Natural Exfoliating Salt Scrub & Body and Face Souffle helps with Moisturizing Skin, Acne, Cellulite, Dead Skin Scars, Wrinkles (11 oz)",
        "price": "$13.89 ($1.26 / Ounce)",
        "listPrice": "$24.95 ($2.27 / Ounce)",
        "imageUrl": "https://m.media-amazon.com/images/I/51ToKkQ3fMS._SL160_.jpg",
        "detailPageURL": "https://www.amazon.com/dp/B08TM4QBDT",
        "rating": "4.3",
        "totalReviews": "6825",
        "subtitle": "First Botany",
        "isPrimeEligible": "1"
    },
    {
        "ASIN": "B002WDKJZO",
        "title": "La Roche-Posay Ultra-Fine Scrub for Sensitive Skin, Gentle Exfoliating Face Wash with Ultra-Fine Pumice Particles to Remove Dead Skin",
        "price": "$19.99 ($11.83 / Fl Oz)",
        "listPrice": "",
        "imageUrl": "https://m.media-amazon.com/images/I/418J5HNB0tL._SL160_.jpg",
        "detailPageURL": "https://www.amazon.com/dp/B002WDKJZO",
        "rating": "4.4",
        "totalReviews": "3045",
        "subtitle": "",
        "isPrimeEligible": "1"
    },
    {
        "ASIN": "B077TWXCQV",
        "title": "CeraVe Body Wash with Salicylic Acid | Fragrance Free Body Wash to Exfoliate Rough and Bumpy Skin | Allergy Tested | 10 Ounce",
        "price": "$13.99 ($1.40 / Count)",
        "listPrice": "",
        "imageUrl": "https://m.media-amazon.com/images/I/41wMCNllz4L._SL160_.jpg",
        "detailPageURL": "https://www.amazon.com/dp/B077TWXCQV",
        "rating": "4.6",
        "totalReviews": "29306",
        "subtitle": "CeraVe",
        "isPrimeEligible": "1"
    },
    {
        "ASIN": "B0B28QKRLN",
        "title": "Metene 2 Pack Dry Body Brushes, Exfoliating Body Scrubbers, Natural Bristles for Dry Skin, Improve Circulation, Stop Ingrown Hairs, Reduce Acne and Cellulite",
        "price": "$9.99 ($5.00 / Count)",
        "listPrice": "$15.99 ($8.00 / Count)",
        "imageUrl": "https://m.media-amazon.com/images/I/512D+Ys5M9L._SL160_.jpg",
        "detailPageURL": "https://www.amazon.com/dp/B0B28QKRLN",
        "rating": "4.5",
        "totalReviews": "1610",
        "subtitle": "Metene",
        "isPrimeEligible": "1"
    },
    {
        "ASIN": "B07PR467S5",
        "title": "Tree Hut Shea Sugar Scrub Coco Colada, 18 oz, Ultra Hydrating and Exfoliating Scrub for Nourishing Essential Body Care",
        "price": "$7.94 ($0.44 / Ounce)",
        "listPrice": "$18.99 ($1.06 / Ounce)",
        "imageUrl": "https://m.media-amazon.com/images/I/412oIpyI8xL._SL160_.jpg",
        "detailPageURL": "https://www.amazon.com/dp/B07PR467S5",
        "rating": "4.7",
        "totalReviews": "52416",
        "subtitle": "Tree Hut",
        "isPrimeEligible": "1"
    },
    {
        "ASIN": "B00EL11LW0",
        "title": "Dermasuri Deep Exfoliating Mitt Body Scrub - Body Scrubber & Skin Cleanser for Women & Men - Skin Exfoliator for Body Tool Remover of Dead & Dry Skin Single Pack",
        "price": "$14.99",
        "listPrice": "$19.99",
        "imageUrl": "https://m.media-amazon.com/images/I/51sHeHT7JML._SL160_.jpg",
        "detailPageURL": "https://www.amazon.com/dp/B00EL11LW0",
        "rating": "4.3",
        "totalReviews": "13030",
        "subtitle": "Dermasuri",
        "isPrimeEligible": "1"
    },
    {
        "ASIN": "B0787GLBMV",
        "title": "Schick Hydro Silk Touch-Up Exfoliating Dermaplaning Tool, Face & Eyebrow Razor with Precision Cover- 3 Count | Dermaplaning Razor For Women",
        "price": "$5.94 ($1.98 / Count)",
        "listPrice": "$7.49 ($2.50 / Count)",
        "imageUrl": "https://m.media-amazon.com/images/I/41RQVKy-q0L._SL160_.jpg",
        "detailPageURL": "https://www.amazon.com/dp/B0787GLBMV",
        "rating": "4.6",
        "totalReviews": "183352",
        "subtitle": "Schick Hydro Silk",
        "isPrimeEligible": "1"
    },
    {
        "ASIN": "B07G8PDKY2",
        "title": "Brooklyn Botany Himalayan Salt Body Scrub - Moisturizing and Exfoliating Body, Face, Hand, Foot Scrub - Fights Stretch Marks, Fine Lines, Wrinkles - Great Gifts for Women & Men - 10 oz",
        "price": "$9.98 ($0.91 / Ounce)",
        "listPrice": "$21.99 ($2.00 / Ounce)",
        "imageUrl": "https://m.media-amazon.com/images/I/51+M4MAvsnL._SL160_.jpg",
        "detailPageURL": "https://www.amazon.com/dp/B07G8PDKY2",
        "rating": "4.2",
        "totalReviews": "4029",
        "subtitle": "Brooklyn Botany",
        "isPrimeEligible": "1"
    },
    {
        "ASIN": "B08CYF3W8Z",
        "title": "Tiege Hanley Exfoliating Scrub for Men (SCRUB) | Facial Exfoliant that Clears Pores and Removes Dead Skin Cells | Refreshing and Cooling | Reduces Inflammation | Helps Renew, Soothe & Repair | Exfoliate & Use Twice Weekly | For Dry or Sensitive Skin | Unscented | 2 Ounces",
        "price": "$13.99 ($13.99 / Count)",
        "listPrice": "",
        "imageUrl": "https://m.media-amazon.com/images/I/31YTAOFzGoL._SL160_.jpg",
        "detailPageURL": "https://www.amazon.com/dp/B08CYF3W8Z",
        "rating": "4.6",
        "totalReviews": "374",
        "subtitle": "Tiege Hanley",
        "isPrimeEligible": "1"
    },
    {
        "ASIN": "B08TM4QBDT",
        "title": "Himalayan Salt Body Scrub with Collagen and Stem Cells - Natural Exfoliating Salt Scrub & Body and Face Souffle helps with Moisturizing Skin, Acne, Cellulite, Dead Skin Scars, Wrinkles (11 oz)",
        "price": "$13.89 ($1.26 / Ounce)",
        "listPrice": "$24.95 ($2.27 / Ounce)",
        "imageUrl": "https://m.media-amazon.com/images/I/51ToKkQ3fMS._SL160_.jpg",
        "detailPageURL": "https://www.amazon.com/dp/B08TM4QBDT",
        "rating": "4.3",
        "totalReviews": "6825",
        "subtitle": "First Botany",
        "isPrimeEligible": "1"
    },
    {
        "ASIN": "B002WDKJZO",
        "title": "La Roche-Posay Ultra-Fine Scrub for Sensitive Skin, Gentle Exfoliating Face Wash with Ultra-Fine Pumice Particles to Remove Dead Skin",
        "price": "$19.99 ($11.83 / Fl Oz)",
        "listPrice": "",
        "imageUrl": "https://m.media-amazon.com/images/I/418J5HNB0tL._SL160_.jpg",
        "detailPageURL": "https://www.amazon.com/dp/B002WDKJZO",
        "rating": "4.4",
        "totalReviews": "3045",
        "subtitle": "",
        "isPrimeEligible": "1"
    },
    {
        "ASIN": "B077TWXCQV",
        "title": "CeraVe Body Wash with Salicylic Acid | Fragrance Free Body Wash to Exfoliate Rough and Bumpy Skin | Allergy Tested | 10 Ounce",
        "price": "$13.99 ($1.40 / Count)",
        "listPrice": "",
        "imageUrl": "https://m.media-amazon.com/images/I/41wMCNllz4L._SL160_.jpg",
        "detailPageURL": "https://www.amazon.com/dp/B077TWXCQV",
        "rating": "4.6",
        "totalReviews": "29306",
        "subtitle": "CeraVe",
        "isPrimeEligible": "1"
    },
    {
        "ASIN": "B0B28QKRLN",
        "title": "Metene 2 Pack Dry Body Brushes, Exfoliating Body Scrubbers, Natural Bristles for Dry Skin, Improve Circulation, Stop Ingrown Hairs, Reduce Acne and Cellulite",
        "price": "$9.99 ($5.00 / Count)",
        "listPrice": "$15.99 ($8.00 / Count)",
        "imageUrl": "https://m.media-amazon.com/images/I/512D+Ys5M9L._SL160_.jpg",
        "detailPageURL": "https://www.amazon.com/dp/B0B28QKRLN",
        "rating": "4.5",
        "totalReviews": "1610",
        "subtitle": "Metene",
        "isPrimeEligible": "1"
    },
    {
        "ASIN": "B07PR467S5",
        "title": "Tree Hut Shea Sugar Scrub Coco Colada, 18 oz, Ultra Hydrating and Exfoliating Scrub for Nourishing Essential Body Care",
        "price": "$7.94 ($0.44 / Ounce)",
        "listPrice": "$18.99 ($1.06 / Ounce)",
        "imageUrl": "https://m.media-amazon.com/images/I/412oIpyI8xL._SL160_.jpg",
        "detailPageURL": "https://www.amazon.com/dp/B07PR467S5",
        "rating": "4.7",
        "totalReviews": "52416",
        "subtitle": "Tree Hut",
        "isPrimeEligible": "1"
    },
    {
        "ASIN": "B00EL11LW0",
        "title": "Dermasuri Deep Exfoliating Mitt Body Scrub - Body Scrubber & Skin Cleanser for Women & Men - Skin Exfoliator for Body Tool Remover of Dead & Dry Skin Single Pack",
        "price": "$14.99",
        "listPrice": "$19.99",
        "imageUrl": "https://m.media-amazon.com/images/I/51sHeHT7JML._SL160_.jpg",
        "detailPageURL": "https://www.amazon.com/dp/B00EL11LW0",
        "rating": "4.3",
        "totalReviews": "13030",
        "subtitle": "Dermasuri",
        "isPrimeEligible": "1"
    },
    {
        "ASIN": "B0787GLBMV",
        "title": "Schick Hydro Silk Touch-Up Exfoliating Dermaplaning Tool, Face & Eyebrow Razor with Precision Cover- 3 Count | Dermaplaning Razor For Women",
        "price": "$5.94 ($1.98 / Count)",
        "listPrice": "$7.49 ($2.50 / Count)",
        "imageUrl": "https://m.media-amazon.com/images/I/41RQVKy-q0L._SL160_.jpg",
        "detailPageURL": "https://www.amazon.com/dp/B0787GLBMV",
        "rating": "4.6",
        "totalReviews": "183352",
        "subtitle": "Schick Hydro Silk",
        "isPrimeEligible": "1"
    },
    {
        "ASIN": "B007DGRT3K",
        "title": "Tree Hut Shea Sugar Scrub Tropical Mango, 18oz, Ultra Hydrating and Exfoliating Scrub for Nourishing Essential Body Care",
        "price": "$16.55 ($0.92 / Ounce)",
        "listPrice": "",
        "imageUrl": "https://m.media-amazon.com/images/I/412Cjo55qOL._SL160_.jpg",
        "detailPageURL": "https://www.amazon.com/dp/B007DGRT3K",
        "rating": "4.7",
        "totalReviews": "91852",
        "subtitle": "Tree Hut",
        "isPrimeEligible": "0"
    },
    {
        "ASIN": "B08CYF3W8Z",
        "title": "Tiege Hanley Exfoliating Scrub for Men (SCRUB) | Facial Exfoliant that Clears Pores and Removes Dead Skin Cells | Refreshing and Cooling | Reduces Inflammation | Helps Renew, Soothe & Repair | Exfoliate & Use Twice Weekly | For Dry or Sensitive Skin | Unscented | 2 Ounces",
        "price": "$13.99 ($13.99 / Count)",
        "listPrice": "",
        "imageUrl": "https://m.media-amazon.com/images/I/31YTAOFzGoL._SL160_.jpg",
        "detailPageURL": "https://www.amazon.com/dp/B08CYF3W8Z",
        "rating": "4.6",
        "totalReviews": "374",
        "subtitle": "Tiege Hanley",
        "isPrimeEligible": "1"
    },
    {
        "ASIN": "B08TM4QBDT",
        "title": "Himalayan Salt Body Scrub with Collagen and Stem Cells - Natural Exfoliating Salt Scrub & Body and Face Souffle helps with Moisturizing Skin, Acne, Cellulite, Dead Skin Scars, Wrinkles (11 oz)",
        "price": "$13.89 ($1.26 / Ounce)",
        "listPrice": "$24.95 ($2.27 / Ounce)",
        "imageUrl": "https://m.media-amazon.com/images/I/51ToKkQ3fMS._SL160_.jpg",
        "detailPageURL": "https://www.amazon.com/dp/B08TM4QBDT",
        "rating": "4.3",
        "totalReviews": "6825",
        "subtitle": "First Botany",
        "isPrimeEligible": "1"
    },
    {
        "ASIN": "B002WDKJZO",
        "title": "La Roche-Posay Ultra-Fine Scrub for Sensitive Skin, Gentle Exfoliating Face Wash with Ultra-Fine Pumice Particles to Remove Dead Skin",
        "price": "$19.99 ($11.83 / Fl Oz)",
        "listPrice": "",
        "imageUrl": "https://m.media-amazon.com/images/I/418J5HNB0tL._SL160_.jpg",
        "detailPageURL": "https://www.amazon.com/dp/B002WDKJZO",
        "rating": "4.4",
        "totalReviews": "3045",
        "subtitle": "",
        "isPrimeEligible": "1"
    },
    {
        "ASIN": "B077TWXCQV",
        "title": "CeraVe Body Wash with Salicylic Acid | Fragrance Free Body Wash to Exfoliate Rough and Bumpy Skin | Allergy Tested | 10 Ounce",
        "price": "$13.99 ($1.40 / Count)",
        "listPrice": "",
        "imageUrl": "https://m.media-amazon.com/images/I/41wMCNllz4L._SL160_.jpg",
        "detailPageURL": "https://www.amazon.com/dp/B077TWXCQV",
        "rating": "4.6",
        "totalReviews": "29306",
        "subtitle": "CeraVe",
        "isPrimeEligible": "1"
    },
    {
        "ASIN": "B0B28QKRLN",
        "title": "Metene 2 Pack Dry Body Brushes, Exfoliating Body Scrubbers, Natural Bristles for Dry Skin, Improve Circulation, Stop Ingrown Hairs, Reduce Acne and Cellulite",
        "price": "$9.99 ($5.00 / Count)",
        "listPrice": "$15.99 ($8.00 / Count)",
        "imageUrl": "https://m.media-amazon.com/images/I/512D+Ys5M9L._SL160_.jpg",
        "detailPageURL": "https://www.amazon.com/dp/B0B28QKRLN",
        "rating": "4.5",
        "totalReviews": "1610",
        "subtitle": "Metene",
        "isPrimeEligible": "1"
    },
    {
        "ASIN": "B07PR467S5",
        "title": "Tree Hut Shea Sugar Scrub Coco Colada, 18 oz, Ultra Hydrating and Exfoliating Scrub for Nourishing Essential Body Care",
        "price": "$7.94 ($0.44 / Ounce)",
        "listPrice": "$18.99 ($1.06 / Ounce)",
        "imageUrl": "https://m.media-amazon.com/images/I/412oIpyI8xL._SL160_.jpg",
        "detailPageURL": "https://www.amazon.com/dp/B07PR467S5",
        "rating": "4.7",
        "totalReviews": "52416",
        "subtitle": "Tree Hut",
        "isPrimeEligible": "1"
    },
    {
        "ASIN": "B00EL11LW0",
        "title": "Dermasuri Deep Exfoliating Mitt Body Scrub - Body Scrubber & Skin Cleanser for Women & Men - Skin Exfoliator for Body Tool Remover of Dead & Dry Skin Single Pack",
        "price": "$14.99",
        "listPrice": "$19.99",
        "imageUrl": "https://m.media-amazon.com/images/I/51sHeHT7JML._SL160_.jpg",
        "detailPageURL": "https://www.amazon.com/dp/B00EL11LW0",
        "rating": "4.3",
        "totalReviews": "13030",
        "subtitle": "Dermasuri",
        "isPrimeEligible": "1"
    },
    {
        "ASIN": "B0787GLBMV",
        "title": "Schick Hydro Silk Touch-Up Exfoliating Dermaplaning Tool, Face & Eyebrow Razor with Precision Cover- 3 Count | Dermaplaning Razor For Women",
        "price": "$5.94 ($1.98 / Count)",
        "listPrice": "$7.49 ($2.50 / Count)",
        "imageUrl": "https://m.media-amazon.com/images/I/41RQVKy-q0L._SL160_.jpg",
        "detailPageURL": "https://www.amazon.com/dp/B0787GLBMV",
        "rating": "4.6",
        "totalReviews": "183352",
        "subtitle": "Schick Hydro Silk",
        "isPrimeEligible": "1"
    },
    {
        "ASIN": "B007DGRT3K",
        "title": "Tree Hut Shea Sugar Scrub Tropical Mango, 18oz, Ultra Hydrating and Exfoliating Scrub for Nourishing Essential Body Care",
        "price": "$16.55 ($0.92 / Ounce)",
        "listPrice": "",
        "imageUrl": "https://m.media-amazon.com/images/I/412Cjo55qOL._SL160_.jpg",
        "detailPageURL": "https://www.amazon.com/dp/B007DGRT3K",
        "rating": "4.7",
        "totalReviews": "91852",
        "subtitle": "Tree Hut",
        "isPrimeEligible": "0"
    },
    {
        "ASIN": "B003Z4OD24",
        "title": "Acure Brightening Facial Scrub - 4 Fl Oz - All Skin Types, Sea Kelp & French Green Clay - Softens, Detoxifies and Cleanses",
        "price": "$6.62 ($1.66 / Fl Oz)",
        "listPrice": "$9.99 ($2.50 / Fl Oz)",
        "imageUrl": "https://m.media-amazon.com/images/I/31l7yQtbriL._SL160_.jpg",
        "detailPageURL": "https://www.amazon.com/dp/B003Z4OD24",
        "rating": "4.6",
        "totalReviews": "24232",
        "subtitle": "Acure",
        "isPrimeEligible": "1"
    },
    {
        "ASIN": "B08TM4QBDT",
        "title": "Himalayan Salt Body Scrub with Collagen and Stem Cells - Natural Exfoliating Salt Scrub & Body and Face Souffle helps with Moisturizing Skin, Acne, Cellulite, Dead Skin Scars, Wrinkles (11 oz)",
        "price": "$13.89 ($1.26 / Ounce)",
        "listPrice": "$24.95 ($2.27 / Ounce)",
        "imageUrl": "https://m.media-amazon.com/images/I/51ToKkQ3fMS._SL160_.jpg",
        "detailPageURL": "https://www.amazon.com/dp/B08TM4QBDT",
        "rating": "4.3",
        "totalReviews": "6825",
        "subtitle": "First Botany",
        "isPrimeEligible": "1"
    },
    {
        "ASIN": "B002WDKJZO",
        "title": "La Roche-Posay Ultra-Fine Scrub for Sensitive Skin, Gentle Exfoliating Face Wash with Ultra-Fine Pumice Particles to Remove Dead Skin",
        "price": "$19.99 ($11.83 / Fl Oz)",
        "listPrice": "",
        "imageUrl": "https://m.media-amazon.com/images/I/418J5HNB0tL._SL160_.jpg",
        "detailPageURL": "https://www.amazon.com/dp/B002WDKJZO",
        "rating": "4.4",
        "totalReviews": "3045",
        "subtitle": "",
        "isPrimeEligible": "1"
    },
    {
        "ASIN": "B077TWXCQV",
        "title": "CeraVe Body Wash with Salicylic Acid | Fragrance Free Body Wash to Exfoliate Rough and Bumpy Skin | Allergy Tested | 10 Ounce",
        "price": "$13.99 ($1.40 / Count)",
        "listPrice": "",
        "imageUrl": "https://m.media-amazon.com/images/I/41wMCNllz4L._SL160_.jpg",
        "detailPageURL": "https://www.amazon.com/dp/B077TWXCQV",
        "rating": "4.6",
        "totalReviews": "29306",
        "subtitle": "CeraVe",
        "isPrimeEligible": "1"
    },
    {
        "ASIN": "B0B28QKRLN",
        "title": "Metene 2 Pack Dry Body Brushes, Exfoliating Body Scrubbers, Natural Bristles for Dry Skin, Improve Circulation, Stop Ingrown Hairs, Reduce Acne and Cellulite",
        "price": "$9.99 ($5.00 / Count)",
        "listPrice": "$15.99 ($8.00 / Count)",
        "imageUrl": "https://m.media-amazon.com/images/I/512D+Ys5M9L._SL160_.jpg",
        "detailPageURL": "https://www.amazon.com/dp/B0B28QKRLN",
        "rating": "4.5",
        "totalReviews": "1610",
        "subtitle": "Metene",
        "isPrimeEligible": "1"
    },
    {
        "ASIN": "B07PR467S5",
        "title": "Tree Hut Shea Sugar Scrub Coco Colada, 18 oz, Ultra Hydrating and Exfoliating Scrub for Nourishing Essential Body Care",
        "price": "$7.94 ($0.44 / Ounce)",
        "listPrice": "$18.99 ($1.06 / Ounce)",
        "imageUrl": "https://m.media-amazon.com/images/I/412oIpyI8xL._SL160_.jpg",
        "detailPageURL": "https://www.amazon.com/dp/B07PR467S5",
        "rating": "4.7",
        "totalReviews": "52416",
        "subtitle": "Tree Hut",
        "isPrimeEligible": "1"
    },
    {
        "ASIN": "B00EL11LW0",
        "title": "Dermasuri Deep Exfoliating Mitt Body Scrub - Body Scrubber & Skin Cleanser for Women & Men - Skin Exfoliator for Body Tool Remover of Dead & Dry Skin Single Pack",
        "price": "$14.99",
        "listPrice": "$19.99",
        "imageUrl": "https://m.media-amazon.com/images/I/51sHeHT7JML._SL160_.jpg",
        "detailPageURL": "https://www.amazon.com/dp/B00EL11LW0",
        "rating": "4.3",
        "totalReviews": "13030",
        "subtitle": "Dermasuri",
        "isPrimeEligible": "1"
    },
    {
        "ASIN": "B0787GLBMV",
        "title": "Schick Hydro Silk Touch-Up Exfoliating Dermaplaning Tool, Face & Eyebrow Razor with Precision Cover- 3 Count | Dermaplaning Razor For Women",
        "price": "$5.94 ($1.98 / Count)",
        "listPrice": "$7.49 ($2.50 / Count)",
        "imageUrl": "https://m.media-amazon.com/images/I/41RQVKy-q0L._SL160_.jpg",
        "detailPageURL": "https://www.amazon.com/dp/B0787GLBMV",
        "rating": "4.6",
        "totalReviews": "183352",
        "subtitle": "Schick Hydro Silk",
        "isPrimeEligible": "1"
    },
    {
        "ASIN": "B007DGRT3K",
        "title": "Tree Hut Shea Sugar Scrub Tropical Mango, 18oz, Ultra Hydrating and Exfoliating Scrub for Nourishing Essential Body Care",
        "price": "$16.55 ($0.92 / Ounce)",
        "listPrice": "",
        "imageUrl": "https://m.media-amazon.com/images/I/412Cjo55qOL._SL160_.jpg",
        "detailPageURL": "https://www.amazon.com/dp/B007DGRT3K",
        "rating": "4.7",
        "totalReviews": "91852",
        "subtitle": "Tree Hut",
        "isPrimeEligible": "0"
    },
    {
        "ASIN": "B003Z4OD24",
        "title": "Acure Brightening Facial Scrub - 4 Fl Oz - All Skin Types, Sea Kelp & French Green Clay - Softens, Detoxifies and Cleanses",
        "price": "$6.62 ($1.66 / Fl Oz)",
        "listPrice": "$9.99 ($2.50 / Fl Oz)",
        "imageUrl": "https://m.media-amazon.com/images/I/31l7yQtbriL._SL160_.jpg",
        "detailPageURL": "https://www.amazon.com/dp/B003Z4OD24",
        "rating": "4.6",
        "totalReviews": "24232",
        "subtitle": "Acure",
        "isPrimeEligible": "1"
    },
    {
        "ASIN": "B07RY5WH22",
        "title": "TULA Skin Care So Polished Exfoliating Sugar Scrub | Face Scrub, Gently Exfoliates with Sugar, Papaya, and Probiotic Extracts for a Softer and Radiant-Looking Complexion | 2.9 oz.",
        "price": "$34.00 ($11.64 / Ounce)",
        "listPrice": "",
        "imageUrl": "https://m.media-amazon.com/images/I/31KR3NCN73L._SL160_.jpg",
        "detailPageURL": "https://www.amazon.com/dp/B07RY5WH22",
        "rating": "4.7",
        "totalReviews": "1016",
        "subtitle": "TULA",
        "isPrimeEligible": "1"
    },
    {
        "ASIN": "B002WDKJZO",
        "title": "La Roche-Posay Ultra-Fine Scrub for Sensitive Skin, Gentle Exfoliating Face Wash with Ultra-Fine Pumice Particles to Remove Dead Skin",
        "price": "$19.99 ($11.83 / Fl Oz)",
        "listPrice": "",
        "imageUrl": "https://m.media-amazon.com/images/I/418J5HNB0tL._SL160_.jpg",
        "detailPageURL": "https://www.amazon.com/dp/B002WDKJZO",
        "rating": "4.4",
        "totalReviews": "3045",
        "subtitle": "",
        "isPrimeEligible": "1"
    },
    {
        "ASIN": "B077TWXCQV",
        "title": "CeraVe Body Wash with Salicylic Acid | Fragrance Free Body Wash to Exfoliate Rough and Bumpy Skin | Allergy Tested | 10 Ounce",
        "price": "$13.99 ($1.40 / Count)",
        "listPrice": "",
        "imageUrl": "https://m.media-amazon.com/images/I/41wMCNllz4L._SL160_.jpg",
        "detailPageURL": "https://www.amazon.com/dp/B077TWXCQV",
        "rating": "4.6",
        "totalReviews": "29306",
        "subtitle": "CeraVe",
        "isPrimeEligible": "1"
    },
    {
        "ASIN": "B0B28QKRLN",
        "title": "Metene 2 Pack Dry Body Brushes, Exfoliating Body Scrubbers, Natural Bristles for Dry Skin, Improve Circulation, Stop Ingrown Hairs, Reduce Acne and Cellulite",
        "price": "$9.99 ($5.00 / Count)",
        "listPrice": "$15.99 ($8.00 / Count)",
        "imageUrl": "https://m.media-amazon.com/images/I/512D+Ys5M9L._SL160_.jpg",
        "detailPageURL": "https://www.amazon.com/dp/B0B28QKRLN",
        "rating": "4.5",
        "totalReviews": "1610",
        "subtitle": "Metene",
        "isPrimeEligible": "1"
    },
    {
        "ASIN": "B07PR467S5",
        "title": "Tree Hut Shea Sugar Scrub Coco Colada, 18 oz, Ultra Hydrating and Exfoliating Scrub for Nourishing Essential Body Care",
        "price": "$7.94 ($0.44 / Ounce)",
        "listPrice": "$18.99 ($1.06 / Ounce)",
        "imageUrl": "https://m.media-amazon.com/images/I/412oIpyI8xL._SL160_.jpg",
        "detailPageURL": "https://www.amazon.com/dp/B07PR467S5",
        "rating": "4.7",
        "totalReviews": "52416",
        "subtitle": "Tree Hut",
        "isPrimeEligible": "1"
    },
    {
        "ASIN": "B00EL11LW0",
        "title": "Dermasuri Deep Exfoliating Mitt Body Scrub - Body Scrubber & Skin Cleanser for Women & Men - Skin Exfoliator for Body Tool Remover of Dead & Dry Skin Single Pack",
        "price": "$14.99",
        "listPrice": "$19.99",
        "imageUrl": "https://m.media-amazon.com/images/I/51sHeHT7JML._SL160_.jpg",
        "detailPageURL": "https://www.amazon.com/dp/B00EL11LW0",
        "rating": "4.3",
        "totalReviews": "13030",
        "subtitle": "Dermasuri",
        "isPrimeEligible": "1"
    },
    {
        "ASIN": "B0787GLBMV",
        "title": "Schick Hydro Silk Touch-Up Exfoliating Dermaplaning Tool, Face & Eyebrow Razor with Precision Cover- 3 Count | Dermaplaning Razor For Women",
        "price": "$5.94 ($1.98 / Count)",
        "listPrice": "$7.49 ($2.50 / Count)",
        "imageUrl": "https://m.media-amazon.com/images/I/41RQVKy-q0L._SL160_.jpg",
        "detailPageURL": "https://www.amazon.com/dp/B0787GLBMV",
        "rating": "4.6",
        "totalReviews": "183352",
        "subtitle": "Schick Hydro Silk",
        "isPrimeEligible": "1"
    },
    {
        "ASIN": "B007DGRT3K",
        "title": "Tree Hut Shea Sugar Scrub Tropical Mango, 18oz, Ultra Hydrating and Exfoliating Scrub for Nourishing Essential Body Care",
        "price": "$16.55 ($0.92 / Ounce)",
        "listPrice": "",
        "imageUrl": "https://m.media-amazon.com/images/I/412Cjo55qOL._SL160_.jpg",
        "detailPageURL": "https://www.amazon.com/dp/B007DGRT3K",
        "rating": "4.7",
        "totalReviews": "91852",
        "subtitle": "Tree Hut",
        "isPrimeEligible": "0"
    },
    {
        "ASIN": "B003Z4OD24",
        "title": "Acure Brightening Facial Scrub - 4 Fl Oz - All Skin Types, Sea Kelp & French Green Clay - Softens, Detoxifies and Cleanses",
        "price": "$6.62 ($1.66 / Fl Oz)",
        "listPrice": "$9.99 ($2.50 / Fl Oz)",
        "imageUrl": "https://m.media-amazon.com/images/I/31l7yQtbriL._SL160_.jpg",
        "detailPageURL": "https://www.amazon.com/dp/B003Z4OD24",
        "rating": "4.6",
        "totalReviews": "24232",
        "subtitle": "Acure",
        "isPrimeEligible": "1"
    },
    {
        "ASIN": "B07RY5WH22",
        "title": "TULA Skin Care So Polished Exfoliating Sugar Scrub | Face Scrub, Gently Exfoliates with Sugar, Papaya, and Probiotic Extracts for a Softer and Radiant-Looking Complexion | 2.9 oz.",
        "price": "$34.00 ($11.64 / Ounce)",
        "listPrice": "",
        "imageUrl": "https://m.media-amazon.com/images/I/31KR3NCN73L._SL160_.jpg",
        "detailPageURL": "https://www.amazon.com/dp/B07RY5WH22",
        "rating": "4.7",
        "totalReviews": "1016",
        "subtitle": "TULA",
        "isPrimeEligible": "1"
    },
    {
        "ASIN": "B07TK4D5VD",
        "title": "Paula's Choice SKIN PERFECTING 8% AHA Gel Exfoliant & 2% BHA Liquid Duo - Facial Exfoliants for Blackheads, Enlarged Pores, Wrinkles, and Fine Lines w/Glycolic and Salicylic Acid",
        "price": "$68.00 ($9.32 / Fl Oz)",
        "listPrice": "",
        "imageUrl": "https://m.media-amazon.com/images/I/41KtVCKuCAL._SL160_.jpg",
        "detailPageURL": "https://www.amazon.com/dp/B07TK4D5VD",
        "rating": "4.5",
        "totalReviews": "5941",
        "subtitle": "Paula's Choice",
        "isPrimeEligible": "1"
    },
    {
        "ASIN": "B077TWXCQV",
        "title": "CeraVe Body Wash with Salicylic Acid | Fragrance Free Body Wash to Exfoliate Rough and Bumpy Skin | Allergy Tested | 10 Ounce",
        "price": "$13.99 ($1.40 / Count)",
        "listPrice": "",
        "imageUrl": "https://m.media-amazon.com/images/I/41wMCNllz4L._SL160_.jpg",
        "detailPageURL": "https://www.amazon.com/dp/B077TWXCQV",
        "rating": "4.6",
        "totalReviews": "29306",
        "subtitle": "CeraVe",
        "isPrimeEligible": "1"
    },
    {
        "ASIN": "B0B28QKRLN",
        "title": "Metene 2 Pack Dry Body Brushes, Exfoliating Body Scrubbers, Natural Bristles for Dry Skin, Improve Circulation, Stop Ingrown Hairs, Reduce Acne and Cellulite",
        "price": "$9.99 ($5.00 / Count)",
        "listPrice": "$15.99 ($8.00 / Count)",
        "imageUrl": "https://m.media-amazon.com/images/I/512D+Ys5M9L._SL160_.jpg",
        "detailPageURL": "https://www.amazon.com/dp/B0B28QKRLN",
        "rating": "4.5",
        "totalReviews": "1610",
        "subtitle": "Metene",
        "isPrimeEligible": "1"
    },
    {
        "ASIN": "B07PR467S5",
        "title": "Tree Hut Shea Sugar Scrub Coco Colada, 18 oz, Ultra Hydrating and Exfoliating Scrub for Nourishing Essential Body Care",
        "price": "$7.94 ($0.44 / Ounce)",
        "listPrice": "$18.99 ($1.06 / Ounce)",
        "imageUrl": "https://m.media-amazon.com/images/I/412oIpyI8xL._SL160_.jpg",
        "detailPageURL": "https://www.amazon.com/dp/B07PR467S5",
        "rating": "4.7",
        "totalReviews": "52416",
        "subtitle": "Tree Hut",
        "isPrimeEligible": "1"
    },
    {
        "ASIN": "B00EL11LW0",
        "title": "Dermasuri Deep Exfoliating Mitt Body Scrub - Body Scrubber & Skin Cleanser for Women & Men - Skin Exfoliator for Body Tool Remover of Dead & Dry Skin Single Pack",
        "price": "$14.99",
        "listPrice": "$19.99",
        "imageUrl": "https://m.media-amazon.com/images/I/51sHeHT7JML._SL160_.jpg",
        "detailPageURL": "https://www.amazon.com/dp/B00EL11LW0",
        "rating": "4.3",
        "totalReviews": "13030",
        "subtitle": "Dermasuri",
        "isPrimeEligible": "1"
    },
    {
        "ASIN": "B0787GLBMV",
        "title": "Schick Hydro Silk Touch-Up Exfoliating Dermaplaning Tool, Face & Eyebrow Razor with Precision Cover- 3 Count | Dermaplaning Razor For Women",
        "price": "$5.94 ($1.98 / Count)",
        "listPrice": "$7.49 ($2.50 / Count)",
        "imageUrl": "https://m.media-amazon.com/images/I/41RQVKy-q0L._SL160_.jpg",
        "detailPageURL": "https://www.amazon.com/dp/B0787GLBMV",
        "rating": "4.6",
        "totalReviews": "183352",
        "subtitle": "Schick Hydro Silk",
        "isPrimeEligible": "1"
    },
    {
        "ASIN": "B007DGRT3K",
        "title": "Tree Hut Shea Sugar Scrub Tropical Mango, 18oz, Ultra Hydrating and Exfoliating Scrub for Nourishing Essential Body Care",
        "price": "$16.55 ($0.92 / Ounce)",
        "listPrice": "",
        "imageUrl": "https://m.media-amazon.com/images/I/412Cjo55qOL._SL160_.jpg",
        "detailPageURL": "https://www.amazon.com/dp/B007DGRT3K",
        "rating": "4.7",
        "totalReviews": "91852",
        "subtitle": "Tree Hut",
        "isPrimeEligible": "0"
    },
    {
        "ASIN": "B003Z4OD24",
        "title": "Acure Brightening Facial Scrub - 4 Fl Oz - All Skin Types, Sea Kelp & French Green Clay - Softens, Detoxifies and Cleanses",
        "price": "$6.62 ($1.66 / Fl Oz)",
        "listPrice": "$9.99 ($2.50 / Fl Oz)",
        "imageUrl": "https://m.media-amazon.com/images/I/31l7yQtbriL._SL160_.jpg",
        "detailPageURL": "https://www.amazon.com/dp/B003Z4OD24",
        "rating": "4.6",
        "totalReviews": "24232",
        "subtitle": "Acure",
        "isPrimeEligible": "1"
    },
    {
        "ASIN": "B07RY5WH22",
        "title": "TULA Skin Care So Polished Exfoliating Sugar Scrub | Face Scrub, Gently Exfoliates with Sugar, Papaya, and Probiotic Extracts for a Softer and Radiant-Looking Complexion | 2.9 oz.",
        "price": "$34.00 ($11.64 / Ounce)",
        "listPrice": "",
        "imageUrl": "https://m.media-amazon.com/images/I/31KR3NCN73L._SL160_.jpg",
        "detailPageURL": "https://www.amazon.com/dp/B07RY5WH22",
        "rating": "4.7",
        "totalReviews": "1016",
        "subtitle": "TULA",
        "isPrimeEligible": "1"
    },
    {
        "ASIN": "B07TK4D5VD",
        "title": "Paula's Choice SKIN PERFECTING 8% AHA Gel Exfoliant & 2% BHA Liquid Duo - Facial Exfoliants for Blackheads, Enlarged Pores, Wrinkles, and Fine Lines w/Glycolic and Salicylic Acid",
        "price": "$68.00 ($9.32 / Fl Oz)",
        "listPrice": "",
        "imageUrl": "https://m.media-amazon.com/images/I/41KtVCKuCAL._SL160_.jpg",
        "detailPageURL": "https://www.amazon.com/dp/B07TK4D5VD",
        "rating": "4.5",
        "totalReviews": "5941",
        "subtitle": "Paula's Choice",
        "isPrimeEligible": "1"
    },
    {
        "ASIN": "B0725XFZCP",
        "title": "Buf-Puf Body Sponge, Bath Sponge, Dermatologist Developed, Cleanses Skin of Dirt, and Excess Oil, Reusable, Exfoliating, 1 Count",
        "price": "$9.09",
        "listPrice": "",
        "imageUrl": "https://m.media-amazon.com/images/I/518VfNRCmCL._SL160_.jpg",
        "detailPageURL": "https://www.amazon.com/dp/B0725XFZCP",
        "rating": "4.6",
        "totalReviews": "22157",
        "subtitle": "Buf-Puf",
        "isPrimeEligible": "1"
    },
    {
        "ASIN": "B0B28QKRLN",
        "title": "Metene 2 Pack Dry Body Brushes, Exfoliating Body Scrubbers, Natural Bristles for Dry Skin, Improve Circulation, Stop Ingrown Hairs, Reduce Acne and Cellulite",
        "price": "$9.99 ($5.00 / Count)",
        "listPrice": "$15.99 ($8.00 / Count)",
        "imageUrl": "https://m.media-amazon.com/images/I/512D+Ys5M9L._SL160_.jpg",
        "detailPageURL": "https://www.amazon.com/dp/B0B28QKRLN",
        "rating": "4.5",
        "totalReviews": "1610",
        "subtitle": "Metene",
        "isPrimeEligible": "1"
    },
    {
        "ASIN": "B07PR467S5",
        "title": "Tree Hut Shea Sugar Scrub Coco Colada, 18 oz, Ultra Hydrating and Exfoliating Scrub for Nourishing Essential Body Care",
        "price": "$7.94 ($0.44 / Ounce)",
        "listPrice": "$18.99 ($1.06 / Ounce)",
        "imageUrl": "https://m.media-amazon.com/images/I/412oIpyI8xL._SL160_.jpg",
        "detailPageURL": "https://www.amazon.com/dp/B07PR467S5",
        "rating": "4.7",
        "totalReviews": "52416",
        "subtitle": "Tree Hut",
        "isPrimeEligible": "1"
    },
    {
        "ASIN": "B00EL11LW0",
        "title": "Dermasuri Deep Exfoliating Mitt Body Scrub - Body Scrubber & Skin Cleanser for Women & Men - Skin Exfoliator for Body Tool Remover of Dead & Dry Skin Single Pack",
        "price": "$14.99",
        "listPrice": "$19.99",
        "imageUrl": "https://m.media-amazon.com/images/I/51sHeHT7JML._SL160_.jpg",
        "detailPageURL": "https://www.amazon.com/dp/B00EL11LW0",
        "rating": "4.3",
        "totalReviews": "13030",
        "subtitle": "Dermasuri",
        "isPrimeEligible": "1"
    },
    {
        "ASIN": "B0787GLBMV",
        "title": "Schick Hydro Silk Touch-Up Exfoliating Dermaplaning Tool, Face & Eyebrow Razor with Precision Cover- 3 Count | Dermaplaning Razor For Women",
        "price": "$5.94 ($1.98 / Count)",
        "listPrice": "$7.49 ($2.50 / Count)",
        "imageUrl": "https://m.media-amazon.com/images/I/41RQVKy-q0L._SL160_.jpg",
        "detailPageURL": "https://www.amazon.com/dp/B0787GLBMV",
        "rating": "4.6",
        "totalReviews": "183352",
        "subtitle": "Schick Hydro Silk",
        "isPrimeEligible": "1"
    },
    {
        "ASIN": "B007DGRT3K",
        "title": "Tree Hut Shea Sugar Scrub Tropical Mango, 18oz, Ultra Hydrating and Exfoliating Scrub for Nourishing Essential Body Care",
        "price": "$16.55 ($0.92 / Ounce)",
        "listPrice": "",
        "imageUrl": "https://m.media-amazon.com/images/I/412Cjo55qOL._SL160_.jpg",
        "detailPageURL": "https://www.amazon.com/dp/B007DGRT3K",
        "rating": "4.7",
        "totalReviews": "91852",
        "subtitle": "Tree Hut",
        "isPrimeEligible": "0"
    },
    {
        "ASIN": "B003Z4OD24",
        "title": "Acure Brightening Facial Scrub - 4 Fl Oz - All Skin Types, Sea Kelp & French Green Clay - Softens, Detoxifies and Cleanses",
        "price": "$6.62 ($1.66 / Fl Oz)",
        "listPrice": "$9.99 ($2.50 / Fl Oz)",
        "imageUrl": "https://m.media-amazon.com/images/I/31l7yQtbriL._SL160_.jpg",
        "detailPageURL": "https://www.amazon.com/dp/B003Z4OD24",
        "rating": "4.6",
        "totalReviews": "24232",
        "subtitle": "Acure",
        "isPrimeEligible": "1"
    },
    {
        "ASIN": "B07RY5WH22",
        "title": "TULA Skin Care So Polished Exfoliating Sugar Scrub | Face Scrub, Gently Exfoliates with Sugar, Papaya, and Probiotic Extracts for a Softer and Radiant-Looking Complexion | 2.9 oz.",
        "price": "$34.00 ($11.64 / Ounce)",
        "listPrice": "",
        "imageUrl": "https://m.media-amazon.com/images/I/31KR3NCN73L._SL160_.jpg",
        "detailPageURL": "https://www.amazon.com/dp/B07RY5WH22",
        "rating": "4.7",
        "totalReviews": "1016",
        "subtitle": "TULA",
        "isPrimeEligible": "1"
    },
    {
        "ASIN": "B07TK4D5VD",
        "title": "Paula's Choice SKIN PERFECTING 8% AHA Gel Exfoliant & 2% BHA Liquid Duo - Facial Exfoliants for Blackheads, Enlarged Pores, Wrinkles, and Fine Lines w/Glycolic and Salicylic Acid",
        "price": "$68.00 ($9.32 / Fl Oz)",
        "listPrice": "",
        "imageUrl": "https://m.media-amazon.com/images/I/41KtVCKuCAL._SL160_.jpg",
        "detailPageURL": "https://www.amazon.com/dp/B07TK4D5VD",
        "rating": "4.5",
        "totalReviews": "5941",
        "subtitle": "Paula's Choice",
        "isPrimeEligible": "1"
    },
    {
        "ASIN": "B0725XFZCP",
        "title": "Buf-Puf Body Sponge, Bath Sponge, Dermatologist Developed, Cleanses Skin of Dirt, and Excess Oil, Reusable, Exfoliating, 1 Count",
        "price": "$9.09",
        "listPrice": "",
        "imageUrl": "https://m.media-amazon.com/images/I/518VfNRCmCL._SL160_.jpg",
        "detailPageURL": "https://www.amazon.com/dp/B0725XFZCP",
        "rating": "4.6",
        "totalReviews": "22157",
        "subtitle": "Buf-Puf",
        "isPrimeEligible": "1"
    },
    {
        "ASIN": "B09X6CVS53",
        "title": "Exfoliating Body Scrub | Turmeric Body Scrub and Skin Exfoliator with Collagen and Coconut Oil | Gently Exfoliate Face Body Hand and Foot Scrub| Moisturizing Body SkinCare products by M3 Naturals",
        "price": "$19.72 ($1.64 / Fl Oz)",
        "listPrice": "$24.65 ($2.05 / Fl Oz)",
        "imageUrl": "https://m.media-amazon.com/images/I/51wg56b-7UL._SL160_.jpg",
        "detailPageURL": "https://www.amazon.com/dp/B09X6CVS53",
        "rating": "4.4",
        "totalReviews": "14381",
        "subtitle": "M3 Naturals",
        "isPrimeEligible": "1"
    },
    {
        "ASIN": "B07PR467S5",
        "title": "Tree Hut Shea Sugar Scrub Coco Colada, 18 oz, Ultra Hydrating and Exfoliating Scrub for Nourishing Essential Body Care",
        "price": "$7.94 ($0.44 / Ounce)",
        "listPrice": "$18.99 ($1.06 / Ounce)",
        "imageUrl": "https://m.media-amazon.com/images/I/412oIpyI8xL._SL160_.jpg",
        "detailPageURL": "https://www.amazon.com/dp/B07PR467S5",
        "rating": "4.7",
        "totalReviews": "52416",
        "subtitle": "Tree Hut",
        "isPrimeEligible": "1"
    },
    {
        "ASIN": "B00EL11LW0",
        "title": "Dermasuri Deep Exfoliating Mitt Body Scrub - Body Scrubber & Skin Cleanser for Women & Men - Skin Exfoliator for Body Tool Remover of Dead & Dry Skin Single Pack",
        "price": "$14.99",
        "listPrice": "$19.99",
        "imageUrl": "https://m.media-amazon.com/images/I/51sHeHT7JML._SL160_.jpg",
        "detailPageURL": "https://www.amazon.com/dp/B00EL11LW0",
        "rating": "4.3",
        "totalReviews": "13030",
        "subtitle": "Dermasuri",
        "isPrimeEligible": "1"
    },
    {
        "ASIN": "B0787GLBMV",
        "title": "Schick Hydro Silk Touch-Up Exfoliating Dermaplaning Tool, Face & Eyebrow Razor with Precision Cover- 3 Count | Dermaplaning Razor For Women",
        "price": "$5.94 ($1.98 / Count)",
        "listPrice": "$7.49 ($2.50 / Count)",
        "imageUrl": "https://m.media-amazon.com/images/I/41RQVKy-q0L._SL160_.jpg",
        "detailPageURL": "https://www.amazon.com/dp/B0787GLBMV",
        "rating": "4.6",
        "totalReviews": "183352",
        "subtitle": "Schick Hydro Silk",
        "isPrimeEligible": "1"
    },
    {
        "ASIN": "B007DGRT3K",
        "title": "Tree Hut Shea Sugar Scrub Tropical Mango, 18oz, Ultra Hydrating and Exfoliating Scrub for Nourishing Essential Body Care",
        "price": "$16.55 ($0.92 / Ounce)",
        "listPrice": "",
        "imageUrl": "https://m.media-amazon.com/images/I/412Cjo55qOL._SL160_.jpg",
        "detailPageURL": "https://www.amazon.com/dp/B007DGRT3K",
        "rating": "4.7",
        "totalReviews": "91852",
        "subtitle": "Tree Hut",
        "isPrimeEligible": "0"
    },
    {
        "ASIN": "B003Z4OD24",
        "title": "Acure Brightening Facial Scrub - 4 Fl Oz - All Skin Types, Sea Kelp & French Green Clay - Softens, Detoxifies and Cleanses",
        "price": "$6.62 ($1.66 / Fl Oz)",
        "listPrice": "$9.99 ($2.50 / Fl Oz)",
        "imageUrl": "https://m.media-amazon.com/images/I/31l7yQtbriL._SL160_.jpg",
        "detailPageURL": "https://www.amazon.com/dp/B003Z4OD24",
        "rating": "4.6",
        "totalReviews": "24232",
        "subtitle": "Acure",
        "isPrimeEligible": "1"
    },
    {
        "ASIN": "B07RY5WH22",
        "title": "TULA Skin Care So Polished Exfoliating Sugar Scrub | Face Scrub, Gently Exfoliates with Sugar, Papaya, and Probiotic Extracts for a Softer and Radiant-Looking Complexion | 2.9 oz.",
        "price": "$34.00 ($11.64 / Ounce)",
        "listPrice": "",
        "imageUrl": "https://m.media-amazon.com/images/I/31KR3NCN73L._SL160_.jpg",
        "detailPageURL": "https://www.amazon.com/dp/B07RY5WH22",
        "rating": "4.7",
        "totalReviews": "1016",
        "subtitle": "TULA",
        "isPrimeEligible": "1"
    },
    {
        "ASIN": "B07TK4D5VD",
        "title": "Paula's Choice SKIN PERFECTING 8% AHA Gel Exfoliant & 2% BHA Liquid Duo - Facial Exfoliants for Blackheads, Enlarged Pores, Wrinkles, and Fine Lines w/Glycolic and Salicylic Acid",
        "price": "$68.00 ($9.32 / Fl Oz)",
        "listPrice": "",
        "imageUrl": "https://m.media-amazon.com/images/I/41KtVCKuCAL._SL160_.jpg",
        "detailPageURL": "https://www.amazon.com/dp/B07TK4D5VD",
        "rating": "4.5",
        "totalReviews": "5941",
        "subtitle": "Paula's Choice",
        "isPrimeEligible": "1"
    },
    {
        "ASIN": "B0725XFZCP",
        "title": "Buf-Puf Body Sponge, Bath Sponge, Dermatologist Developed, Cleanses Skin of Dirt, and Excess Oil, Reusable, Exfoliating, 1 Count",
        "price": "$9.09",
        "listPrice": "",
        "imageUrl": "https://m.media-amazon.com/images/I/518VfNRCmCL._SL160_.jpg",
        "detailPageURL": "https://www.amazon.com/dp/B0725XFZCP",
        "rating": "4.6",
        "totalReviews": "22157",
        "subtitle": "Buf-Puf",
        "isPrimeEligible": "1"
    },
    {
        "ASIN": "B09X6CVS53",
        "title": "Exfoliating Body Scrub | Turmeric Body Scrub and Skin Exfoliator with Collagen and Coconut Oil | Gently Exfoliate Face Body Hand and Foot Scrub| Moisturizing Body SkinCare products by M3 Naturals",
        "price": "$19.72 ($1.64 / Fl Oz)",
        "listPrice": "$24.65 ($2.05 / Fl Oz)",
        "imageUrl": "https://m.media-amazon.com/images/I/51wg56b-7UL._SL160_.jpg",
        "detailPageURL": "https://www.amazon.com/dp/B09X6CVS53",
        "rating": "4.4",
        "totalReviews": "14381",
        "subtitle": "M3 Naturals",
        "isPrimeEligible": "1"
    },
    {
        "ASIN": "B09ZJ1SM2T",
        "title": "Set of 2 Body Brush-Natural Bristle Dry Skin Exfoliating Brush and Soft Silicone Body Scrubber for Sensitive Kids Women Men All Kinds of Skin to Exfoliate, Improve Blood Circulation (Gray Scrubber)",
        "price": "$5.99 ($5.99 / Count)",
        "listPrice": "",
        "imageUrl": "https://m.media-amazon.com/images/I/41XQ9o3rdIL._SL160_.jpg",
        "detailPageURL": "https://www.amazon.com/dp/B09ZJ1SM2T",
        "rating": "4.6",
        "totalReviews": "432",
        "subtitle": "JMH",
        "isPrimeEligible": "1"
    },
    {
        "ASIN": "B00EL11LW0",
        "title": "Dermasuri Deep Exfoliating Mitt Body Scrub - Body Scrubber & Skin Cleanser for Women & Men - Skin Exfoliator for Body Tool Remover of Dead & Dry Skin Single Pack",
        "price": "$14.99",
        "listPrice": "$19.99",
        "imageUrl": "https://m.media-amazon.com/images/I/51sHeHT7JML._SL160_.jpg",
        "detailPageURL": "https://www.amazon.com/dp/B00EL11LW0",
        "rating": "4.3",
        "totalReviews": "13030",
        "subtitle": "Dermasuri",
        "isPrimeEligible": "1"
    },
    {
        "ASIN": "B0787GLBMV",
        "title": "Schick Hydro Silk Touch-Up Exfoliating Dermaplaning Tool, Face & Eyebrow Razor with Precision Cover- 3 Count | Dermaplaning Razor For Women",
        "price": "$5.94 ($1.98 / Count)",
        "listPrice": "$7.49 ($2.50 / Count)",
        "imageUrl": "https://m.media-amazon.com/images/I/41RQVKy-q0L._SL160_.jpg",
        "detailPageURL": "https://www.amazon.com/dp/B0787GLBMV",
        "rating": "4.6",
        "totalReviews": "183352",
        "subtitle": "Schick Hydro Silk",
        "isPrimeEligible": "1"
    },
    {
        "ASIN": "B007DGRT3K",
        "title": "Tree Hut Shea Sugar Scrub Tropical Mango, 18oz, Ultra Hydrating and Exfoliating Scrub for Nourishing Essential Body Care",
        "price": "$16.55 ($0.92 / Ounce)",
        "listPrice": "",
        "imageUrl": "https://m.media-amazon.com/images/I/412Cjo55qOL._SL160_.jpg",
        "detailPageURL": "https://www.amazon.com/dp/B007DGRT3K",
        "rating": "4.7",
        "totalReviews": "91852",
        "subtitle": "Tree Hut",
        "isPrimeEligible": "0"
    },
    {
        "ASIN": "B003Z4OD24",
        "title": "Acure Brightening Facial Scrub - 4 Fl Oz - All Skin Types, Sea Kelp & French Green Clay - Softens, Detoxifies and Cleanses",
        "price": "$6.62 ($1.66 / Fl Oz)",
        "listPrice": "$9.99 ($2.50 / Fl Oz)",
        "imageUrl": "https://m.media-amazon.com/images/I/31l7yQtbriL._SL160_.jpg",
        "detailPageURL": "https://www.amazon.com/dp/B003Z4OD24",
        "rating": "4.6",
        "totalReviews": "24232",
        "subtitle": "Acure",
        "isPrimeEligible": "1"
    },
    {
        "ASIN": "B07RY5WH22",
        "title": "TULA Skin Care So Polished Exfoliating Sugar Scrub | Face Scrub, Gently Exfoliates with Sugar, Papaya, and Probiotic Extracts for a Softer and Radiant-Looking Complexion | 2.9 oz.",
        "price": "$34.00 ($11.64 / Ounce)",
        "listPrice": "",
        "imageUrl": "https://m.media-amazon.com/images/I/31KR3NCN73L._SL160_.jpg",
        "detailPageURL": "https://www.amazon.com/dp/B07RY5WH22",
        "rating": "4.7",
        "totalReviews": "1016",
        "subtitle": "TULA",
        "isPrimeEligible": "1"
    },
    {
        "ASIN": "B07TK4D5VD",
        "title": "Paula's Choice SKIN PERFECTING 8% AHA Gel Exfoliant & 2% BHA Liquid Duo - Facial Exfoliants for Blackheads, Enlarged Pores, Wrinkles, and Fine Lines w/Glycolic and Salicylic Acid",
        "price": "$68.00 ($9.32 / Fl Oz)",
        "listPrice": "",
        "imageUrl": "https://m.media-amazon.com/images/I/41KtVCKuCAL._SL160_.jpg",
        "detailPageURL": "https://www.amazon.com/dp/B07TK4D5VD",
        "rating": "4.5",
        "totalReviews": "5941",
        "subtitle": "Paula's Choice",
        "isPrimeEligible": "1"
    },
    {
        "ASIN": "B0725XFZCP",
        "title": "Buf-Puf Body Sponge, Bath Sponge, Dermatologist Developed, Cleanses Skin of Dirt, and Excess Oil, Reusable, Exfoliating, 1 Count",
        "price": "$9.09",
        "listPrice": "",
        "imageUrl": "https://m.media-amazon.com/images/I/518VfNRCmCL._SL160_.jpg",
        "detailPageURL": "https://www.amazon.com/dp/B0725XFZCP",
        "rating": "4.6",
        "totalReviews": "22157",
        "subtitle": "Buf-Puf",
        "isPrimeEligible": "1"
    },
    {
        "ASIN": "B09X6CVS53",
        "title": "Exfoliating Body Scrub | Turmeric Body Scrub and Skin Exfoliator with Collagen and Coconut Oil | Gently Exfoliate Face Body Hand and Foot Scrub| Moisturizing Body SkinCare products by M3 Naturals",
        "price": "$19.72 ($1.64 / Fl Oz)",
        "listPrice": "$24.65 ($2.05 / Fl Oz)",
        "imageUrl": "https://m.media-amazon.com/images/I/51wg56b-7UL._SL160_.jpg",
        "detailPageURL": "https://www.amazon.com/dp/B09X6CVS53",
        "rating": "4.4",
        "totalReviews": "14381",
        "subtitle": "M3 Naturals",
        "isPrimeEligible": "1"
    },
    {
        "ASIN": "B09ZJ1SM2T",
        "title": "Set of 2 Body Brush-Natural Bristle Dry Skin Exfoliating Brush and Soft Silicone Body Scrubber for Sensitive Kids Women Men All Kinds of Skin to Exfoliate, Improve Blood Circulation (Gray Scrubber)",
        "price": "$5.99 ($5.99 / Count)",
        "listPrice": "",
        "imageUrl": "https://m.media-amazon.com/images/I/41XQ9o3rdIL._SL160_.jpg",
        "detailPageURL": "https://www.amazon.com/dp/B09ZJ1SM2T",
        "rating": "4.6",
        "totalReviews": "432",
        "subtitle": "JMH",
        "isPrimeEligible": "1"
    },
    {
        "ASIN": "B081NKNMJW",
        "title": "Premium Exfoliating Facial Loofah Scrubbers, Natural Face Exfoliator Pad Cleanser Sponges for Clean and Vibrant Facial Skin - 6 Count(1 Pack)",
        "price": "$11.99 ($2.00 / Count)",
        "listPrice": "",
        "imageUrl": "https://m.media-amazon.com/images/I/51ZnfaZq3GL._SL160_.jpg",
        "detailPageURL": "https://www.amazon.com/dp/B081NKNMJW",
        "rating": "4.3",
        "totalReviews": "2165",
        "subtitle": "ALMOONI",
        "isPrimeEligible": "1"
    },
    {
        "ASIN": "B0787GLBMV",
        "title": "Schick Hydro Silk Touch-Up Exfoliating Dermaplaning Tool, Face & Eyebrow Razor with Precision Cover- 3 Count | Dermaplaning Razor For Women",
        "price": "$5.94 ($1.98 / Count)",
        "listPrice": "$7.49 ($2.50 / Count)",
        "imageUrl": "https://m.media-amazon.com/images/I/41RQVKy-q0L._SL160_.jpg",
        "detailPageURL": "https://www.amazon.com/dp/B0787GLBMV",
        "rating": "4.6",
        "totalReviews": "183352",
        "subtitle": "Schick Hydro Silk",
        "isPrimeEligible": "1"
    },
    {
        "ASIN": "B007DGRT3K",
        "title": "Tree Hut Shea Sugar Scrub Tropical Mango, 18oz, Ultra Hydrating and Exfoliating Scrub for Nourishing Essential Body Care",
        "price": "$16.55 ($0.92 / Ounce)",
        "listPrice": "",
        "imageUrl": "https://m.media-amazon.com/images/I/412Cjo55qOL._SL160_.jpg",
        "detailPageURL": "https://www.amazon.com/dp/B007DGRT3K",
        "rating": "4.7",
        "totalReviews": "91852",
        "subtitle": "Tree Hut",
        "isPrimeEligible": "0"
    },
    {
        "ASIN": "B003Z4OD24",
        "title": "Acure Brightening Facial Scrub - 4 Fl Oz - All Skin Types, Sea Kelp & French Green Clay - Softens, Detoxifies and Cleanses",
        "price": "$6.62 ($1.66 / Fl Oz)",
        "listPrice": "$9.99 ($2.50 / Fl Oz)",
        "imageUrl": "https://m.media-amazon.com/images/I/31l7yQtbriL._SL160_.jpg",
        "detailPageURL": "https://www.amazon.com/dp/B003Z4OD24",
        "rating": "4.6",
        "totalReviews": "24232",
        "subtitle": "Acure",
        "isPrimeEligible": "1"
    },
    {
        "ASIN": "B07RY5WH22",
        "title": "TULA Skin Care So Polished Exfoliating Sugar Scrub | Face Scrub, Gently Exfoliates with Sugar, Papaya, and Probiotic Extracts for a Softer and Radiant-Looking Complexion | 2.9 oz.",
        "price": "$34.00 ($11.64 / Ounce)",
        "listPrice": "",
        "imageUrl": "https://m.media-amazon.com/images/I/31KR3NCN73L._SL160_.jpg",
        "detailPageURL": "https://www.amazon.com/dp/B07RY5WH22",
        "rating": "4.7",
        "totalReviews": "1016",
        "subtitle": "TULA",
        "isPrimeEligible": "1"
    },
    {
        "ASIN": "B07TK4D5VD",
        "title": "Paula's Choice SKIN PERFECTING 8% AHA Gel Exfoliant & 2% BHA Liquid Duo - Facial Exfoliants for Blackheads, Enlarged Pores, Wrinkles, and Fine Lines w/Glycolic and Salicylic Acid",
        "price": "$68.00 ($9.32 / Fl Oz)",
        "listPrice": "",
        "imageUrl": "https://m.media-amazon.com/images/I/41KtVCKuCAL._SL160_.jpg",
        "detailPageURL": "https://www.amazon.com/dp/B07TK4D5VD",
        "rating": "4.5",
        "totalReviews": "5941",
        "subtitle": "Paula's Choice",
        "isPrimeEligible": "1"
    },
    {
        "ASIN": "B0725XFZCP",
        "title": "Buf-Puf Body Sponge, Bath Sponge, Dermatologist Developed, Cleanses Skin of Dirt, and Excess Oil, Reusable, Exfoliating, 1 Count",
        "price": "$9.09",
        "listPrice": "",
        "imageUrl": "https://m.media-amazon.com/images/I/518VfNRCmCL._SL160_.jpg",
        "detailPageURL": "https://www.amazon.com/dp/B0725XFZCP",
        "rating": "4.6",
        "totalReviews": "22157",
        "subtitle": "Buf-Puf",
        "isPrimeEligible": "1"
    },
    {
        "ASIN": "B09X6CVS53",
        "title": "Exfoliating Body Scrub | Turmeric Body Scrub and Skin Exfoliator with Collagen and Coconut Oil | Gently Exfoliate Face Body Hand and Foot Scrub| Moisturizing Body SkinCare products by M3 Naturals",
        "price": "$19.72 ($1.64 / Fl Oz)",
        "listPrice": "$24.65 ($2.05 / Fl Oz)",
        "imageUrl": "https://m.media-amazon.com/images/I/51wg56b-7UL._SL160_.jpg",
        "detailPageURL": "https://www.amazon.com/dp/B09X6CVS53",
        "rating": "4.4",
        "totalReviews": "14381",
        "subtitle": "M3 Naturals",
        "isPrimeEligible": "1"
    },
    {
        "ASIN": "B09ZJ1SM2T",
        "title": "Set of 2 Body Brush-Natural Bristle Dry Skin Exfoliating Brush and Soft Silicone Body Scrubber for Sensitive Kids Women Men All Kinds of Skin to Exfoliate, Improve Blood Circulation (Gray Scrubber)",
        "price": "$5.99 ($5.99 / Count)",
        "listPrice": "",
        "imageUrl": "https://m.media-amazon.com/images/I/41XQ9o3rdIL._SL160_.jpg",
        "detailPageURL": "https://www.amazon.com/dp/B09ZJ1SM2T",
        "rating": "4.6",
        "totalReviews": "432",
        "subtitle": "JMH",
        "isPrimeEligible": "1"
    },
    {
        "ASIN": "B081NKNMJW",
        "title": "Premium Exfoliating Facial Loofah Scrubbers, Natural Face Exfoliator Pad Cleanser Sponges for Clean and Vibrant Facial Skin - 6 Count(1 Pack)",
        "price": "$11.99 ($2.00 / Count)",
        "listPrice": "",
        "imageUrl": "https://m.media-amazon.com/images/I/51ZnfaZq3GL._SL160_.jpg",
        "detailPageURL": "https://www.amazon.com/dp/B081NKNMJW",
        "rating": "4.3",
        "totalReviews": "2165",
        "subtitle": "ALMOONI",
        "isPrimeEligible": "1"
    },
    {
        "ASIN": "B0CDTSJ94B",
        "title": "Paulas Choice-SKIN PERFECTING 2% BHA Liquid Salicylic Acid Exfoliant-Facial Exfoliant for Blackheads, Enlarged Pores, Wrinkles & Fine Lines, 4 oz Bottle",
        "price": "$17.47 ($4.37 / Fl Oz)",
        "listPrice": "$27.95 ($6.99 / Fl Oz)",
        "imageUrl": "https://m.media-amazon.com/images/I/31P5BfaPb4L._SL160_.jpg",
        "detailPageURL": "https://www.amazon.com/dp/B0CDTSJ94B",
        "rating": "",
        "totalReviews": "",
        "subtitle": "Generic",
        "isPrimeEligible": "1"
    },
    {
        "ASIN": "B007DGRT3K",
        "title": "Tree Hut Shea Sugar Scrub Tropical Mango, 18oz, Ultra Hydrating and Exfoliating Scrub for Nourishing Essential Body Care",
        "price": "$16.55 ($0.92 / Ounce)",
        "listPrice": "",
        "imageUrl": "https://m.media-amazon.com/images/I/412Cjo55qOL._SL160_.jpg",
        "detailPageURL": "https://www.amazon.com/dp/B007DGRT3K",
        "rating": "4.7",
        "totalReviews": "91852",
        "subtitle": "Tree Hut",
        "isPrimeEligible": "0"
    },
    {
        "ASIN": "B003Z4OD24",
        "title": "Acure Brightening Facial Scrub - 4 Fl Oz - All Skin Types, Sea Kelp & French Green Clay - Softens, Detoxifies and Cleanses",
        "price": "$6.62 ($1.66 / Fl Oz)",
        "listPrice": "$9.99 ($2.50 / Fl Oz)",
        "imageUrl": "https://m.media-amazon.com/images/I/31l7yQtbriL._SL160_.jpg",
        "detailPageURL": "https://www.amazon.com/dp/B003Z4OD24",
        "rating": "4.6",
        "totalReviews": "24232",
        "subtitle": "Acure",
        "isPrimeEligible": "1"
    },
    {
        "ASIN": "B07RY5WH22",
        "title": "TULA Skin Care So Polished Exfoliating Sugar Scrub | Face Scrub, Gently Exfoliates with Sugar, Papaya, and Probiotic Extracts for a Softer and Radiant-Looking Complexion | 2.9 oz.",
        "price": "$34.00 ($11.64 / Ounce)",
        "listPrice": "",
        "imageUrl": "https://m.media-amazon.com/images/I/31KR3NCN73L._SL160_.jpg",
        "detailPageURL": "https://www.amazon.com/dp/B07RY5WH22",
        "rating": "4.7",
        "totalReviews": "1016",
        "subtitle": "TULA",
        "isPrimeEligible": "1"
    },
    {
        "ASIN": "B07TK4D5VD",
        "title": "Paula's Choice SKIN PERFECTING 8% AHA Gel Exfoliant & 2% BHA Liquid Duo - Facial Exfoliants for Blackheads, Enlarged Pores, Wrinkles, and Fine Lines w/Glycolic and Salicylic Acid",
        "price": "$68.00 ($9.32 / Fl Oz)",
        "listPrice": "",
        "imageUrl": "https://m.media-amazon.com/images/I/41KtVCKuCAL._SL160_.jpg",
        "detailPageURL": "https://www.amazon.com/dp/B07TK4D5VD",
        "rating": "4.5",
        "totalReviews": "5941",
        "subtitle": "Paula's Choice",
        "isPrimeEligible": "1"
    },
    {
        "ASIN": "B0725XFZCP",
        "title": "Buf-Puf Body Sponge, Bath Sponge, Dermatologist Developed, Cleanses Skin of Dirt, and Excess Oil, Reusable, Exfoliating, 1 Count",
        "price": "$9.09",
        "listPrice": "",
        "imageUrl": "https://m.media-amazon.com/images/I/518VfNRCmCL._SL160_.jpg",
        "detailPageURL": "https://www.amazon.com/dp/B0725XFZCP",
        "rating": "4.6",
        "totalReviews": "22157",
        "subtitle": "Buf-Puf",
        "isPrimeEligible": "1"
    },
    {
        "ASIN": "B09X6CVS53",
        "title": "Exfoliating Body Scrub | Turmeric Body Scrub and Skin Exfoliator with Collagen and Coconut Oil | Gently Exfoliate Face Body Hand and Foot Scrub| Moisturizing Body SkinCare products by M3 Naturals",
        "price": "$19.72 ($1.64 / Fl Oz)",
        "listPrice": "$24.65 ($2.05 / Fl Oz)",
        "imageUrl": "https://m.media-amazon.com/images/I/51wg56b-7UL._SL160_.jpg",
        "detailPageURL": "https://www.amazon.com/dp/B09X6CVS53",
        "rating": "4.4",
        "totalReviews": "14381",
        "subtitle": "M3 Naturals",
        "isPrimeEligible": "1"
    },
    {
        "ASIN": "B09ZJ1SM2T",
        "title": "Set of 2 Body Brush-Natural Bristle Dry Skin Exfoliating Brush and Soft Silicone Body Scrubber for Sensitive Kids Women Men All Kinds of Skin to Exfoliate, Improve Blood Circulation (Gray Scrubber)",
        "price": "$5.99 ($5.99 / Count)",
        "listPrice": "",
        "imageUrl": "https://m.media-amazon.com/images/I/41XQ9o3rdIL._SL160_.jpg",
        "detailPageURL": "https://www.amazon.com/dp/B09ZJ1SM2T",
        "rating": "4.6",
        "totalReviews": "432",
        "subtitle": "JMH",
        "isPrimeEligible": "1"
    },
    {
        "ASIN": "B081NKNMJW",
        "title": "Premium Exfoliating Facial Loofah Scrubbers, Natural Face Exfoliator Pad Cleanser Sponges for Clean and Vibrant Facial Skin - 6 Count(1 Pack)",
        "price": "$11.99 ($2.00 / Count)",
        "listPrice": "",
        "imageUrl": "https://m.media-amazon.com/images/I/51ZnfaZq3GL._SL160_.jpg",
        "detailPageURL": "https://www.amazon.com/dp/B081NKNMJW",
        "rating": "4.3",
        "totalReviews": "2165",
        "subtitle": "ALMOONI",
        "isPrimeEligible": "1"
    },
    {
        "ASIN": "B0CDTSJ94B",
        "title": "Paulas Choice-SKIN PERFECTING 2% BHA Liquid Salicylic Acid Exfoliant-Facial Exfoliant for Blackheads, Enlarged Pores, Wrinkles & Fine Lines, 4 oz Bottle",
        "price": "$17.47 ($4.37 / Fl Oz)",
        "listPrice": "$27.95 ($6.99 / Fl Oz)",
        "imageUrl": "https://m.media-amazon.com/images/I/31P5BfaPb4L._SL160_.jpg",
        "detailPageURL": "https://www.amazon.com/dp/B0CDTSJ94B",
        "rating": "",
        "totalReviews": "",
        "subtitle": "Generic",
        "isPrimeEligible": "1"
    },
    {
        "ASIN": "B092T7CQV5",
        "title": "N\u00e5graCoola CLIE Facial Cleansing Brush, Waterproof and Rechargeable Face Scrub Brush for Men & Women, Cleansing, Exfoliating and Massaging, Electric Face Scrubber - Blue",
        "price": "$31.99 ($31.99 / Count)",
        "listPrice": "$39.99 ($39.99 / Count)",
        "imageUrl": "https://m.media-amazon.com/images/I/41MWcUZPh7S._SL160_.jpg",
        "detailPageURL": "https://www.amazon.com/dp/B092T7CQV5",
        "rating": "4.4",
        "totalReviews": "9271",
        "subtitle": "N\u00e5graCoola",
        "isPrimeEligible": "1"
    },
    {
        "ASIN": "B003Z4OD24",
        "title": "Acure Brightening Facial Scrub - 4 Fl Oz - All Skin Types, Sea Kelp & French Green Clay - Softens, Detoxifies and Cleanses",
        "price": "$6.62 ($1.66 / Fl Oz)",
        "listPrice": "$9.99 ($2.50 / Fl Oz)",
        "imageUrl": "https://m.media-amazon.com/images/I/31l7yQtbriL._SL160_.jpg",
        "detailPageURL": "https://www.amazon.com/dp/B003Z4OD24",
        "rating": "4.6",
        "totalReviews": "24232",
        "subtitle": "Acure",
        "isPrimeEligible": "1"
    },
    {
        "ASIN": "B07RY5WH22",
        "title": "TULA Skin Care So Polished Exfoliating Sugar Scrub | Face Scrub, Gently Exfoliates with Sugar, Papaya, and Probiotic Extracts for a Softer and Radiant-Looking Complexion | 2.9 oz.",
        "price": "$34.00 ($11.64 / Ounce)",
        "listPrice": "",
        "imageUrl": "https://m.media-amazon.com/images/I/31KR3NCN73L._SL160_.jpg",
        "detailPageURL": "https://www.amazon.com/dp/B07RY5WH22",
        "rating": "4.7",
        "totalReviews": "1016",
        "subtitle": "TULA",
        "isPrimeEligible": "1"
    },
    {
        "ASIN": "B07TK4D5VD",
        "title": "Paula's Choice SKIN PERFECTING 8% AHA Gel Exfoliant & 2% BHA Liquid Duo - Facial Exfoliants for Blackheads, Enlarged Pores, Wrinkles, and Fine Lines w/Glycolic and Salicylic Acid",
        "price": "$68.00 ($9.32 / Fl Oz)",
        "listPrice": "",
        "imageUrl": "https://m.media-amazon.com/images/I/41KtVCKuCAL._SL160_.jpg",
        "detailPageURL": "https://www.amazon.com/dp/B07TK4D5VD",
        "rating": "4.5",
        "totalReviews": "5941",
        "subtitle": "Paula's Choice",
        "isPrimeEligible": "1"
    },
    {
        "ASIN": "B0725XFZCP",
        "title": "Buf-Puf Body Sponge, Bath Sponge, Dermatologist Developed, Cleanses Skin of Dirt, and Excess Oil, Reusable, Exfoliating, 1 Count",
        "price": "$9.09",
        "listPrice": "",
        "imageUrl": "https://m.media-amazon.com/images/I/518VfNRCmCL._SL160_.jpg",
        "detailPageURL": "https://www.amazon.com/dp/B0725XFZCP",
        "rating": "4.6",
        "totalReviews": "22157",
        "subtitle": "Buf-Puf",
        "isPrimeEligible": "1"
    },
    {
        "ASIN": "B09X6CVS53",
        "title": "Exfoliating Body Scrub | Turmeric Body Scrub and Skin Exfoliator with Collagen and Coconut Oil | Gently Exfoliate Face Body Hand and Foot Scrub| Moisturizing Body SkinCare products by M3 Naturals",
        "price": "$19.72 ($1.64 / Fl Oz)",
        "listPrice": "$24.65 ($2.05 / Fl Oz)",
        "imageUrl": "https://m.media-amazon.com/images/I/51wg56b-7UL._SL160_.jpg",
        "detailPageURL": "https://www.amazon.com/dp/B09X6CVS53",
        "rating": "4.4",
        "totalReviews": "14381",
        "subtitle": "M3 Naturals",
        "isPrimeEligible": "1"
    },
    {
        "ASIN": "B09ZJ1SM2T",
        "title": "Set of 2 Body Brush-Natural Bristle Dry Skin Exfoliating Brush and Soft Silicone Body Scrubber for Sensitive Kids Women Men All Kinds of Skin to Exfoliate, Improve Blood Circulation (Gray Scrubber)",
        "price": "$5.99 ($5.99 / Count)",
        "listPrice": "",
        "imageUrl": "https://m.media-amazon.com/images/I/41XQ9o3rdIL._SL160_.jpg",
        "detailPageURL": "https://www.amazon.com/dp/B09ZJ1SM2T",
        "rating": "4.6",
        "totalReviews": "432",
        "subtitle": "JMH",
        "isPrimeEligible": "1"
    },
    {
        "ASIN": "B081NKNMJW",
        "title": "Premium Exfoliating Facial Loofah Scrubbers, Natural Face Exfoliator Pad Cleanser Sponges for Clean and Vibrant Facial Skin - 6 Count(1 Pack)",
        "price": "$11.99 ($2.00 / Count)",
        "listPrice": "",
        "imageUrl": "https://m.media-amazon.com/images/I/51ZnfaZq3GL._SL160_.jpg",
        "detailPageURL": "https://www.amazon.com/dp/B081NKNMJW",
        "rating": "4.3",
        "totalReviews": "2165",
        "subtitle": "ALMOONI",
        "isPrimeEligible": "1"
    },
    {
        "ASIN": "B0CDTSJ94B",
        "title": "Paulas Choice-SKIN PERFECTING 2% BHA Liquid Salicylic Acid Exfoliant-Facial Exfoliant for Blackheads, Enlarged Pores, Wrinkles & Fine Lines, 4 oz Bottle",
        "price": "$17.47 ($4.37 / Fl Oz)",
        "listPrice": "$27.95 ($6.99 / Fl Oz)",
        "imageUrl": "https://m.media-amazon.com/images/I/31P5BfaPb4L._SL160_.jpg",
        "detailPageURL": "https://www.amazon.com/dp/B0CDTSJ94B",
        "rating": "",
        "totalReviews": "",
        "subtitle": "Generic",
        "isPrimeEligible": "1"
    },
    {
        "ASIN": "B092T7CQV5",
        "title": "N\u00e5graCoola CLIE Facial Cleansing Brush, Waterproof and Rechargeable Face Scrub Brush for Men & Women, Cleansing, Exfoliating and Massaging, Electric Face Scrubber - Blue",
        "price": "$31.99 ($31.99 / Count)",
        "listPrice": "$39.99 ($39.99 / Count)",
        "imageUrl": "https://m.media-amazon.com/images/I/41MWcUZPh7S._SL160_.jpg",
        "detailPageURL": "https://www.amazon.com/dp/B092T7CQV5",
        "rating": "4.4",
        "totalReviews": "9271",
        "subtitle": "N\u00e5graCoola",
        "isPrimeEligible": "1"
    },
    {
        "ASIN": "B001VMJSCW",
        "title": "Dermalogica Daily Microfoliant - Exfoliator Facial Scrub Powder - Achieve Brighter, Smoother Skin daily with Papaya Enzyme and Salicylic Acid",
        "price": "$18.00 ($40.00 / Ounce)",
        "listPrice": "",
        "imageUrl": "https://m.media-amazon.com/images/I/31N7x4-aJAL._SL160_.jpg",
        "detailPageURL": "https://www.amazon.com/dp/B001VMJSCW",
        "rating": "4.6",
        "totalReviews": "8465",
        "subtitle": "",
        "isPrimeEligible": "1"
    },
    {
        "ASIN": "B07RY5WH22",
        "title": "TULA Skin Care So Polished Exfoliating Sugar Scrub | Face Scrub, Gently Exfoliates with Sugar, Papaya, and Probiotic Extracts for a Softer and Radiant-Looking Complexion | 2.9 oz.",
        "price": "$34.00 ($11.64 / Ounce)",
        "listPrice": "",
        "imageUrl": "https://m.media-amazon.com/images/I/31KR3NCN73L._SL160_.jpg",
        "detailPageURL": "https://www.amazon.com/dp/B07RY5WH22",
        "rating": "4.7",
        "totalReviews": "1016",
        "subtitle": "TULA",
        "isPrimeEligible": "1"
    },
    {
        "ASIN": "B07TK4D5VD",
        "title": "Paula's Choice SKIN PERFECTING 8% AHA Gel Exfoliant & 2% BHA Liquid Duo - Facial Exfoliants for Blackheads, Enlarged Pores, Wrinkles, and Fine Lines w/Glycolic and Salicylic Acid",
        "price": "$68.00 ($9.32 / Fl Oz)",
        "listPrice": "",
        "imageUrl": "https://m.media-amazon.com/images/I/41KtVCKuCAL._SL160_.jpg",
        "detailPageURL": "https://www.amazon.com/dp/B07TK4D5VD",
        "rating": "4.5",
        "totalReviews": "5941",
        "subtitle": "Paula's Choice",
        "isPrimeEligible": "1"
    },
    {
        "ASIN": "B0725XFZCP",
        "title": "Buf-Puf Body Sponge, Bath Sponge, Dermatologist Developed, Cleanses Skin of Dirt, and Excess Oil, Reusable, Exfoliating, 1 Count",
        "price": "$9.09",
        "listPrice": "",
        "imageUrl": "https://m.media-amazon.com/images/I/518VfNRCmCL._SL160_.jpg",
        "detailPageURL": "https://www.amazon.com/dp/B0725XFZCP",
        "rating": "4.6",
        "totalReviews": "22157",
        "subtitle": "Buf-Puf",
        "isPrimeEligible": "1"
    },
    {
        "ASIN": "B09X6CVS53",
        "title": "Exfoliating Body Scrub | Turmeric Body Scrub and Skin Exfoliator with Collagen and Coconut Oil | Gently Exfoliate Face Body Hand and Foot Scrub| Moisturizing Body SkinCare products by M3 Naturals",
        "price": "$19.72 ($1.64 / Fl Oz)",
        "listPrice": "$24.65 ($2.05 / Fl Oz)",
        "imageUrl": "https://m.media-amazon.com/images/I/51wg56b-7UL._SL160_.jpg",
        "detailPageURL": "https://www.amazon.com/dp/B09X6CVS53",
        "rating": "4.4",
        "totalReviews": "14381",
        "subtitle": "M3 Naturals",
        "isPrimeEligible": "1"
    },
    {
        "ASIN": "B09ZJ1SM2T",
        "title": "Set of 2 Body Brush-Natural Bristle Dry Skin Exfoliating Brush and Soft Silicone Body Scrubber for Sensitive Kids Women Men All Kinds of Skin to Exfoliate, Improve Blood Circulation (Gray Scrubber)",
        "price": "$5.99 ($5.99 / Count)",
        "listPrice": "",
        "imageUrl": "https://m.media-amazon.com/images/I/41XQ9o3rdIL._SL160_.jpg",
        "detailPageURL": "https://www.amazon.com/dp/B09ZJ1SM2T",
        "rating": "4.6",
        "totalReviews": "432",
        "subtitle": "JMH",
        "isPrimeEligible": "1"
    },
    {
        "ASIN": "B081NKNMJW",
        "title": "Premium Exfoliating Facial Loofah Scrubbers, Natural Face Exfoliator Pad Cleanser Sponges for Clean and Vibrant Facial Skin - 6 Count(1 Pack)",
        "price": "$11.99 ($2.00 / Count)",
        "listPrice": "",
        "imageUrl": "https://m.media-amazon.com/images/I/51ZnfaZq3GL._SL160_.jpg",
        "detailPageURL": "https://www.amazon.com/dp/B081NKNMJW",
        "rating": "4.3",
        "totalReviews": "2165",
        "subtitle": "ALMOONI",
        "isPrimeEligible": "1"
    },
    {
        "ASIN": "B0CDTSJ94B",
        "title": "Paulas Choice-SKIN PERFECTING 2% BHA Liquid Salicylic Acid Exfoliant-Facial Exfoliant for Blackheads, Enlarged Pores, Wrinkles & Fine Lines, 4 oz Bottle",
        "price": "$17.47 ($4.37 / Fl Oz)",
        "listPrice": "$27.95 ($6.99 / Fl Oz)",
        "imageUrl": "https://m.media-amazon.com/images/I/31P5BfaPb4L._SL160_.jpg",
        "detailPageURL": "https://www.amazon.com/dp/B0CDTSJ94B",
        "rating": "",
        "totalReviews": "",
        "subtitle": "Generic",
        "isPrimeEligible": "1"
    },
    {
        "ASIN": "B092T7CQV5",
        "title": "N\u00e5graCoola CLIE Facial Cleansing Brush, Waterproof and Rechargeable Face Scrub Brush for Men & Women, Cleansing, Exfoliating and Massaging, Electric Face Scrubber - Blue",
        "price": "$31.99 ($31.99 / Count)",
        "listPrice": "$39.99 ($39.99 / Count)",
        "imageUrl": "https://m.media-amazon.com/images/I/41MWcUZPh7S._SL160_.jpg",
        "detailPageURL": "https://www.amazon.com/dp/B092T7CQV5",
        "rating": "4.4",
        "totalReviews": "9271",
        "subtitle": "N\u00e5graCoola",
        "isPrimeEligible": "1"
    },
    {
        "ASIN": "B001VMJSCW",
        "title": "Dermalogica Daily Microfoliant - Exfoliator Facial Scrub Powder - Achieve Brighter, Smoother Skin daily with Papaya Enzyme and Salicylic Acid",
        "price": "$18.00 ($40.00 / Ounce)",
        "listPrice": "",
        "imageUrl": "https://m.media-amazon.com/images/I/31N7x4-aJAL._SL160_.jpg",
        "detailPageURL": "https://www.amazon.com/dp/B001VMJSCW",
        "rating": "4.6",
        "totalReviews": "8465",
        "subtitle": "",
        "isPrimeEligible": "1"
    },
    {
        "ASIN": "B091DW643H",
        "title": "Yiclick 2 Pack Exfoliating Washcloth Towel - Exfoliating Body Scrubber Exfoliator, Loofah Sponge Wash Cloth, Korean & Japanse & African Net Sponge Rag - Back Scrubber Washer for Use in Shower Bath",
        "price": "$9.99 ($5.00 / Count)",
        "listPrice": "$11.99 ($6.00 / Count)",
        "imageUrl": "https://m.media-amazon.com/images/I/51zNCzDTeFL._SL160_.jpg",
        "detailPageURL": "https://www.amazon.com/dp/B091DW643H",
        "rating": "4.3",
        "totalReviews": "1795",
        "subtitle": "Yiclick",
        "isPrimeEligible": "1"
    },
    {
        "ASIN": "B07TK4D5VD",
        "title": "Paula's Choice SKIN PERFECTING 8% AHA Gel Exfoliant & 2% BHA Liquid Duo - Facial Exfoliants for Blackheads, Enlarged Pores, Wrinkles, and Fine Lines w/Glycolic and Salicylic Acid",
        "price": "$68.00 ($9.32 / Fl Oz)",
        "listPrice": "",
        "imageUrl": "https://m.media-amazon.com/images/I/41KtVCKuCAL._SL160_.jpg",
        "detailPageURL": "https://www.amazon.com/dp/B07TK4D5VD",
        "rating": "4.5",
        "totalReviews": "5941",
        "subtitle": "Paula's Choice",
        "isPrimeEligible": "1"
    },
    {
        "ASIN": "B0725XFZCP",
        "title": "Buf-Puf Body Sponge, Bath Sponge, Dermatologist Developed, Cleanses Skin of Dirt, and Excess Oil, Reusable, Exfoliating, 1 Count",
        "price": "$9.09",
        "listPrice": "",
        "imageUrl": "https://m.media-amazon.com/images/I/518VfNRCmCL._SL160_.jpg",
        "detailPageURL": "https://www.amazon.com/dp/B0725XFZCP",
        "rating": "4.6",
        "totalReviews": "22157",
        "subtitle": "Buf-Puf",
        "isPrimeEligible": "1"
    },
    {
        "ASIN": "B09X6CVS53",
        "title": "Exfoliating Body Scrub | Turmeric Body Scrub and Skin Exfoliator with Collagen and Coconut Oil | Gently Exfoliate Face Body Hand and Foot Scrub| Moisturizing Body SkinCare products by M3 Naturals",
        "price": "$19.72 ($1.64 / Fl Oz)",
        "listPrice": "$24.65 ($2.05 / Fl Oz)",
        "imageUrl": "https://m.media-amazon.com/images/I/51wg56b-7UL._SL160_.jpg",
        "detailPageURL": "https://www.amazon.com/dp/B09X6CVS53",
        "rating": "4.4",
        "totalReviews": "14381",
        "subtitle": "M3 Naturals",
        "isPrimeEligible": "1"
    },
    {
        "ASIN": "B09ZJ1SM2T",
        "title": "Set of 2 Body Brush-Natural Bristle Dry Skin Exfoliating Brush and Soft Silicone Body Scrubber for Sensitive Kids Women Men All Kinds of Skin to Exfoliate, Improve Blood Circulation (Gray Scrubber)",
        "price": "$5.99 ($5.99 / Count)",
        "listPrice": "",
        "imageUrl": "https://m.media-amazon.com/images/I/41XQ9o3rdIL._SL160_.jpg",
        "detailPageURL": "https://www.amazon.com/dp/B09ZJ1SM2T",
        "rating": "4.6",
        "totalReviews": "432",
        "subtitle": "JMH",
        "isPrimeEligible": "1"
    },
    {
        "ASIN": "B081NKNMJW",
        "title": "Premium Exfoliating Facial Loofah Scrubbers, Natural Face Exfoliator Pad Cleanser Sponges for Clean and Vibrant Facial Skin - 6 Count(1 Pack)",
        "price": "$11.99 ($2.00 / Count)",
        "listPrice": "",
        "imageUrl": "https://m.media-amazon.com/images/I/51ZnfaZq3GL._SL160_.jpg",
        "detailPageURL": "https://www.amazon.com/dp/B081NKNMJW",
        "rating": "4.3",
        "totalReviews": "2165",
        "subtitle": "ALMOONI",
        "isPrimeEligible": "1"
    },
    {
        "ASIN": "B0CDTSJ94B",
        "title": "Paulas Choice-SKIN PERFECTING 2% BHA Liquid Salicylic Acid Exfoliant-Facial Exfoliant for Blackheads, Enlarged Pores, Wrinkles & Fine Lines, 4 oz Bottle",
        "price": "$17.47 ($4.37 / Fl Oz)",
        "listPrice": "$27.95 ($6.99 / Fl Oz)",
        "imageUrl": "https://m.media-amazon.com/images/I/31P5BfaPb4L._SL160_.jpg",
        "detailPageURL": "https://www.amazon.com/dp/B0CDTSJ94B",
        "rating": "",
        "totalReviews": "",
        "subtitle": "Generic",
        "isPrimeEligible": "1"
    },
    {
        "ASIN": "B092T7CQV5",
        "title": "N\u00e5graCoola CLIE Facial Cleansing Brush, Waterproof and Rechargeable Face Scrub Brush for Men & Women, Cleansing, Exfoliating and Massaging, Electric Face Scrubber - Blue",
        "price": "$31.99 ($31.99 / Count)",
        "listPrice": "$39.99 ($39.99 / Count)",
        "imageUrl": "https://m.media-amazon.com/images/I/41MWcUZPh7S._SL160_.jpg",
        "detailPageURL": "https://www.amazon.com/dp/B092T7CQV5",
        "rating": "4.4",
        "totalReviews": "9271",
        "subtitle": "N\u00e5graCoola",
        "isPrimeEligible": "1"
    },
    {
        "ASIN": "B001VMJSCW",
        "title": "Dermalogica Daily Microfoliant - Exfoliator Facial Scrub Powder - Achieve Brighter, Smoother Skin daily with Papaya Enzyme and Salicylic Acid",
        "price": "$18.00 ($40.00 / Ounce)",
        "listPrice": "",
        "imageUrl": "https://m.media-amazon.com/images/I/31N7x4-aJAL._SL160_.jpg",
        "detailPageURL": "https://www.amazon.com/dp/B001VMJSCW",
        "rating": "4.6",
        "totalReviews": "8465",
        "subtitle": "",
        "isPrimeEligible": "1"
    },
    {
        "ASIN": "B091DW643H",
        "title": "Yiclick 2 Pack Exfoliating Washcloth Towel - Exfoliating Body Scrubber Exfoliator, Loofah Sponge Wash Cloth, Korean & Japanse & African Net Sponge Rag - Back Scrubber Washer for Use in Shower Bath",
        "price": "$9.99 ($5.00 / Count)",
        "listPrice": "$11.99 ($6.00 / Count)",
        "imageUrl": "https://m.media-amazon.com/images/I/51zNCzDTeFL._SL160_.jpg",
        "detailPageURL": "https://www.amazon.com/dp/B091DW643H",
        "rating": "4.3",
        "totalReviews": "1795",
        "subtitle": "Yiclick",
        "isPrimeEligible": "1"
    },
    {
        "ASIN": "B076KYPY23",
        "title": "DRMTLGY Microdermabrasion Facial Scrub and Face Mask. Non-Abrasive Face Exfoliator Improves Acne Scars, Blackheads, Pore Size, and Skin Texture. 2 oz",
        "price": "$16.95 ($8.48 / Ounce)",
        "listPrice": "",
        "imageUrl": "https://m.media-amazon.com/images/I/31F7Ozgy+WL._SL160_.jpg",
        "detailPageURL": "https://www.amazon.com/dp/B076KYPY23",
        "rating": "4.6",
        "totalReviews": "8526",
        "subtitle": "DRMTLGY",
        "isPrimeEligible": "1"
    },
    {
        "ASIN": "B0725XFZCP",
        "title": "Buf-Puf Body Sponge, Bath Sponge, Dermatologist Developed, Cleanses Skin of Dirt, and Excess Oil, Reusable, Exfoliating, 1 Count",
        "price": "$9.09",
        "listPrice": "",
        "imageUrl": "https://m.media-amazon.com/images/I/518VfNRCmCL._SL160_.jpg",
        "detailPageURL": "https://www.amazon.com/dp/B0725XFZCP",
        "rating": "4.6",
        "totalReviews": "22157",
        "subtitle": "Buf-Puf",
        "isPrimeEligible": "1"
    },
    {
        "ASIN": "B09X6CVS53",
        "title": "Exfoliating Body Scrub | Turmeric Body Scrub and Skin Exfoliator with Collagen and Coconut Oil | Gently Exfoliate Face Body Hand and Foot Scrub| Moisturizing Body SkinCare products by M3 Naturals",
        "price": "$19.72 ($1.64 / Fl Oz)",
        "listPrice": "$24.65 ($2.05 / Fl Oz)",
        "imageUrl": "https://m.media-amazon.com/images/I/51wg56b-7UL._SL160_.jpg",
        "detailPageURL": "https://www.amazon.com/dp/B09X6CVS53",
        "rating": "4.4",
        "totalReviews": "14381",
        "subtitle": "M3 Naturals",
        "isPrimeEligible": "1"
    },
    {
        "ASIN": "B09ZJ1SM2T",
        "title": "Set of 2 Body Brush-Natural Bristle Dry Skin Exfoliating Brush and Soft Silicone Body Scrubber for Sensitive Kids Women Men All Kinds of Skin to Exfoliate, Improve Blood Circulation (Gray Scrubber)",
        "price": "$5.99 ($5.99 / Count)",
        "listPrice": "",
        "imageUrl": "https://m.media-amazon.com/images/I/41XQ9o3rdIL._SL160_.jpg",
        "detailPageURL": "https://www.amazon.com/dp/B09ZJ1SM2T",
        "rating": "4.6",
        "totalReviews": "432",
        "subtitle": "JMH",
        "isPrimeEligible": "1"
    },
    {
        "ASIN": "B081NKNMJW",
        "title": "Premium Exfoliating Facial Loofah Scrubbers, Natural Face Exfoliator Pad Cleanser Sponges for Clean and Vibrant Facial Skin - 6 Count(1 Pack)",
        "price": "$11.99 ($2.00 / Count)",
        "listPrice": "",
        "imageUrl": "https://m.media-amazon.com/images/I/51ZnfaZq3GL._SL160_.jpg",
        "detailPageURL": "https://www.amazon.com/dp/B081NKNMJW",
        "rating": "4.3",
        "totalReviews": "2165",
        "subtitle": "ALMOONI",
        "isPrimeEligible": "1"
    },
    {
        "ASIN": "B0CDTSJ94B",
        "title": "Paulas Choice-SKIN PERFECTING 2% BHA Liquid Salicylic Acid Exfoliant-Facial Exfoliant for Blackheads, Enlarged Pores, Wrinkles & Fine Lines, 4 oz Bottle",
        "price": "$17.47 ($4.37 / Fl Oz)",
        "listPrice": "$27.95 ($6.99 / Fl Oz)",
        "imageUrl": "https://m.media-amazon.com/images/I/31P5BfaPb4L._SL160_.jpg",
        "detailPageURL": "https://www.amazon.com/dp/B0CDTSJ94B",
        "rating": "",
        "totalReviews": "",
        "subtitle": "Generic",
        "isPrimeEligible": "1"
    },
    {
        "ASIN": "B092T7CQV5",
        "title": "N\u00e5graCoola CLIE Facial Cleansing Brush, Waterproof and Rechargeable Face Scrub Brush for Men & Women, Cleansing, Exfoliating and Massaging, Electric Face Scrubber - Blue",
        "price": "$31.99 ($31.99 / Count)",
        "listPrice": "$39.99 ($39.99 / Count)",
        "imageUrl": "https://m.media-amazon.com/images/I/41MWcUZPh7S._SL160_.jpg",
        "detailPageURL": "https://www.amazon.com/dp/B092T7CQV5",
        "rating": "4.4",
        "totalReviews": "9271",
        "subtitle": "N\u00e5graCoola",
        "isPrimeEligible": "1"
    },
    {
        "ASIN": "B001VMJSCW",
        "title": "Dermalogica Daily Microfoliant - Exfoliator Facial Scrub Powder - Achieve Brighter, Smoother Skin daily with Papaya Enzyme and Salicylic Acid",
        "price": "$18.00 ($40.00 / Ounce)",
        "listPrice": "",
        "imageUrl": "https://m.media-amazon.com/images/I/31N7x4-aJAL._SL160_.jpg",
        "detailPageURL": "https://www.amazon.com/dp/B001VMJSCW",
        "rating": "4.6",
        "totalReviews": "8465",
        "subtitle": "",
        "isPrimeEligible": "1"
    },
    {
        "ASIN": "B091DW643H",
        "title": "Yiclick 2 Pack Exfoliating Washcloth Towel - Exfoliating Body Scrubber Exfoliator, Loofah Sponge Wash Cloth, Korean & Japanse & African Net Sponge Rag - Back Scrubber Washer for Use in Shower Bath",
        "price": "$9.99 ($5.00 / Count)",
        "listPrice": "$11.99 ($6.00 / Count)",
        "imageUrl": "https://m.media-amazon.com/images/I/51zNCzDTeFL._SL160_.jpg",
        "detailPageURL": "https://www.amazon.com/dp/B091DW643H",
        "rating": "4.3",
        "totalReviews": "1795",
        "subtitle": "Yiclick",
        "isPrimeEligible": "1"
    },
    {
        "ASIN": "B076KYPY23",
        "title": "DRMTLGY Microdermabrasion Facial Scrub and Face Mask. Non-Abrasive Face Exfoliator Improves Acne Scars, Blackheads, Pore Size, and Skin Texture. 2 oz",
        "price": "$16.95 ($8.48 / Ounce)",
        "listPrice": "",
        "imageUrl": "https://m.media-amazon.com/images/I/31F7Ozgy+WL._SL160_.jpg",
        "detailPageURL": "https://www.amazon.com/dp/B076KYPY23",
        "rating": "4.6",
        "totalReviews": "8526",
        "subtitle": "DRMTLGY",
        "isPrimeEligible": "1"
    },
    {
        "ASIN": "B00G0IKDWG",
        "title": "SkinMedica AHA/BHA Exfoliating Cleanser Gently Scrub Away Dead Skin with Exfoliating Fash Wash Cleanser, Improving the Appearance of Skin Tone and Texture, 6 Fl Oz",
        "price": "$48.00 ($8.00 / Fl Oz)",
        "listPrice": "",
        "imageUrl": "https://m.media-amazon.com/images/I/31lnP6zhW9L._SL160_.jpg",
        "detailPageURL": "https://www.amazon.com/dp/B00G0IKDWG",
        "rating": "4.7",
        "totalReviews": "2053",
        "subtitle": "",
        "isPrimeEligible": "1"
    },
    {
        "ASIN": "B09X6CVS53",
        "title": "Exfoliating Body Scrub | Turmeric Body Scrub and Skin Exfoliator with Collagen and Coconut Oil | Gently Exfoliate Face Body Hand and Foot Scrub| Moisturizing Body SkinCare products by M3 Naturals",
        "price": "$19.72 ($1.64 / Fl Oz)",
        "listPrice": "$24.65 ($2.05 / Fl Oz)",
        "imageUrl": "https://m.media-amazon.com/images/I/51wg56b-7UL._SL160_.jpg",
        "detailPageURL": "https://www.amazon.com/dp/B09X6CVS53",
        "rating": "4.4",
        "totalReviews": "14381",
        "subtitle": "M3 Naturals",
        "isPrimeEligible": "1"
    },
    {
        "ASIN": "B09ZJ1SM2T",
        "title": "Set of 2 Body Brush-Natural Bristle Dry Skin Exfoliating Brush and Soft Silicone Body Scrubber for Sensitive Kids Women Men All Kinds of Skin to Exfoliate, Improve Blood Circulation (Gray Scrubber)",
        "price": "$5.99 ($5.99 / Count)",
        "listPrice": "",
        "imageUrl": "https://m.media-amazon.com/images/I/41XQ9o3rdIL._SL160_.jpg",
        "detailPageURL": "https://www.amazon.com/dp/B09ZJ1SM2T",
        "rating": "4.6",
        "totalReviews": "432",
        "subtitle": "JMH",
        "isPrimeEligible": "1"
    },
    {
        "ASIN": "B081NKNMJW",
        "title": "Premium Exfoliating Facial Loofah Scrubbers, Natural Face Exfoliator Pad Cleanser Sponges for Clean and Vibrant Facial Skin - 6 Count(1 Pack)",
        "price": "$11.99 ($2.00 / Count)",
        "listPrice": "",
        "imageUrl": "https://m.media-amazon.com/images/I/51ZnfaZq3GL._SL160_.jpg",
        "detailPageURL": "https://www.amazon.com/dp/B081NKNMJW",
        "rating": "4.3",
        "totalReviews": "2165",
        "subtitle": "ALMOONI",
        "isPrimeEligible": "1"
    },
    {
        "ASIN": "B0CDTSJ94B",
        "title": "Paulas Choice-SKIN PERFECTING 2% BHA Liquid Salicylic Acid Exfoliant-Facial Exfoliant for Blackheads, Enlarged Pores, Wrinkles & Fine Lines, 4 oz Bottle",
        "price": "$17.47 ($4.37 / Fl Oz)",
        "listPrice": "$27.95 ($6.99 / Fl Oz)",
        "imageUrl": "https://m.media-amazon.com/images/I/31P5BfaPb4L._SL160_.jpg",
        "detailPageURL": "https://www.amazon.com/dp/B0CDTSJ94B",
        "rating": "",
        "totalReviews": "",
        "subtitle": "Generic",
        "isPrimeEligible": "1"
    },
    {
        "ASIN": "B092T7CQV5",
        "title": "N\u00e5graCoola CLIE Facial Cleansing Brush, Waterproof and Rechargeable Face Scrub Brush for Men & Women, Cleansing, Exfoliating and Massaging, Electric Face Scrubber - Blue",
        "price": "$31.99 ($31.99 / Count)",
        "listPrice": "$39.99 ($39.99 / Count)",
        "imageUrl": "https://m.media-amazon.com/images/I/41MWcUZPh7S._SL160_.jpg",
        "detailPageURL": "https://www.amazon.com/dp/B092T7CQV5",
        "rating": "4.4",
        "totalReviews": "9271",
        "subtitle": "N\u00e5graCoola",
        "isPrimeEligible": "1"
    },
    {
        "ASIN": "B001VMJSCW",
        "title": "Dermalogica Daily Microfoliant - Exfoliator Facial Scrub Powder - Achieve Brighter, Smoother Skin daily with Papaya Enzyme and Salicylic Acid",
        "price": "$18.00 ($40.00 / Ounce)",
        "listPrice": "",
        "imageUrl": "https://m.media-amazon.com/images/I/31N7x4-aJAL._SL160_.jpg",
        "detailPageURL": "https://www.amazon.com/dp/B001VMJSCW",
        "rating": "4.6",
        "totalReviews": "8465",
        "subtitle": "",
        "isPrimeEligible": "1"
    },
    {
        "ASIN": "B091DW643H",
        "title": "Yiclick 2 Pack Exfoliating Washcloth Towel - Exfoliating Body Scrubber Exfoliator, Loofah Sponge Wash Cloth, Korean & Japanse & African Net Sponge Rag - Back Scrubber Washer for Use in Shower Bath",
        "price": "$9.99 ($5.00 / Count)",
        "listPrice": "$11.99 ($6.00 / Count)",
        "imageUrl": "https://m.media-amazon.com/images/I/51zNCzDTeFL._SL160_.jpg",
        "detailPageURL": "https://www.amazon.com/dp/B091DW643H",
        "rating": "4.3",
        "totalReviews": "1795",
        "subtitle": "Yiclick",
        "isPrimeEligible": "1"
    },
    {
        "ASIN": "B076KYPY23",
        "title": "DRMTLGY Microdermabrasion Facial Scrub and Face Mask. Non-Abrasive Face Exfoliator Improves Acne Scars, Blackheads, Pore Size, and Skin Texture. 2 oz",
        "price": "$16.95 ($8.48 / Ounce)",
        "listPrice": "",
        "imageUrl": "https://m.media-amazon.com/images/I/31F7Ozgy+WL._SL160_.jpg",
        "detailPageURL": "https://www.amazon.com/dp/B076KYPY23",
        "rating": "4.6",
        "totalReviews": "8526",
        "subtitle": "DRMTLGY",
        "isPrimeEligible": "1"
    },
    {
        "ASIN": "B00G0IKDWG",
        "title": "SkinMedica AHA/BHA Exfoliating Cleanser Gently Scrub Away Dead Skin with Exfoliating Fash Wash Cleanser, Improving the Appearance of Skin Tone and Texture, 6 Fl Oz",
        "price": "$48.00 ($8.00 / Fl Oz)",
        "listPrice": "",
        "imageUrl": "https://m.media-amazon.com/images/I/31lnP6zhW9L._SL160_.jpg",
        "detailPageURL": "https://www.amazon.com/dp/B00G0IKDWG",
        "rating": "4.7",
        "totalReviews": "2053",
        "subtitle": "",
        "isPrimeEligible": "1"
    },
    {
        "ASIN": "B088J45G2T",
        "title": "Spongeables Exfoliating Body Wash Sponge with Avocado Oil and Vitamin E, Sea Salt, 3 Count",
        "price": "$17.97 ($5.99 / Count)",
        "listPrice": "",
        "imageUrl": "https://m.media-amazon.com/images/I/51wpD+-kqlL._SL160_.jpg",
        "detailPageURL": "https://www.amazon.com/dp/B088J45G2T",
        "rating": "4.5",
        "totalReviews": "2592",
        "subtitle": "Spongeables",
        "isPrimeEligible": "1"
    },
    {
        "ASIN": "B09ZJ1SM2T",
        "title": "Set of 2 Body Brush-Natural Bristle Dry Skin Exfoliating Brush and Soft Silicone Body Scrubber for Sensitive Kids Women Men All Kinds of Skin to Exfoliate, Improve Blood Circulation (Gray Scrubber)",
        "price": "$5.99 ($5.99 / Count)",
        "listPrice": "",
        "imageUrl": "https://m.media-amazon.com/images/I/41XQ9o3rdIL._SL160_.jpg",
        "detailPageURL": "https://www.amazon.com/dp/B09ZJ1SM2T",
        "rating": "4.6",
        "totalReviews": "432",
        "subtitle": "JMH",
        "isPrimeEligible": "1"
    },
    {
        "ASIN": "B081NKNMJW",
        "title": "Premium Exfoliating Facial Loofah Scrubbers, Natural Face Exfoliator Pad Cleanser Sponges for Clean and Vibrant Facial Skin - 6 Count(1 Pack)",
        "price": "$11.99 ($2.00 / Count)",
        "listPrice": "",
        "imageUrl": "https://m.media-amazon.com/images/I/51ZnfaZq3GL._SL160_.jpg",
        "detailPageURL": "https://www.amazon.com/dp/B081NKNMJW",
        "rating": "4.3",
        "totalReviews": "2165",
        "subtitle": "ALMOONI",
        "isPrimeEligible": "1"
    },
    {
        "ASIN": "B0CDTSJ94B",
        "title": "Paulas Choice-SKIN PERFECTING 2% BHA Liquid Salicylic Acid Exfoliant-Facial Exfoliant for Blackheads, Enlarged Pores, Wrinkles & Fine Lines, 4 oz Bottle",
        "price": "$17.47 ($4.37 / Fl Oz)",
        "listPrice": "$27.95 ($6.99 / Fl Oz)",
        "imageUrl": "https://m.media-amazon.com/images/I/31P5BfaPb4L._SL160_.jpg",
        "detailPageURL": "https://www.amazon.com/dp/B0CDTSJ94B",
        "rating": "",
        "totalReviews": "",
        "subtitle": "Generic",
        "isPrimeEligible": "1"
    },
    {
        "ASIN": "B092T7CQV5",
        "title": "N\u00e5graCoola CLIE Facial Cleansing Brush, Waterproof and Rechargeable Face Scrub Brush for Men & Women, Cleansing, Exfoliating and Massaging, Electric Face Scrubber - Blue",
        "price": "$31.99 ($31.99 / Count)",
        "listPrice": "$39.99 ($39.99 / Count)",
        "imageUrl": "https://m.media-amazon.com/images/I/41MWcUZPh7S._SL160_.jpg",
        "detailPageURL": "https://www.amazon.com/dp/B092T7CQV5",
        "rating": "4.4",
        "totalReviews": "9271",
        "subtitle": "N\u00e5graCoola",
        "isPrimeEligible": "1"
    },
    {
        "ASIN": "B001VMJSCW",
        "title": "Dermalogica Daily Microfoliant - Exfoliator Facial Scrub Powder - Achieve Brighter, Smoother Skin daily with Papaya Enzyme and Salicylic Acid",
        "price": "$18.00 ($40.00 / Ounce)",
        "listPrice": "",
        "imageUrl": "https://m.media-amazon.com/images/I/31N7x4-aJAL._SL160_.jpg",
        "detailPageURL": "https://www.amazon.com/dp/B001VMJSCW",
        "rating": "4.6",
        "totalReviews": "8465",
        "subtitle": "",
        "isPrimeEligible": "1"
    },
    {
        "ASIN": "B091DW643H",
        "title": "Yiclick 2 Pack Exfoliating Washcloth Towel - Exfoliating Body Scrubber Exfoliator, Loofah Sponge Wash Cloth, Korean & Japanse & African Net Sponge Rag - Back Scrubber Washer for Use in Shower Bath",
        "price": "$9.99 ($5.00 / Count)",
        "listPrice": "$11.99 ($6.00 / Count)",
        "imageUrl": "https://m.media-amazon.com/images/I/51zNCzDTeFL._SL160_.jpg",
        "detailPageURL": "https://www.amazon.com/dp/B091DW643H",
        "rating": "4.3",
        "totalReviews": "1795",
        "subtitle": "Yiclick",
        "isPrimeEligible": "1"
    },
    {
        "ASIN": "B076KYPY23",
        "title": "DRMTLGY Microdermabrasion Facial Scrub and Face Mask. Non-Abrasive Face Exfoliator Improves Acne Scars, Blackheads, Pore Size, and Skin Texture. 2 oz",
        "price": "$16.95 ($8.48 / Ounce)",
        "listPrice": "",
        "imageUrl": "https://m.media-amazon.com/images/I/31F7Ozgy+WL._SL160_.jpg",
        "detailPageURL": "https://www.amazon.com/dp/B076KYPY23",
        "rating": "4.6",
        "totalReviews": "8526",
        "subtitle": "DRMTLGY",
        "isPrimeEligible": "1"
    },
    {
        "ASIN": "B00G0IKDWG",
        "title": "SkinMedica AHA/BHA Exfoliating Cleanser Gently Scrub Away Dead Skin with Exfoliating Fash Wash Cleanser, Improving the Appearance of Skin Tone and Texture, 6 Fl Oz",
        "price": "$48.00 ($8.00 / Fl Oz)",
        "listPrice": "",
        "imageUrl": "https://m.media-amazon.com/images/I/31lnP6zhW9L._SL160_.jpg",
        "detailPageURL": "https://www.amazon.com/dp/B00G0IKDWG",
        "rating": "4.7",
        "totalReviews": "2053",
        "subtitle": "",
        "isPrimeEligible": "1"
    },
    {
        "ASIN": "B088J45G2T",
        "title": "Spongeables Exfoliating Body Wash Sponge with Avocado Oil and Vitamin E, Sea Salt, 3 Count",
        "price": "$17.97 ($5.99 / Count)",
        "listPrice": "",
        "imageUrl": "https://m.media-amazon.com/images/I/51wpD+-kqlL._SL160_.jpg",
        "detailPageURL": "https://www.amazon.com/dp/B088J45G2T",
        "rating": "4.5",
        "totalReviews": "2592",
        "subtitle": "Spongeables",
        "isPrimeEligible": "1"
    },
    {
        "ASIN": "B07GJR4KXM",
        "title": "Brooklyn Botany Brown Sugar Body Scrub - Moisturizing and Exfoliating Body, Face, Hand, Foot Scrub - Fights Acne, Fine Lines & Wrinkles, Great Gifts For Women & Men - 10 oz",
        "price": "$9.99 ($1.00 / Ounce)",
        "listPrice": "$16.99 ($1.70 / Ounce)",
        "imageUrl": "https://m.media-amazon.com/images/I/41Zl1DjrGpL._SL160_.jpg",
        "detailPageURL": "https://www.amazon.com/dp/B07GJR4KXM",
        "rating": "4.2",
        "totalReviews": "15096",
        "subtitle": "Brooklyn Botany",
        "isPrimeEligible": "1"
    },
    {
        "ASIN": "B081NKNMJW",
        "title": "Premium Exfoliating Facial Loofah Scrubbers, Natural Face Exfoliator Pad Cleanser Sponges for Clean and Vibrant Facial Skin - 6 Count(1 Pack)",
        "price": "$11.99 ($2.00 / Count)",
        "listPrice": "",
        "imageUrl": "https://m.media-amazon.com/images/I/51ZnfaZq3GL._SL160_.jpg",
        "detailPageURL": "https://www.amazon.com/dp/B081NKNMJW",
        "rating": "4.3",
        "totalReviews": "2165",
        "subtitle": "ALMOONI",
        "isPrimeEligible": "1"
    },
    {
        "ASIN": "B0CDTSJ94B",
        "title": "Paulas Choice-SKIN PERFECTING 2% BHA Liquid Salicylic Acid Exfoliant-Facial Exfoliant for Blackheads, Enlarged Pores, Wrinkles & Fine Lines, 4 oz Bottle",
        "price": "$17.47 ($4.37 / Fl Oz)",
        "listPrice": "$27.95 ($6.99 / Fl Oz)",
        "imageUrl": "https://m.media-amazon.com/images/I/31P5BfaPb4L._SL160_.jpg",
        "detailPageURL": "https://www.amazon.com/dp/B0CDTSJ94B",
        "rating": "",
        "totalReviews": "",
        "subtitle": "Generic",
        "isPrimeEligible": "1"
    },
    {
        "ASIN": "B092T7CQV5",
        "title": "N\u00e5graCoola CLIE Facial Cleansing Brush, Waterproof and Rechargeable Face Scrub Brush for Men & Women, Cleansing, Exfoliating and Massaging, Electric Face Scrubber - Blue",
        "price": "$31.99 ($31.99 / Count)",
        "listPrice": "$39.99 ($39.99 / Count)",
        "imageUrl": "https://m.media-amazon.com/images/I/41MWcUZPh7S._SL160_.jpg",
        "detailPageURL": "https://www.amazon.com/dp/B092T7CQV5",
        "rating": "4.4",
        "totalReviews": "9271",
        "subtitle": "N\u00e5graCoola",
        "isPrimeEligible": "1"
    },
    {
        "ASIN": "B001VMJSCW",
        "title": "Dermalogica Daily Microfoliant - Exfoliator Facial Scrub Powder - Achieve Brighter, Smoother Skin daily with Papaya Enzyme and Salicylic Acid",
        "price": "$18.00 ($40.00 / Ounce)",
        "listPrice": "",
        "imageUrl": "https://m.media-amazon.com/images/I/31N7x4-aJAL._SL160_.jpg",
        "detailPageURL": "https://www.amazon.com/dp/B001VMJSCW",
        "rating": "4.6",
        "totalReviews": "8465",
        "subtitle": "",
        "isPrimeEligible": "1"
    },
    {
        "ASIN": "B091DW643H",
        "title": "Yiclick 2 Pack Exfoliating Washcloth Towel - Exfoliating Body Scrubber Exfoliator, Loofah Sponge Wash Cloth, Korean & Japanse & African Net Sponge Rag - Back Scrubber Washer for Use in Shower Bath",
        "price": "$9.99 ($5.00 / Count)",
        "listPrice": "$11.99 ($6.00 / Count)",
        "imageUrl": "https://m.media-amazon.com/images/I/51zNCzDTeFL._SL160_.jpg",
        "detailPageURL": "https://www.amazon.com/dp/B091DW643H",
        "rating": "4.3",
        "totalReviews": "1795",
        "subtitle": "Yiclick",
        "isPrimeEligible": "1"
    },
    {
        "ASIN": "B076KYPY23",
        "title": "DRMTLGY Microdermabrasion Facial Scrub and Face Mask. Non-Abrasive Face Exfoliator Improves Acne Scars, Blackheads, Pore Size, and Skin Texture. 2 oz",
        "price": "$16.95 ($8.48 / Ounce)",
        "listPrice": "",
        "imageUrl": "https://m.media-amazon.com/images/I/31F7Ozgy+WL._SL160_.jpg",
        "detailPageURL": "https://www.amazon.com/dp/B076KYPY23",
        "rating": "4.6",
        "totalReviews": "8526",
        "subtitle": "DRMTLGY",
        "isPrimeEligible": "1"
    },
    {
        "ASIN": "B00G0IKDWG",
        "title": "SkinMedica AHA/BHA Exfoliating Cleanser Gently Scrub Away Dead Skin with Exfoliating Fash Wash Cleanser, Improving the Appearance of Skin Tone and Texture, 6 Fl Oz",
        "price": "$48.00 ($8.00 / Fl Oz)",
        "listPrice": "",
        "imageUrl": "https://m.media-amazon.com/images/I/31lnP6zhW9L._SL160_.jpg",
        "detailPageURL": "https://www.amazon.com/dp/B00G0IKDWG",
        "rating": "4.7",
        "totalReviews": "2053",
        "subtitle": "",
        "isPrimeEligible": "1"
    },
    {
        "ASIN": "B088J45G2T",
        "title": "Spongeables Exfoliating Body Wash Sponge with Avocado Oil and Vitamin E, Sea Salt, 3 Count",
        "price": "$17.97 ($5.99 / Count)",
        "listPrice": "",
        "imageUrl": "https://m.media-amazon.com/images/I/51wpD+-kqlL._SL160_.jpg",
        "detailPageURL": "https://www.amazon.com/dp/B088J45G2T",
        "rating": "4.5",
        "totalReviews": "2592",
        "subtitle": "Spongeables",
        "isPrimeEligible": "1"
    },
    {
        "ASIN": "B07GJR4KXM",
        "title": "Brooklyn Botany Brown Sugar Body Scrub - Moisturizing and Exfoliating Body, Face, Hand, Foot Scrub - Fights Acne, Fine Lines & Wrinkles, Great Gifts For Women & Men - 10 oz",
        "price": "$9.99 ($1.00 / Ounce)",
        "listPrice": "$16.99 ($1.70 / Ounce)",
        "imageUrl": "https://m.media-amazon.com/images/I/41Zl1DjrGpL._SL160_.jpg",
        "detailPageURL": "https://www.amazon.com/dp/B07GJR4KXM",
        "rating": "4.2",
        "totalReviews": "15096",
        "subtitle": "Brooklyn Botany",
        "isPrimeEligible": "1"
    },
    {
        "ASIN": "B096MZBL8G",
        "title": "MANSCAPED\u00ae Crop Exfoliator\u2122 Gentle Groin Exfoliant Scrub to Soothe and Clear the Skin, Vegan, Cruelty-Free (3.5 oz)",
        "price": "$12.99 ($3.71 / Ounce)",
        "listPrice": "",
        "imageUrl": "https://m.media-amazon.com/images/I/31N9a4f2gAS._SL160_.jpg",
        "detailPageURL": "https://www.amazon.com/dp/B096MZBL8G",
        "rating": "4.6",
        "totalReviews": "511",
        "subtitle": "MANSCAPED",
        "isPrimeEligible": "1"
    },
    {
        "ASIN": "B0CDTSJ94B",
        "title": "Paulas Choice-SKIN PERFECTING 2% BHA Liquid Salicylic Acid Exfoliant-Facial Exfoliant for Blackheads, Enlarged Pores, Wrinkles & Fine Lines, 4 oz Bottle",
        "price": "$17.47 ($4.37 / Fl Oz)",
        "listPrice": "$27.95 ($6.99 / Fl Oz)",
        "imageUrl": "https://m.media-amazon.com/images/I/31P5BfaPb4L._SL160_.jpg",
        "detailPageURL": "https://www.amazon.com/dp/B0CDTSJ94B",
        "rating": "",
        "totalReviews": "",
        "subtitle": "Generic",
        "isPrimeEligible": "1"
    },
    {
        "ASIN": "B092T7CQV5",
        "title": "N\u00e5graCoola CLIE Facial Cleansing Brush, Waterproof and Rechargeable Face Scrub Brush for Men & Women, Cleansing, Exfoliating and Massaging, Electric Face Scrubber - Blue",
        "price": "$31.99 ($31.99 / Count)",
        "listPrice": "$39.99 ($39.99 / Count)",
        "imageUrl": "https://m.media-amazon.com/images/I/41MWcUZPh7S._SL160_.jpg",
        "detailPageURL": "https://www.amazon.com/dp/B092T7CQV5",
        "rating": "4.4",
        "totalReviews": "9271",
        "subtitle": "N\u00e5graCoola",
        "isPrimeEligible": "1"
    },
    {
        "ASIN": "B001VMJSCW",
        "title": "Dermalogica Daily Microfoliant - Exfoliator Facial Scrub Powder - Achieve Brighter, Smoother Skin daily with Papaya Enzyme and Salicylic Acid",
        "price": "$18.00 ($40.00 / Ounce)",
        "listPrice": "",
        "imageUrl": "https://m.media-amazon.com/images/I/31N7x4-aJAL._SL160_.jpg",
        "detailPageURL": "https://www.amazon.com/dp/B001VMJSCW",
        "rating": "4.6",
        "totalReviews": "8465",
        "subtitle": "",
        "isPrimeEligible": "1"
    },
    {
        "ASIN": "B091DW643H",
        "title": "Yiclick 2 Pack Exfoliating Washcloth Towel - Exfoliating Body Scrubber Exfoliator, Loofah Sponge Wash Cloth, Korean & Japanse & African Net Sponge Rag - Back Scrubber Washer for Use in Shower Bath",
        "price": "$9.99 ($5.00 / Count)",
        "listPrice": "$11.99 ($6.00 / Count)",
        "imageUrl": "https://m.media-amazon.com/images/I/51zNCzDTeFL._SL160_.jpg",
        "detailPageURL": "https://www.amazon.com/dp/B091DW643H",
        "rating": "4.3",
        "totalReviews": "1795",
        "subtitle": "Yiclick",
        "isPrimeEligible": "1"
    },
    {
        "ASIN": "B076KYPY23",
        "title": "DRMTLGY Microdermabrasion Facial Scrub and Face Mask. Non-Abrasive Face Exfoliator Improves Acne Scars, Blackheads, Pore Size, and Skin Texture. 2 oz",
        "price": "$16.95 ($8.48 / Ounce)",
        "listPrice": "",
        "imageUrl": "https://m.media-amazon.com/images/I/31F7Ozgy+WL._SL160_.jpg",
        "detailPageURL": "https://www.amazon.com/dp/B076KYPY23",
        "rating": "4.6",
        "totalReviews": "8526",
        "subtitle": "DRMTLGY",
        "isPrimeEligible": "1"
    },
    {
        "ASIN": "B00G0IKDWG",
        "title": "SkinMedica AHA/BHA Exfoliating Cleanser Gently Scrub Away Dead Skin with Exfoliating Fash Wash Cleanser, Improving the Appearance of Skin Tone and Texture, 6 Fl Oz",
        "price": "$48.00 ($8.00 / Fl Oz)",
        "listPrice": "",
        "imageUrl": "https://m.media-amazon.com/images/I/31lnP6zhW9L._SL160_.jpg",
        "detailPageURL": "https://www.amazon.com/dp/B00G0IKDWG",
        "rating": "4.7",
        "totalReviews": "2053",
        "subtitle": "",
        "isPrimeEligible": "1"
    },
    {
        "ASIN": "B088J45G2T",
        "title": "Spongeables Exfoliating Body Wash Sponge with Avocado Oil and Vitamin E, Sea Salt, 3 Count",
        "price": "$17.97 ($5.99 / Count)",
        "listPrice": "",
        "imageUrl": "https://m.media-amazon.com/images/I/51wpD+-kqlL._SL160_.jpg",
        "detailPageURL": "https://www.amazon.com/dp/B088J45G2T",
        "rating": "4.5",
        "totalReviews": "2592",
        "subtitle": "Spongeables",
        "isPrimeEligible": "1"
    },
    {
        "ASIN": "B07GJR4KXM",
        "title": "Brooklyn Botany Brown Sugar Body Scrub - Moisturizing and Exfoliating Body, Face, Hand, Foot Scrub - Fights Acne, Fine Lines & Wrinkles, Great Gifts For Women & Men - 10 oz",
        "price": "$9.99 ($1.00 / Ounce)",
        "listPrice": "$16.99 ($1.70 / Ounce)",
        "imageUrl": "https://m.media-amazon.com/images/I/41Zl1DjrGpL._SL160_.jpg",
        "detailPageURL": "https://www.amazon.com/dp/B07GJR4KXM",
        "rating": "4.2",
        "totalReviews": "15096",
        "subtitle": "Brooklyn Botany",
        "isPrimeEligible": "1"
    },
    {
        "ASIN": "B096MZBL8G",
        "title": "MANSCAPED\u00ae Crop Exfoliator\u2122 Gentle Groin Exfoliant Scrub to Soothe and Clear the Skin, Vegan, Cruelty-Free (3.5 oz)",
        "price": "$12.99 ($3.71 / Ounce)",
        "listPrice": "",
        "imageUrl": "https://m.media-amazon.com/images/I/31N9a4f2gAS._SL160_.jpg",
        "detailPageURL": "https://www.amazon.com/dp/B096MZBL8G",
        "rating": "4.6",
        "totalReviews": "511",
        "subtitle": "MANSCAPED",
        "isPrimeEligible": "1"
    },
    {
        "ASIN": "B0B357SM4N",
        "title": "Neutrogena Stubborn Body Acne Cleanser & Exfoliator with Salicylic Acid & PHA for Acne-Prone Skin, Acne Treatment Gently Exfoliates & Helps Prevent Breakouts, Fragrance-Free, 8.5 fl. oz",
        "price": "$9.97 ($1.17 / Fl Oz)",
        "listPrice": "",
        "imageUrl": "https://m.media-amazon.com/images/I/316FzJJalbL._SL160_.jpg",
        "detailPageURL": "https://www.amazon.com/dp/B0B357SM4N",
        "rating": "4.3",
        "totalReviews": "1031",
        "subtitle": "Neutrogena",
        "isPrimeEligible": "1"
    },
    {
        "ASIN": "B092T7CQV5",
        "title": "N\u00e5graCoola CLIE Facial Cleansing Brush, Waterproof and Rechargeable Face Scrub Brush for Men & Women, Cleansing, Exfoliating and Massaging, Electric Face Scrubber - Blue",
        "price": "$31.99 ($31.99 / Count)",
        "listPrice": "$39.99 ($39.99 / Count)",
        "imageUrl": "https://m.media-amazon.com/images/I/41MWcUZPh7S._SL160_.jpg",
        "detailPageURL": "https://www.amazon.com/dp/B092T7CQV5",
        "rating": "4.4",
        "totalReviews": "9271",
        "subtitle": "N\u00e5graCoola",
        "isPrimeEligible": "1"
    },
    {
        "ASIN": "B001VMJSCW",
        "title": "Dermalogica Daily Microfoliant - Exfoliator Facial Scrub Powder - Achieve Brighter, Smoother Skin daily with Papaya Enzyme and Salicylic Acid",
        "price": "$18.00 ($40.00 / Ounce)",
        "listPrice": "",
        "imageUrl": "https://m.media-amazon.com/images/I/31N7x4-aJAL._SL160_.jpg",
        "detailPageURL": "https://www.amazon.com/dp/B001VMJSCW",
        "rating": "4.6",
        "totalReviews": "8465",
        "subtitle": "",
        "isPrimeEligible": "1"
    },
    {
        "ASIN": "B091DW643H",
        "title": "Yiclick 2 Pack Exfoliating Washcloth Towel - Exfoliating Body Scrubber Exfoliator, Loofah Sponge Wash Cloth, Korean & Japanse & African Net Sponge Rag - Back Scrubber Washer for Use in Shower Bath",
        "price": "$9.99 ($5.00 / Count)",
        "listPrice": "$11.99 ($6.00 / Count)",
        "imageUrl": "https://m.media-amazon.com/images/I/51zNCzDTeFL._SL160_.jpg",
        "detailPageURL": "https://www.amazon.com/dp/B091DW643H",
        "rating": "4.3",
        "totalReviews": "1795",
        "subtitle": "Yiclick",
        "isPrimeEligible": "1"
    },
    {
        "ASIN": "B076KYPY23",
        "title": "DRMTLGY Microdermabrasion Facial Scrub and Face Mask. Non-Abrasive Face Exfoliator Improves Acne Scars, Blackheads, Pore Size, and Skin Texture. 2 oz",
        "price": "$16.95 ($8.48 / Ounce)",
        "listPrice": "",
        "imageUrl": "https://m.media-amazon.com/images/I/31F7Ozgy+WL._SL160_.jpg",
        "detailPageURL": "https://www.amazon.com/dp/B076KYPY23",
        "rating": "4.6",
        "totalReviews": "8526",
        "subtitle": "DRMTLGY",
        "isPrimeEligible": "1"
    },
    {
        "ASIN": "B00G0IKDWG",
        "title": "SkinMedica AHA/BHA Exfoliating Cleanser Gently Scrub Away Dead Skin with Exfoliating Fash Wash Cleanser, Improving the Appearance of Skin Tone and Texture, 6 Fl Oz",
        "price": "$48.00 ($8.00 / Fl Oz)",
        "listPrice": "",
        "imageUrl": "https://m.media-amazon.com/images/I/31lnP6zhW9L._SL160_.jpg",
        "detailPageURL": "https://www.amazon.com/dp/B00G0IKDWG",
        "rating": "4.7",
        "totalReviews": "2053",
        "subtitle": "",
        "isPrimeEligible": "1"
    },
    {
        "ASIN": "B088J45G2T",
        "title": "Spongeables Exfoliating Body Wash Sponge with Avocado Oil and Vitamin E, Sea Salt, 3 Count",
        "price": "$17.97 ($5.99 / Count)",
        "listPrice": "",
        "imageUrl": "https://m.media-amazon.com/images/I/51wpD+-kqlL._SL160_.jpg",
        "detailPageURL": "https://www.amazon.com/dp/B088J45G2T",
        "rating": "4.5",
        "totalReviews": "2592",
        "subtitle": "Spongeables",
        "isPrimeEligible": "1"
    },
    {
        "ASIN": "B07GJR4KXM",
        "title": "Brooklyn Botany Brown Sugar Body Scrub - Moisturizing and Exfoliating Body, Face, Hand, Foot Scrub - Fights Acne, Fine Lines & Wrinkles, Great Gifts For Women & Men - 10 oz",
        "price": "$9.99 ($1.00 / Ounce)",
        "listPrice": "$16.99 ($1.70 / Ounce)",
        "imageUrl": "https://m.media-amazon.com/images/I/41Zl1DjrGpL._SL160_.jpg",
        "detailPageURL": "https://www.amazon.com/dp/B07GJR4KXM",
        "rating": "4.2",
        "totalReviews": "15096",
        "subtitle": "Brooklyn Botany",
        "isPrimeEligible": "1"
    },
    {
        "ASIN": "B096MZBL8G",
        "title": "MANSCAPED\u00ae Crop Exfoliator\u2122 Gentle Groin Exfoliant Scrub to Soothe and Clear the Skin, Vegan, Cruelty-Free (3.5 oz)",
        "price": "$12.99 ($3.71 / Ounce)",
        "listPrice": "",
        "imageUrl": "https://m.media-amazon.com/images/I/31N9a4f2gAS._SL160_.jpg",
        "detailPageURL": "https://www.amazon.com/dp/B096MZBL8G",
        "rating": "4.6",
        "totalReviews": "511",
        "subtitle": "MANSCAPED",
        "isPrimeEligible": "1"
    },
    {
        "ASIN": "B0B357SM4N",
        "title": "Neutrogena Stubborn Body Acne Cleanser & Exfoliator with Salicylic Acid & PHA for Acne-Prone Skin, Acne Treatment Gently Exfoliates & Helps Prevent Breakouts, Fragrance-Free, 8.5 fl. oz",
        "price": "$9.97 ($1.17 / Fl Oz)",
        "listPrice": "",
        "imageUrl": "https://m.media-amazon.com/images/I/316FzJJalbL._SL160_.jpg",
        "detailPageURL": "https://www.amazon.com/dp/B0B357SM4N",
        "rating": "4.3",
        "totalReviews": "1031",
        "subtitle": "Neutrogena",
        "isPrimeEligible": "1"
    },
    {
        "ASIN": "B07ND5QZBN",
        "title": "Murad AHA/BHA Exfoliating Cleanser - Hydration Exfoliating & Moisturizing Salicylic, Lactic and Glycolic Acid Face Wash - Creamy Skin Smoothing Treatment Backed by Science, 6.75 Oz",
        "price": "$36.80 ($5.45 / Fl Oz)",
        "listPrice": "$44.00 ($6.52 / Fl Oz)",
        "imageUrl": "https://m.media-amazon.com/images/I/416-GOyG3ZL._SL160_.jpg",
        "detailPageURL": "https://www.amazon.com/dp/B07ND5QZBN",
        "rating": "4.8",
        "totalReviews": "2333",
        "subtitle": "",
        "isPrimeEligible": "1"
    },
    {
        "ASIN": "B001VMJSCW",
        "title": "Dermalogica Daily Microfoliant - Exfoliator Facial Scrub Powder - Achieve Brighter, Smoother Skin daily with Papaya Enzyme and Salicylic Acid",
        "price": "$18.00 ($40.00 / Ounce)",
        "listPrice": "",
        "imageUrl": "https://m.media-amazon.com/images/I/31N7x4-aJAL._SL160_.jpg",
        "detailPageURL": "https://www.amazon.com/dp/B001VMJSCW",
        "rating": "4.6",
        "totalReviews": "8465",
        "subtitle": "",
        "isPrimeEligible": "1"
    },
    {
        "ASIN": "B091DW643H",
        "title": "Yiclick 2 Pack Exfoliating Washcloth Towel - Exfoliating Body Scrubber Exfoliator, Loofah Sponge Wash Cloth, Korean & Japanse & African Net Sponge Rag - Back Scrubber Washer for Use in Shower Bath",
        "price": "$9.99 ($5.00 / Count)",
        "listPrice": "$11.99 ($6.00 / Count)",
        "imageUrl": "https://m.media-amazon.com/images/I/51zNCzDTeFL._SL160_.jpg",
        "detailPageURL": "https://www.amazon.com/dp/B091DW643H",
        "rating": "4.3",
        "totalReviews": "1795",
        "subtitle": "Yiclick",
        "isPrimeEligible": "1"
    },
    {
        "ASIN": "B076KYPY23",
        "title": "DRMTLGY Microdermabrasion Facial Scrub and Face Mask. Non-Abrasive Face Exfoliator Improves Acne Scars, Blackheads, Pore Size, and Skin Texture. 2 oz",
        "price": "$16.95 ($8.48 / Ounce)",
        "listPrice": "",
        "imageUrl": "https://m.media-amazon.com/images/I/31F7Ozgy+WL._SL160_.jpg",
        "detailPageURL": "https://www.amazon.com/dp/B076KYPY23",
        "rating": "4.6",
        "totalReviews": "8526",
        "subtitle": "DRMTLGY",
        "isPrimeEligible": "1"
    },
    {
        "ASIN": "B00G0IKDWG",
        "title": "SkinMedica AHA/BHA Exfoliating Cleanser Gently Scrub Away Dead Skin with Exfoliating Fash Wash Cleanser, Improving the Appearance of Skin Tone and Texture, 6 Fl Oz",
        "price": "$48.00 ($8.00 / Fl Oz)",
        "listPrice": "",
        "imageUrl": "https://m.media-amazon.com/images/I/31lnP6zhW9L._SL160_.jpg",
        "detailPageURL": "https://www.amazon.com/dp/B00G0IKDWG",
        "rating": "4.7",
        "totalReviews": "2053",
        "subtitle": "",
        "isPrimeEligible": "1"
    },
    {
        "ASIN": "B088J45G2T",
        "title": "Spongeables Exfoliating Body Wash Sponge with Avocado Oil and Vitamin E, Sea Salt, 3 Count",
        "price": "$17.97 ($5.99 / Count)",
        "listPrice": "",
        "imageUrl": "https://m.media-amazon.com/images/I/51wpD+-kqlL._SL160_.jpg",
        "detailPageURL": "https://www.amazon.com/dp/B088J45G2T",
        "rating": "4.5",
        "totalReviews": "2592",
        "subtitle": "Spongeables",
        "isPrimeEligible": "1"
    },
    {
        "ASIN": "B07GJR4KXM",
        "title": "Brooklyn Botany Brown Sugar Body Scrub - Moisturizing and Exfoliating Body, Face, Hand, Foot Scrub - Fights Acne, Fine Lines & Wrinkles, Great Gifts For Women & Men - 10 oz",
        "price": "$9.99 ($1.00 / Ounce)",
        "listPrice": "$16.99 ($1.70 / Ounce)",
        "imageUrl": "https://m.media-amazon.com/images/I/41Zl1DjrGpL._SL160_.jpg",
        "detailPageURL": "https://www.amazon.com/dp/B07GJR4KXM",
        "rating": "4.2",
        "totalReviews": "15096",
        "subtitle": "Brooklyn Botany",
        "isPrimeEligible": "1"
    },
    {
        "ASIN": "B096MZBL8G",
        "title": "MANSCAPED\u00ae Crop Exfoliator\u2122 Gentle Groin Exfoliant Scrub to Soothe and Clear the Skin, Vegan, Cruelty-Free (3.5 oz)",
        "price": "$12.99 ($3.71 / Ounce)",
        "listPrice": "",
        "imageUrl": "https://m.media-amazon.com/images/I/31N9a4f2gAS._SL160_.jpg",
        "detailPageURL": "https://www.amazon.com/dp/B096MZBL8G",
        "rating": "4.6",
        "totalReviews": "511",
        "subtitle": "MANSCAPED",
        "isPrimeEligible": "1"
    },
    {
        "ASIN": "B0B357SM4N",
        "title": "Neutrogena Stubborn Body Acne Cleanser & Exfoliator with Salicylic Acid & PHA for Acne-Prone Skin, Acne Treatment Gently Exfoliates & Helps Prevent Breakouts, Fragrance-Free, 8.5 fl. oz",
        "price": "$9.97 ($1.17 / Fl Oz)",
        "listPrice": "",
        "imageUrl": "https://m.media-amazon.com/images/I/316FzJJalbL._SL160_.jpg",
        "detailPageURL": "https://www.amazon.com/dp/B0B357SM4N",
        "rating": "4.3",
        "totalReviews": "1031",
        "subtitle": "Neutrogena",
        "isPrimeEligible": "1"
    },
    {
        "ASIN": "B07ND5QZBN",
        "title": "Murad AHA/BHA Exfoliating Cleanser - Hydration Exfoliating & Moisturizing Salicylic, Lactic and Glycolic Acid Face Wash - Creamy Skin Smoothing Treatment Backed by Science, 6.75 Oz",
        "price": "$36.80 ($5.45 / Fl Oz)",
        "listPrice": "$44.00 ($6.52 / Fl Oz)",
        "imageUrl": "https://m.media-amazon.com/images/I/416-GOyG3ZL._SL160_.jpg",
        "detailPageURL": "https://www.amazon.com/dp/B07ND5QZBN",
        "rating": "4.8",
        "totalReviews": "2333",
        "subtitle": "",
        "isPrimeEligible": "1"
    },
    {
        "ASIN": "B08881VH6J",
        "title": "Naturium BHA Liquid Exfoliant 2%, Leave-on Face & Skin Care Exfoliating Pore Treatment, with Salicylic Acid & Bioactive Fruit Acids, 4 oz",
        "price": "$18.99 ($4.75 / Fl Oz)",
        "listPrice": "",
        "imageUrl": "https://m.media-amazon.com/images/I/31GUx2Hd9QL._SL160_.jpg",
        "detailPageURL": "https://www.amazon.com/dp/B08881VH6J",
        "rating": "4.5",
        "totalReviews": "2448",
        "subtitle": "Naturium",
        "isPrimeEligible": "1"
    },
    {
        "ASIN": "B091DW643H",
        "title": "Yiclick 2 Pack Exfoliating Washcloth Towel - Exfoliating Body Scrubber Exfoliator, Loofah Sponge Wash Cloth, Korean & Japanse & African Net Sponge Rag - Back Scrubber Washer for Use in Shower Bath",
        "price": "$9.99 ($5.00 / Count)",
        "listPrice": "$11.99 ($6.00 / Count)",
        "imageUrl": "https://m.media-amazon.com/images/I/51zNCzDTeFL._SL160_.jpg",
        "detailPageURL": "https://www.amazon.com/dp/B091DW643H",
        "rating": "4.3",
        "totalReviews": "1795",
        "subtitle": "Yiclick",
        "isPrimeEligible": "1"
    },
    {
        "ASIN": "B076KYPY23",
        "title": "DRMTLGY Microdermabrasion Facial Scrub and Face Mask. Non-Abrasive Face Exfoliator Improves Acne Scars, Blackheads, Pore Size, and Skin Texture. 2 oz",
        "price": "$16.95 ($8.48 / Ounce)",
        "listPrice": "",
        "imageUrl": "https://m.media-amazon.com/images/I/31F7Ozgy+WL._SL160_.jpg",
        "detailPageURL": "https://www.amazon.com/dp/B076KYPY23",
        "rating": "4.6",
        "totalReviews": "8526",
        "subtitle": "DRMTLGY",
        "isPrimeEligible": "1"
    },
    {
        "ASIN": "B00G0IKDWG",
        "title": "SkinMedica AHA/BHA Exfoliating Cleanser Gently Scrub Away Dead Skin with Exfoliating Fash Wash Cleanser, Improving the Appearance of Skin Tone and Texture, 6 Fl Oz",
        "price": "$48.00 ($8.00 / Fl Oz)",
        "listPrice": "",
        "imageUrl": "https://m.media-amazon.com/images/I/31lnP6zhW9L._SL160_.jpg",
        "detailPageURL": "https://www.amazon.com/dp/B00G0IKDWG",
        "rating": "4.7",
        "totalReviews": "2053",
        "subtitle": "",
        "isPrimeEligible": "1"
    },
    {
        "ASIN": "B088J45G2T",
        "title": "Spongeables Exfoliating Body Wash Sponge with Avocado Oil and Vitamin E, Sea Salt, 3 Count",
        "price": "$17.97 ($5.99 / Count)",
        "listPrice": "",
        "imageUrl": "https://m.media-amazon.com/images/I/51wpD+-kqlL._SL160_.jpg",
        "detailPageURL": "https://www.amazon.com/dp/B088J45G2T",
        "rating": "4.5",
        "totalReviews": "2592",
        "subtitle": "Spongeables",
        "isPrimeEligible": "1"
    },
    {
        "ASIN": "B07GJR4KXM",
        "title": "Brooklyn Botany Brown Sugar Body Scrub - Moisturizing and Exfoliating Body, Face, Hand, Foot Scrub - Fights Acne, Fine Lines & Wrinkles, Great Gifts For Women & Men - 10 oz",
        "price": "$9.99 ($1.00 / Ounce)",
        "listPrice": "$16.99 ($1.70 / Ounce)",
        "imageUrl": "https://m.media-amazon.com/images/I/41Zl1DjrGpL._SL160_.jpg",
        "detailPageURL": "https://www.amazon.com/dp/B07GJR4KXM",
        "rating": "4.2",
        "totalReviews": "15096",
        "subtitle": "Brooklyn Botany",
        "isPrimeEligible": "1"
    },
    {
        "ASIN": "B096MZBL8G",
        "title": "MANSCAPED\u00ae Crop Exfoliator\u2122 Gentle Groin Exfoliant Scrub to Soothe and Clear the Skin, Vegan, Cruelty-Free (3.5 oz)",
        "price": "$12.99 ($3.71 / Ounce)",
        "listPrice": "",
        "imageUrl": "https://m.media-amazon.com/images/I/31N9a4f2gAS._SL160_.jpg",
        "detailPageURL": "https://www.amazon.com/dp/B096MZBL8G",
        "rating": "4.6",
        "totalReviews": "511",
        "subtitle": "MANSCAPED",
        "isPrimeEligible": "1"
    },
    {
        "ASIN": "B0B357SM4N",
        "title": "Neutrogena Stubborn Body Acne Cleanser & Exfoliator with Salicylic Acid & PHA for Acne-Prone Skin, Acne Treatment Gently Exfoliates & Helps Prevent Breakouts, Fragrance-Free, 8.5 fl. oz",
        "price": "$9.97 ($1.17 / Fl Oz)",
        "listPrice": "",
        "imageUrl": "https://m.media-amazon.com/images/I/316FzJJalbL._SL160_.jpg",
        "detailPageURL": "https://www.amazon.com/dp/B0B357SM4N",
        "rating": "4.3",
        "totalReviews": "1031",
        "subtitle": "Neutrogena",
        "isPrimeEligible": "1"
    },
    {
        "ASIN": "B07ND5QZBN",
        "title": "Murad AHA/BHA Exfoliating Cleanser - Hydration Exfoliating & Moisturizing Salicylic, Lactic and Glycolic Acid Face Wash - Creamy Skin Smoothing Treatment Backed by Science, 6.75 Oz",
        "price": "$36.80 ($5.45 / Fl Oz)",
        "listPrice": "$44.00 ($6.52 / Fl Oz)",
        "imageUrl": "https://m.media-amazon.com/images/I/416-GOyG3ZL._SL160_.jpg",
        "detailPageURL": "https://www.amazon.com/dp/B07ND5QZBN",
        "rating": "4.8",
        "totalReviews": "2333",
        "subtitle": "",
        "isPrimeEligible": "1"
    },
    {
        "ASIN": "B08881VH6J",
        "title": "Naturium BHA Liquid Exfoliant 2%, Leave-on Face & Skin Care Exfoliating Pore Treatment, with Salicylic Acid & Bioactive Fruit Acids, 4 oz",
        "price": "$18.99 ($4.75 / Fl Oz)",
        "listPrice": "",
        "imageUrl": "https://m.media-amazon.com/images/I/31GUx2Hd9QL._SL160_.jpg",
        "detailPageURL": "https://www.amazon.com/dp/B08881VH6J",
        "rating": "4.5",
        "totalReviews": "2448",
        "subtitle": "Naturium",
        "isPrimeEligible": "1"
    },
    {
        "ASIN": "B0BTXZXZ3W",
        "title": "Silicone Body Scrubber Shower Bath Brush, More Hygienic Than Traditional Loofah, Lather Nicely, Long Lasting, Gentle Exfoliating for Women Men Baby Sensitive Skin, 1 Pack, Black",
        "price": "$7.99 ($7.99 / Count)",
        "listPrice": "",
        "imageUrl": "https://m.media-amazon.com/images/I/411+pYO1VpL._SL160_.jpg",
        "detailPageURL": "https://www.amazon.com/dp/B0BTXZXZ3W",
        "rating": "4.5",
        "totalReviews": "471",
        "subtitle": "BEAUTAIL",
        "isPrimeEligible": "1"
    },
    {
        "ASIN": "B076KYPY23",
        "title": "DRMTLGY Microdermabrasion Facial Scrub and Face Mask. Non-Abrasive Face Exfoliator Improves Acne Scars, Blackheads, Pore Size, and Skin Texture. 2 oz",
        "price": "$16.95 ($8.48 / Ounce)",
        "listPrice": "",
        "imageUrl": "https://m.media-amazon.com/images/I/31F7Ozgy+WL._SL160_.jpg",
        "detailPageURL": "https://www.amazon.com/dp/B076KYPY23",
        "rating": "4.6",
        "totalReviews": "8526",
        "subtitle": "DRMTLGY",
        "isPrimeEligible": "1"
    },
    {
        "ASIN": "B00G0IKDWG",
        "title": "SkinMedica AHA/BHA Exfoliating Cleanser Gently Scrub Away Dead Skin with Exfoliating Fash Wash Cleanser, Improving the Appearance of Skin Tone and Texture, 6 Fl Oz",
        "price": "$48.00 ($8.00 / Fl Oz)",
        "listPrice": "",
        "imageUrl": "https://m.media-amazon.com/images/I/31lnP6zhW9L._SL160_.jpg",
        "detailPageURL": "https://www.amazon.com/dp/B00G0IKDWG",
        "rating": "4.7",
        "totalReviews": "2053",
        "subtitle": "",
        "isPrimeEligible": "1"
    },
    {
        "ASIN": "B088J45G2T",
        "title": "Spongeables Exfoliating Body Wash Sponge with Avocado Oil and Vitamin E, Sea Salt, 3 Count",
        "price": "$17.97 ($5.99 / Count)",
        "listPrice": "",
        "imageUrl": "https://m.media-amazon.com/images/I/51wpD+-kqlL._SL160_.jpg",
        "detailPageURL": "https://www.amazon.com/dp/B088J45G2T",
        "rating": "4.5",
        "totalReviews": "2592",
        "subtitle": "Spongeables",
        "isPrimeEligible": "1"
    },
    {
        "ASIN": "B07GJR4KXM",
        "title": "Brooklyn Botany Brown Sugar Body Scrub - Moisturizing and Exfoliating Body, Face, Hand, Foot Scrub - Fights Acne, Fine Lines & Wrinkles, Great Gifts For Women & Men - 10 oz",
        "price": "$9.99 ($1.00 / Ounce)",
        "listPrice": "$16.99 ($1.70 / Ounce)",
        "imageUrl": "https://m.media-amazon.com/images/I/41Zl1DjrGpL._SL160_.jpg",
        "detailPageURL": "https://www.amazon.com/dp/B07GJR4KXM",
        "rating": "4.2",
        "totalReviews": "15096",
        "subtitle": "Brooklyn Botany",
        "isPrimeEligible": "1"
    },
    {
        "ASIN": "B096MZBL8G",
        "title": "MANSCAPED\u00ae Crop Exfoliator\u2122 Gentle Groin Exfoliant Scrub to Soothe and Clear the Skin, Vegan, Cruelty-Free (3.5 oz)",
        "price": "$12.99 ($3.71 / Ounce)",
        "listPrice": "",
        "imageUrl": "https://m.media-amazon.com/images/I/31N9a4f2gAS._SL160_.jpg",
        "detailPageURL": "https://www.amazon.com/dp/B096MZBL8G",
        "rating": "4.6",
        "totalReviews": "511",
        "subtitle": "MANSCAPED",
        "isPrimeEligible": "1"
    },
    {
        "ASIN": "B0B357SM4N",
        "title": "Neutrogena Stubborn Body Acne Cleanser & Exfoliator with Salicylic Acid & PHA for Acne-Prone Skin, Acne Treatment Gently Exfoliates & Helps Prevent Breakouts, Fragrance-Free, 8.5 fl. oz",
        "price": "$9.97 ($1.17 / Fl Oz)",
        "listPrice": "",
        "imageUrl": "https://m.media-amazon.com/images/I/316FzJJalbL._SL160_.jpg",
        "detailPageURL": "https://www.amazon.com/dp/B0B357SM4N",
        "rating": "4.3",
        "totalReviews": "1031",
        "subtitle": "Neutrogena",
        "isPrimeEligible": "1"
    },
    {
        "ASIN": "B07ND5QZBN",
        "title": "Murad AHA/BHA Exfoliating Cleanser - Hydration Exfoliating & Moisturizing Salicylic, Lactic and Glycolic Acid Face Wash - Creamy Skin Smoothing Treatment Backed by Science, 6.75 Oz",
        "price": "$36.80 ($5.45 / Fl Oz)",
        "listPrice": "$44.00 ($6.52 / Fl Oz)",
        "imageUrl": "https://m.media-amazon.com/images/I/416-GOyG3ZL._SL160_.jpg",
        "detailPageURL": "https://www.amazon.com/dp/B07ND5QZBN",
        "rating": "4.8",
        "totalReviews": "2333",
        "subtitle": "",
        "isPrimeEligible": "1"
    },
    {
        "ASIN": "B08881VH6J",
        "title": "Naturium BHA Liquid Exfoliant 2%, Leave-on Face & Skin Care Exfoliating Pore Treatment, with Salicylic Acid & Bioactive Fruit Acids, 4 oz",
        "price": "$18.99 ($4.75 / Fl Oz)",
        "listPrice": "",
        "imageUrl": "https://m.media-amazon.com/images/I/31GUx2Hd9QL._SL160_.jpg",
        "detailPageURL": "https://www.amazon.com/dp/B08881VH6J",
        "rating": "4.5",
        "totalReviews": "2448",
        "subtitle": "Naturium",
        "isPrimeEligible": "1"
    },
    {
        "ASIN": "B0BTXZXZ3W",
        "title": "Silicone Body Scrubber Shower Bath Brush, More Hygienic Than Traditional Loofah, Lather Nicely, Long Lasting, Gentle Exfoliating for Women Men Baby Sensitive Skin, 1 Pack, Black",
        "price": "$7.99 ($7.99 / Count)",
        "listPrice": "",
        "imageUrl": "https://m.media-amazon.com/images/I/411+pYO1VpL._SL160_.jpg",
        "detailPageURL": "https://www.amazon.com/dp/B0BTXZXZ3W",
        "rating": "4.5",
        "totalReviews": "471",
        "subtitle": "BEAUTAIL",
        "isPrimeEligible": "1"
    },
    {
        "ASIN": "B0000632EN",
        "title": "Aveeno Positively Radiant Skin Brightening Exfoliating Daily Facial Scrub, Moisture-Rich Soy Extract, helps improve skin tone & texture, Oil-& Soap-Free, Hypoallergenic, 5 oz",
        "price": "$8.17 ($1.63 / Ounce)",
        "listPrice": "",
        "imageUrl": "https://m.media-amazon.com/images/I/31QLO0LeG9L._SL160_.jpg",
        "detailPageURL": "https://www.amazon.com/dp/B0000632EN",
        "rating": "4.6",
        "totalReviews": "35158",
        "subtitle": "Aveeno",
        "isPrimeEligible": "1"
    },
    {
        "ASIN": "B00G0IKDWG",
        "title": "SkinMedica AHA/BHA Exfoliating Cleanser Gently Scrub Away Dead Skin with Exfoliating Fash Wash Cleanser, Improving the Appearance of Skin Tone and Texture, 6 Fl Oz",
        "price": "$48.00 ($8.00 / Fl Oz)",
        "listPrice": "",
        "imageUrl": "https://m.media-amazon.com/images/I/31lnP6zhW9L._SL160_.jpg",
        "detailPageURL": "https://www.amazon.com/dp/B00G0IKDWG",
        "rating": "4.7",
        "totalReviews": "2053",
        "subtitle": "",
        "isPrimeEligible": "1"
    },
    {
        "ASIN": "B088J45G2T",
        "title": "Spongeables Exfoliating Body Wash Sponge with Avocado Oil and Vitamin E, Sea Salt, 3 Count",
        "price": "$17.97 ($5.99 / Count)",
        "listPrice": "",
        "imageUrl": "https://m.media-amazon.com/images/I/51wpD+-kqlL._SL160_.jpg",
        "detailPageURL": "https://www.amazon.com/dp/B088J45G2T",
        "rating": "4.5",
        "totalReviews": "2592",
        "subtitle": "Spongeables",
        "isPrimeEligible": "1"
    },
    {
        "ASIN": "B07GJR4KXM",
        "title": "Brooklyn Botany Brown Sugar Body Scrub - Moisturizing and Exfoliating Body, Face, Hand, Foot Scrub - Fights Acne, Fine Lines & Wrinkles, Great Gifts For Women & Men - 10 oz",
        "price": "$9.99 ($1.00 / Ounce)",
        "listPrice": "$16.99 ($1.70 / Ounce)",
        "imageUrl": "https://m.media-amazon.com/images/I/41Zl1DjrGpL._SL160_.jpg",
        "detailPageURL": "https://www.amazon.com/dp/B07GJR4KXM",
        "rating": "4.2",
        "totalReviews": "15096",
        "subtitle": "Brooklyn Botany",
        "isPrimeEligible": "1"
    },
    {
        "ASIN": "B096MZBL8G",
        "title": "MANSCAPED\u00ae Crop Exfoliator\u2122 Gentle Groin Exfoliant Scrub to Soothe and Clear the Skin, Vegan, Cruelty-Free (3.5 oz)",
        "price": "$12.99 ($3.71 / Ounce)",
        "listPrice": "",
        "imageUrl": "https://m.media-amazon.com/images/I/31N9a4f2gAS._SL160_.jpg",
        "detailPageURL": "https://www.amazon.com/dp/B096MZBL8G",
        "rating": "4.6",
        "totalReviews": "511",
        "subtitle": "MANSCAPED",
        "isPrimeEligible": "1"
    },
    {
        "ASIN": "B0B357SM4N",
        "title": "Neutrogena Stubborn Body Acne Cleanser & Exfoliator with Salicylic Acid & PHA for Acne-Prone Skin, Acne Treatment Gently Exfoliates & Helps Prevent Breakouts, Fragrance-Free, 8.5 fl. oz",
        "price": "$9.97 ($1.17 / Fl Oz)",
        "listPrice": "",
        "imageUrl": "https://m.media-amazon.com/images/I/316FzJJalbL._SL160_.jpg",
        "detailPageURL": "https://www.amazon.com/dp/B0B357SM4N",
        "rating": "4.3",
        "totalReviews": "1031",
        "subtitle": "Neutrogena",
        "isPrimeEligible": "1"
    },
    {
        "ASIN": "B07ND5QZBN",
        "title": "Murad AHA/BHA Exfoliating Cleanser - Hydration Exfoliating & Moisturizing Salicylic, Lactic and Glycolic Acid Face Wash - Creamy Skin Smoothing Treatment Backed by Science, 6.75 Oz",
        "price": "$36.80 ($5.45 / Fl Oz)",
        "listPrice": "$44.00 ($6.52 / Fl Oz)",
        "imageUrl": "https://m.media-amazon.com/images/I/416-GOyG3ZL._SL160_.jpg",
        "detailPageURL": "https://www.amazon.com/dp/B07ND5QZBN",
        "rating": "4.8",
        "totalReviews": "2333",
        "subtitle": "",
        "isPrimeEligible": "1"
    },
    {
        "ASIN": "B08881VH6J",
        "title": "Naturium BHA Liquid Exfoliant 2%, Leave-on Face & Skin Care Exfoliating Pore Treatment, with Salicylic Acid & Bioactive Fruit Acids, 4 oz",
        "price": "$18.99 ($4.75 / Fl Oz)",
        "listPrice": "",
        "imageUrl": "https://m.media-amazon.com/images/I/31GUx2Hd9QL._SL160_.jpg",
        "detailPageURL": "https://www.amazon.com/dp/B08881VH6J",
        "rating": "4.5",
        "totalReviews": "2448",
        "subtitle": "Naturium",
        "isPrimeEligible": "1"
    },
    {
        "ASIN": "B0BTXZXZ3W",
        "title": "Silicone Body Scrubber Shower Bath Brush, More Hygienic Than Traditional Loofah, Lather Nicely, Long Lasting, Gentle Exfoliating for Women Men Baby Sensitive Skin, 1 Pack, Black",
        "price": "$7.99 ($7.99 / Count)",
        "listPrice": "",
        "imageUrl": "https://m.media-amazon.com/images/I/411+pYO1VpL._SL160_.jpg",
        "detailPageURL": "https://www.amazon.com/dp/B0BTXZXZ3W",
        "rating": "4.5",
        "totalReviews": "471",
        "subtitle": "BEAUTAIL",
        "isPrimeEligible": "1"
    },
    {
        "ASIN": "B0000632EN",
        "title": "Aveeno Positively Radiant Skin Brightening Exfoliating Daily Facial Scrub, Moisture-Rich Soy Extract, helps improve skin tone & texture, Oil-& Soap-Free, Hypoallergenic, 5 oz",
        "price": "$8.17 ($1.63 / Ounce)",
        "listPrice": "",
        "imageUrl": "https://m.media-amazon.com/images/I/31QLO0LeG9L._SL160_.jpg",
        "detailPageURL": "https://www.amazon.com/dp/B0000632EN",
        "rating": "4.6",
        "totalReviews": "35158",
        "subtitle": "Aveeno",
        "isPrimeEligible": "1"
    },
    {
        "ASIN": "B09T76MYPM",
        "title": "Wildpier Beauty Exfoliating Glove Mitt Body Scrub for Bath Shower Spa Hand Exfoliator Gloves, Dead Skin Cell Remover, Plant Based Deep Exfoliation Scrubber, White",
        "price": "$21.00 ($21.00 / Count)",
        "listPrice": "",
        "imageUrl": "https://m.media-amazon.com/images/I/41+IjIMV4NL._SL160_.jpg",
        "detailPageURL": "https://www.amazon.com/dp/B09T76MYPM",
        "rating": "4.2",
        "totalReviews": "1092",
        "subtitle": "Wildpier",
        "isPrimeEligible": "1"
    },
    {
        "ASIN": "B088J45G2T",
        "title": "Spongeables Exfoliating Body Wash Sponge with Avocado Oil and Vitamin E, Sea Salt, 3 Count",
        "price": "$17.97 ($5.99 / Count)",
        "listPrice": "",
        "imageUrl": "https://m.media-amazon.com/images/I/51wpD+-kqlL._SL160_.jpg",
        "detailPageURL": "https://www.amazon.com/dp/B088J45G2T",
        "rating": "4.5",
        "totalReviews": "2592",
        "subtitle": "Spongeables",
        "isPrimeEligible": "1"
    },
    {
        "ASIN": "B07GJR4KXM",
        "title": "Brooklyn Botany Brown Sugar Body Scrub - Moisturizing and Exfoliating Body, Face, Hand, Foot Scrub - Fights Acne, Fine Lines & Wrinkles, Great Gifts For Women & Men - 10 oz",
        "price": "$9.99 ($1.00 / Ounce)",
        "listPrice": "$16.99 ($1.70 / Ounce)",
        "imageUrl": "https://m.media-amazon.com/images/I/41Zl1DjrGpL._SL160_.jpg",
        "detailPageURL": "https://www.amazon.com/dp/B07GJR4KXM",
        "rating": "4.2",
        "totalReviews": "15096",
        "subtitle": "Brooklyn Botany",
        "isPrimeEligible": "1"
    },
    {
        "ASIN": "B096MZBL8G",
        "title": "MANSCAPED\u00ae Crop Exfoliator\u2122 Gentle Groin Exfoliant Scrub to Soothe and Clear the Skin, Vegan, Cruelty-Free (3.5 oz)",
        "price": "$12.99 ($3.71 / Ounce)",
        "listPrice": "",
        "imageUrl": "https://m.media-amazon.com/images/I/31N9a4f2gAS._SL160_.jpg",
        "detailPageURL": "https://www.amazon.com/dp/B096MZBL8G",
        "rating": "4.6",
        "totalReviews": "511",
        "subtitle": "MANSCAPED",
        "isPrimeEligible": "1"
    },
    {
        "ASIN": "B0B357SM4N",
        "title": "Neutrogena Stubborn Body Acne Cleanser & Exfoliator with Salicylic Acid & PHA for Acne-Prone Skin, Acne Treatment Gently Exfoliates & Helps Prevent Breakouts, Fragrance-Free, 8.5 fl. oz",
        "price": "$9.97 ($1.17 / Fl Oz)",
        "listPrice": "",
        "imageUrl": "https://m.media-amazon.com/images/I/316FzJJalbL._SL160_.jpg",
        "detailPageURL": "https://www.amazon.com/dp/B0B357SM4N",
        "rating": "4.3",
        "totalReviews": "1031",
        "subtitle": "Neutrogena",
        "isPrimeEligible": "1"
    },
    {
        "ASIN": "B07ND5QZBN",
        "title": "Murad AHA/BHA Exfoliating Cleanser - Hydration Exfoliating & Moisturizing Salicylic, Lactic and Glycolic Acid Face Wash - Creamy Skin Smoothing Treatment Backed by Science, 6.75 Oz",
        "price": "$36.80 ($5.45 / Fl Oz)",
        "listPrice": "$44.00 ($6.52 / Fl Oz)",
        "imageUrl": "https://m.media-amazon.com/images/I/416-GOyG3ZL._SL160_.jpg",
        "detailPageURL": "https://www.amazon.com/dp/B07ND5QZBN",
        "rating": "4.8",
        "totalReviews": "2333",
        "subtitle": "",
        "isPrimeEligible": "1"
    },
    {
        "ASIN": "B08881VH6J",
        "title": "Naturium BHA Liquid Exfoliant 2%, Leave-on Face & Skin Care Exfoliating Pore Treatment, with Salicylic Acid & Bioactive Fruit Acids, 4 oz",
        "price": "$18.99 ($4.75 / Fl Oz)",
        "listPrice": "",
        "imageUrl": "https://m.media-amazon.com/images/I/31GUx2Hd9QL._SL160_.jpg",
        "detailPageURL": "https://www.amazon.com/dp/B08881VH6J",
        "rating": "4.5",
        "totalReviews": "2448",
        "subtitle": "Naturium",
        "isPrimeEligible": "1"
    },
    {
        "ASIN": "B0BTXZXZ3W",
        "title": "Silicone Body Scrubber Shower Bath Brush, More Hygienic Than Traditional Loofah, Lather Nicely, Long Lasting, Gentle Exfoliating for Women Men Baby Sensitive Skin, 1 Pack, Black",
        "price": "$7.99 ($7.99 / Count)",
        "listPrice": "",
        "imageUrl": "https://m.media-amazon.com/images/I/411+pYO1VpL._SL160_.jpg",
        "detailPageURL": "https://www.amazon.com/dp/B0BTXZXZ3W",
        "rating": "4.5",
        "totalReviews": "471",
        "subtitle": "BEAUTAIL",
        "isPrimeEligible": "1"
    },
    {
        "ASIN": "B0000632EN",
        "title": "Aveeno Positively Radiant Skin Brightening Exfoliating Daily Facial Scrub, Moisture-Rich Soy Extract, helps improve skin tone & texture, Oil-& Soap-Free, Hypoallergenic, 5 oz",
        "price": "$8.17 ($1.63 / Ounce)",
        "listPrice": "",
        "imageUrl": "https://m.media-amazon.com/images/I/31QLO0LeG9L._SL160_.jpg",
        "detailPageURL": "https://www.amazon.com/dp/B0000632EN",
        "rating": "4.6",
        "totalReviews": "35158",
        "subtitle": "Aveeno",
        "isPrimeEligible": "1"
    },
    {
        "ASIN": "B09T76MYPM",
        "title": "Wildpier Beauty Exfoliating Glove Mitt Body Scrub for Bath Shower Spa Hand Exfoliator Gloves, Dead Skin Cell Remover, Plant Based Deep Exfoliation Scrubber, White",
        "price": "$21.00 ($21.00 / Count)",
        "listPrice": "",
        "imageUrl": "https://m.media-amazon.com/images/I/41+IjIMV4NL._SL160_.jpg",
        "detailPageURL": "https://www.amazon.com/dp/B09T76MYPM",
        "rating": "4.2",
        "totalReviews": "1092",
        "subtitle": "Wildpier",
        "isPrimeEligible": "1"
    },
    {
        "ASIN": "B08TMDRF1L",
        "title": "Good Molecules Overnight Exfoliating Treatment 30ml/1oz - Facial Exfoliant With AHA to Resurface for Even Tone and Texture - Pore Minimizer, Anti-aging Skin Care for Face with Salicylic Acid",
        "price": "$6.00 ($6.00 / Fl Oz)",
        "listPrice": "",
        "imageUrl": "https://m.media-amazon.com/images/I/31V1xxCECJL._SL160_.jpg",
        "detailPageURL": "https://www.amazon.com/dp/B08TMDRF1L",
        "rating": "4.6",
        "totalReviews": "955",
        "subtitle": "Good Molecules",
        "isPrimeEligible": "1"
    },
    {
        "ASIN": "B07GJR4KXM",
        "title": "Brooklyn Botany Brown Sugar Body Scrub - Moisturizing and Exfoliating Body, Face, Hand, Foot Scrub - Fights Acne, Fine Lines & Wrinkles, Great Gifts For Women & Men - 10 oz",
        "price": "$9.99 ($1.00 / Ounce)",
        "listPrice": "$16.99 ($1.70 / Ounce)",
        "imageUrl": "https://m.media-amazon.com/images/I/41Zl1DjrGpL._SL160_.jpg",
        "detailPageURL": "https://www.amazon.com/dp/B07GJR4KXM",
        "rating": "4.2",
        "totalReviews": "15096",
        "subtitle": "Brooklyn Botany",
        "isPrimeEligible": "1"
    },
    {
        "ASIN": "B096MZBL8G",
        "title": "MANSCAPED\u00ae Crop Exfoliator\u2122 Gentle Groin Exfoliant Scrub to Soothe and Clear the Skin, Vegan, Cruelty-Free (3.5 oz)",
        "price": "$12.99 ($3.71 / Ounce)",
        "listPrice": "",
        "imageUrl": "https://m.media-amazon.com/images/I/31N9a4f2gAS._SL160_.jpg",
        "detailPageURL": "https://www.amazon.com/dp/B096MZBL8G",
        "rating": "4.6",
        "totalReviews": "511",
        "subtitle": "MANSCAPED",
        "isPrimeEligible": "1"
    },
    {
        "ASIN": "B0B357SM4N",
        "title": "Neutrogena Stubborn Body Acne Cleanser & Exfoliator with Salicylic Acid & PHA for Acne-Prone Skin, Acne Treatment Gently Exfoliates & Helps Prevent Breakouts, Fragrance-Free, 8.5 fl. oz",
        "price": "$9.97 ($1.17 / Fl Oz)",
        "listPrice": "",
        "imageUrl": "https://m.media-amazon.com/images/I/316FzJJalbL._SL160_.jpg",
        "detailPageURL": "https://www.amazon.com/dp/B0B357SM4N",
        "rating": "4.3",
        "totalReviews": "1031",
        "subtitle": "Neutrogena",
        "isPrimeEligible": "1"
    },
    {
        "ASIN": "B07ND5QZBN",
        "title": "Murad AHA/BHA Exfoliating Cleanser - Hydration Exfoliating & Moisturizing Salicylic, Lactic and Glycolic Acid Face Wash - Creamy Skin Smoothing Treatment Backed by Science, 6.75 Oz",
        "price": "$36.80 ($5.45 / Fl Oz)",
        "listPrice": "$44.00 ($6.52 / Fl Oz)",
        "imageUrl": "https://m.media-amazon.com/images/I/416-GOyG3ZL._SL160_.jpg",
        "detailPageURL": "https://www.amazon.com/dp/B07ND5QZBN",
        "rating": "4.8",
        "totalReviews": "2333",
        "subtitle": "",
        "isPrimeEligible": "1"
    },
    {
        "ASIN": "B08881VH6J",
        "title": "Naturium BHA Liquid Exfoliant 2%, Leave-on Face & Skin Care Exfoliating Pore Treatment, with Salicylic Acid & Bioactive Fruit Acids, 4 oz",
        "price": "$18.99 ($4.75 / Fl Oz)",
        "listPrice": "",
        "imageUrl": "https://m.media-amazon.com/images/I/31GUx2Hd9QL._SL160_.jpg",
        "detailPageURL": "https://www.amazon.com/dp/B08881VH6J",
        "rating": "4.5",
        "totalReviews": "2448",
        "subtitle": "Naturium",
        "isPrimeEligible": "1"
    },
    {
        "ASIN": "B0BTXZXZ3W",
        "title": "Silicone Body Scrubber Shower Bath Brush, More Hygienic Than Traditional Loofah, Lather Nicely, Long Lasting, Gentle Exfoliating for Women Men Baby Sensitive Skin, 1 Pack, Black",
        "price": "$7.99 ($7.99 / Count)",
        "listPrice": "",
        "imageUrl": "https://m.media-amazon.com/images/I/411+pYO1VpL._SL160_.jpg",
        "detailPageURL": "https://www.amazon.com/dp/B0BTXZXZ3W",
        "rating": "4.5",
        "totalReviews": "471",
        "subtitle": "BEAUTAIL",
        "isPrimeEligible": "1"
    },
    {
        "ASIN": "B0000632EN",
        "title": "Aveeno Positively Radiant Skin Brightening Exfoliating Daily Facial Scrub, Moisture-Rich Soy Extract, helps improve skin tone & texture, Oil-& Soap-Free, Hypoallergenic, 5 oz",
        "price": "$8.17 ($1.63 / Ounce)",
        "listPrice": "",
        "imageUrl": "https://m.media-amazon.com/images/I/31QLO0LeG9L._SL160_.jpg",
        "detailPageURL": "https://www.amazon.com/dp/B0000632EN",
        "rating": "4.6",
        "totalReviews": "35158",
        "subtitle": "Aveeno",
        "isPrimeEligible": "1"
    },
    {
        "ASIN": "B09T76MYPM",
        "title": "Wildpier Beauty Exfoliating Glove Mitt Body Scrub for Bath Shower Spa Hand Exfoliator Gloves, Dead Skin Cell Remover, Plant Based Deep Exfoliation Scrubber, White",
        "price": "$21.00 ($21.00 / Count)",
        "listPrice": "",
        "imageUrl": "https://m.media-amazon.com/images/I/41+IjIMV4NL._SL160_.jpg",
        "detailPageURL": "https://www.amazon.com/dp/B09T76MYPM",
        "rating": "4.2",
        "totalReviews": "1092",
        "subtitle": "Wildpier",
        "isPrimeEligible": "1"
    },
    {
        "ASIN": "B08TMDRF1L",
        "title": "Good Molecules Overnight Exfoliating Treatment 30ml/1oz - Facial Exfoliant With AHA to Resurface for Even Tone and Texture - Pore Minimizer, Anti-aging Skin Care for Face with Salicylic Acid",
        "price": "$6.00 ($6.00 / Fl Oz)",
        "listPrice": "",
        "imageUrl": "https://m.media-amazon.com/images/I/31V1xxCECJL._SL160_.jpg",
        "detailPageURL": "https://www.amazon.com/dp/B08TMDRF1L",
        "rating": "4.6",
        "totalReviews": "955",
        "subtitle": "Good Molecules",
        "isPrimeEligible": "1"
    },
    {
        "ASIN": "B07XV8D2K9",
        "title": "Lumin Mens Face Scrub, Charcoal Face Scrub Men, Face Cleanser for Men, Mens Exfoliating Face Scrub, Facial Scrub Men, Exfoliating Face Wash Men, Face Exfoliator Men, Pre Shave Scrub",
        "price": "$11.99 ($11.99 / Fl Oz)",
        "listPrice": "",
        "imageUrl": "https://m.media-amazon.com/images/I/31d+cP3bDiL._SL160_.jpg",
        "detailPageURL": "https://www.amazon.com/dp/B07XV8D2K9",
        "rating": "4.3",
        "totalReviews": "2071",
        "subtitle": "Lumin",
        "isPrimeEligible": "1"
    },
    {
        "ASIN": "B096MZBL8G",
        "title": "MANSCAPED\u00ae Crop Exfoliator\u2122 Gentle Groin Exfoliant Scrub to Soothe and Clear the Skin, Vegan, Cruelty-Free (3.5 oz)",
        "price": "$12.99 ($3.71 / Ounce)",
        "listPrice": "",
        "imageUrl": "https://m.media-amazon.com/images/I/31N9a4f2gAS._SL160_.jpg",
        "detailPageURL": "https://www.amazon.com/dp/B096MZBL8G",
        "rating": "4.6",
        "totalReviews": "511",
        "subtitle": "MANSCAPED",
        "isPrimeEligible": "1"
    },
    {
        "ASIN": "B0B357SM4N",
        "title": "Neutrogena Stubborn Body Acne Cleanser & Exfoliator with Salicylic Acid & PHA for Acne-Prone Skin, Acne Treatment Gently Exfoliates & Helps Prevent Breakouts, Fragrance-Free, 8.5 fl. oz",
        "price": "$9.97 ($1.17 / Fl Oz)",
        "listPrice": "",
        "imageUrl": "https://m.media-amazon.com/images/I/316FzJJalbL._SL160_.jpg",
        "detailPageURL": "https://www.amazon.com/dp/B0B357SM4N",
        "rating": "4.3",
        "totalReviews": "1031",
        "subtitle": "Neutrogena",
        "isPrimeEligible": "1"
    },
    {
        "ASIN": "B07ND5QZBN",
        "title": "Murad AHA/BHA Exfoliating Cleanser - Hydration Exfoliating & Moisturizing Salicylic, Lactic and Glycolic Acid Face Wash - Creamy Skin Smoothing Treatment Backed by Science, 6.75 Oz",
        "price": "$36.80 ($5.45 / Fl Oz)",
        "listPrice": "$44.00 ($6.52 / Fl Oz)",
        "imageUrl": "https://m.media-amazon.com/images/I/416-GOyG3ZL._SL160_.jpg",
        "detailPageURL": "https://www.amazon.com/dp/B07ND5QZBN",
        "rating": "4.8",
        "totalReviews": "2333",
        "subtitle": "",
        "isPrimeEligible": "1"
    },
    {
        "ASIN": "B08881VH6J",
        "title": "Naturium BHA Liquid Exfoliant 2%, Leave-on Face & Skin Care Exfoliating Pore Treatment, with Salicylic Acid & Bioactive Fruit Acids, 4 oz",
        "price": "$18.99 ($4.75 / Fl Oz)",
        "listPrice": "",
        "imageUrl": "https://m.media-amazon.com/images/I/31GUx2Hd9QL._SL160_.jpg",
        "detailPageURL": "https://www.amazon.com/dp/B08881VH6J",
        "rating": "4.5",
        "totalReviews": "2448",
        "subtitle": "Naturium",
        "isPrimeEligible": "1"
    },
    {
        "ASIN": "B0BTXZXZ3W",
        "title": "Silicone Body Scrubber Shower Bath Brush, More Hygienic Than Traditional Loofah, Lather Nicely, Long Lasting, Gentle Exfoliating for Women Men Baby Sensitive Skin, 1 Pack, Black",
        "price": "$7.99 ($7.99 / Count)",
        "listPrice": "",
        "imageUrl": "https://m.media-amazon.com/images/I/411+pYO1VpL._SL160_.jpg",
        "detailPageURL": "https://www.amazon.com/dp/B0BTXZXZ3W",
        "rating": "4.5",
        "totalReviews": "471",
        "subtitle": "BEAUTAIL",
        "isPrimeEligible": "1"
    },
    {
        "ASIN": "B0000632EN",
        "title": "Aveeno Positively Radiant Skin Brightening Exfoliating Daily Facial Scrub, Moisture-Rich Soy Extract, helps improve skin tone & texture, Oil-& Soap-Free, Hypoallergenic, 5 oz",
        "price": "$8.17 ($1.63 / Ounce)",
        "listPrice": "",
        "imageUrl": "https://m.media-amazon.com/images/I/31QLO0LeG9L._SL160_.jpg",
        "detailPageURL": "https://www.amazon.com/dp/B0000632EN",
        "rating": "4.6",
        "totalReviews": "35158",
        "subtitle": "Aveeno",
        "isPrimeEligible": "1"
    },
    {
        "ASIN": "B09T76MYPM",
        "title": "Wildpier Beauty Exfoliating Glove Mitt Body Scrub for Bath Shower Spa Hand Exfoliator Gloves, Dead Skin Cell Remover, Plant Based Deep Exfoliation Scrubber, White",
        "price": "$21.00 ($21.00 / Count)",
        "listPrice": "",
        "imageUrl": "https://m.media-amazon.com/images/I/41+IjIMV4NL._SL160_.jpg",
        "detailPageURL": "https://www.amazon.com/dp/B09T76MYPM",
        "rating": "4.2",
        "totalReviews": "1092",
        "subtitle": "Wildpier",
        "isPrimeEligible": "1"
    },
    {
        "ASIN": "B08TMDRF1L",
        "title": "Good Molecules Overnight Exfoliating Treatment 30ml/1oz - Facial Exfoliant With AHA to Resurface for Even Tone and Texture - Pore Minimizer, Anti-aging Skin Care for Face with Salicylic Acid",
        "price": "$6.00 ($6.00 / Fl Oz)",
        "listPrice": "",
        "imageUrl": "https://m.media-amazon.com/images/I/31V1xxCECJL._SL160_.jpg",
        "detailPageURL": "https://www.amazon.com/dp/B08TMDRF1L",
        "rating": "4.6",
        "totalReviews": "955",
        "subtitle": "Good Molecules",
        "isPrimeEligible": "1"
    },
    {
        "ASIN": "B07XV8D2K9",
        "title": "Lumin Mens Face Scrub, Charcoal Face Scrub Men, Face Cleanser for Men, Mens Exfoliating Face Scrub, Facial Scrub Men, Exfoliating Face Wash Men, Face Exfoliator Men, Pre Shave Scrub",
        "price": "$11.99 ($11.99 / Fl Oz)",
        "listPrice": "",
        "imageUrl": "https://m.media-amazon.com/images/I/31d+cP3bDiL._SL160_.jpg",
        "detailPageURL": "https://www.amazon.com/dp/B07XV8D2K9",
        "rating": "4.3",
        "totalReviews": "2071",
        "subtitle": "Lumin",
        "isPrimeEligible": "1"
    },
    {
        "ASIN": "B073P2F926",
        "title": "Dylonic Exfoliating Body Scrub Razor Bump Brush + Ingrown Hairs Treatment Pads - After Waxing Skin Care Exfoliator for Body Shaving Irritation, Strawberry Legs, Armpit, Bikini Body Exfoliator Scrubber",
        "price": "$8.99",
        "listPrice": "$18.99",
        "imageUrl": "https://m.media-amazon.com/images/I/510jT1NE13L._SL160_.jpg",
        "detailPageURL": "https://www.amazon.com/dp/B073P2F926",
        "rating": "4.3",
        "totalReviews": "13042",
        "subtitle": "Dylonic",
        "isPrimeEligible": "1"
    },
    {
        "ASIN": "B0B357SM4N",
        "title": "Neutrogena Stubborn Body Acne Cleanser & Exfoliator with Salicylic Acid & PHA for Acne-Prone Skin, Acne Treatment Gently Exfoliates & Helps Prevent Breakouts, Fragrance-Free, 8.5 fl. oz",
        "price": "$9.97 ($1.17 / Fl Oz)",
        "listPrice": "",
        "imageUrl": "https://m.media-amazon.com/images/I/316FzJJalbL._SL160_.jpg",
        "detailPageURL": "https://www.amazon.com/dp/B0B357SM4N",
        "rating": "4.3",
        "totalReviews": "1031",
        "subtitle": "Neutrogena",
        "isPrimeEligible": "1"
    },
    {
        "ASIN": "B07ND5QZBN",
        "title": "Murad AHA/BHA Exfoliating Cleanser - Hydration Exfoliating & Moisturizing Salicylic, Lactic and Glycolic Acid Face Wash - Creamy Skin Smoothing Treatment Backed by Science, 6.75 Oz",
        "price": "$36.80 ($5.45 / Fl Oz)",
        "listPrice": "$44.00 ($6.52 / Fl Oz)",
        "imageUrl": "https://m.media-amazon.com/images/I/416-GOyG3ZL._SL160_.jpg",
        "detailPageURL": "https://www.amazon.com/dp/B07ND5QZBN",
        "rating": "4.8",
        "totalReviews": "2333",
        "subtitle": "",
        "isPrimeEligible": "1"
    },
    {
        "ASIN": "B08881VH6J",
        "title": "Naturium BHA Liquid Exfoliant 2%, Leave-on Face & Skin Care Exfoliating Pore Treatment, with Salicylic Acid & Bioactive Fruit Acids, 4 oz",
        "price": "$18.99 ($4.75 / Fl Oz)",
        "listPrice": "",
        "imageUrl": "https://m.media-amazon.com/images/I/31GUx2Hd9QL._SL160_.jpg",
        "detailPageURL": "https://www.amazon.com/dp/B08881VH6J",
        "rating": "4.5",
        "totalReviews": "2448",
        "subtitle": "Naturium",
        "isPrimeEligible": "1"
    },
    {
        "ASIN": "B0BTXZXZ3W",
        "title": "Silicone Body Scrubber Shower Bath Brush, More Hygienic Than Traditional Loofah, Lather Nicely, Long Lasting, Gentle Exfoliating for Women Men Baby Sensitive Skin, 1 Pack, Black",
        "price": "$7.99 ($7.99 / Count)",
        "listPrice": "",
        "imageUrl": "https://m.media-amazon.com/images/I/411+pYO1VpL._SL160_.jpg",
        "detailPageURL": "https://www.amazon.com/dp/B0BTXZXZ3W",
        "rating": "4.5",
        "totalReviews": "471",
        "subtitle": "BEAUTAIL",
        "isPrimeEligible": "1"
    },
    {
        "ASIN": "B0000632EN",
        "title": "Aveeno Positively Radiant Skin Brightening Exfoliating Daily Facial Scrub, Moisture-Rich Soy Extract, helps improve skin tone & texture, Oil-& Soap-Free, Hypoallergenic, 5 oz",
        "price": "$8.17 ($1.63 / Ounce)",
        "listPrice": "",
        "imageUrl": "https://m.media-amazon.com/images/I/31QLO0LeG9L._SL160_.jpg",
        "detailPageURL": "https://www.amazon.com/dp/B0000632EN",
        "rating": "4.6",
        "totalReviews": "35158",
        "subtitle": "Aveeno",
        "isPrimeEligible": "1"
    },
    {
        "ASIN": "B09T76MYPM",
        "title": "Wildpier Beauty Exfoliating Glove Mitt Body Scrub for Bath Shower Spa Hand Exfoliator Gloves, Dead Skin Cell Remover, Plant Based Deep Exfoliation Scrubber, White",
        "price": "$21.00 ($21.00 / Count)",
        "listPrice": "",
        "imageUrl": "https://m.media-amazon.com/images/I/41+IjIMV4NL._SL160_.jpg",
        "detailPageURL": "https://www.amazon.com/dp/B09T76MYPM",
        "rating": "4.2",
        "totalReviews": "1092",
        "subtitle": "Wildpier",
        "isPrimeEligible": "1"
    },
    {
        "ASIN": "B08TMDRF1L",
        "title": "Good Molecules Overnight Exfoliating Treatment 30ml/1oz - Facial Exfoliant With AHA to Resurface for Even Tone and Texture - Pore Minimizer, Anti-aging Skin Care for Face with Salicylic Acid",
        "price": "$6.00 ($6.00 / Fl Oz)",
        "listPrice": "",
        "imageUrl": "https://m.media-amazon.com/images/I/31V1xxCECJL._SL160_.jpg",
        "detailPageURL": "https://www.amazon.com/dp/B08TMDRF1L",
        "rating": "4.6",
        "totalReviews": "955",
        "subtitle": "Good Molecules",
        "isPrimeEligible": "1"
    },
    {
        "ASIN": "B07XV8D2K9",
        "title": "Lumin Mens Face Scrub, Charcoal Face Scrub Men, Face Cleanser for Men, Mens Exfoliating Face Scrub, Facial Scrub Men, Exfoliating Face Wash Men, Face Exfoliator Men, Pre Shave Scrub",
        "price": "$11.99 ($11.99 / Fl Oz)",
        "listPrice": "",
        "imageUrl": "https://m.media-amazon.com/images/I/31d+cP3bDiL._SL160_.jpg",
        "detailPageURL": "https://www.amazon.com/dp/B07XV8D2K9",
        "rating": "4.3",
        "totalReviews": "2071",
        "subtitle": "Lumin",
        "isPrimeEligible": "1"
    },
    {
        "ASIN": "B073P2F926",
        "title": "Dylonic Exfoliating Body Scrub Razor Bump Brush + Ingrown Hairs Treatment Pads - After Waxing Skin Care Exfoliator for Body Shaving Irritation, Strawberry Legs, Armpit, Bikini Body Exfoliator Scrubber",
        "price": "$8.99",
        "listPrice": "$18.99",
        "imageUrl": "https://m.media-amazon.com/images/I/510jT1NE13L._SL160_.jpg",
        "detailPageURL": "https://www.amazon.com/dp/B073P2F926",
        "rating": "4.3",
        "totalReviews": "13042",
        "subtitle": "Dylonic",
        "isPrimeEligible": "1"
    },
    {
        "ASIN": "B09MVPF6KD",
        "title": "Exfoliating Gloves 2 Pcs, Exfoliating Body Scrubber for Bath Shower Exfoliation, Body Scrub Exfoliator Loofah Sponge For Dead Skin Remover, Deep Korean Exfoliating Mitt Leg Keratosis Pilaris Treatment",
        "price": "$7.99 ($4.00 / Count)",
        "listPrice": "$11.99 ($6.00 / Count)",
        "imageUrl": "https://m.media-amazon.com/images/I/51Xc0bU1hSL._SL160_.jpg",
        "detailPageURL": "https://www.amazon.com/dp/B09MVPF6KD",
        "rating": "4.2",
        "totalReviews": "2098",
        "subtitle": "Fundrem",
        "isPrimeEligible": "1"
    },
    {
        "ASIN": "B07ND5QZBN",
        "title": "Murad AHA/BHA Exfoliating Cleanser - Hydration Exfoliating & Moisturizing Salicylic, Lactic and Glycolic Acid Face Wash - Creamy Skin Smoothing Treatment Backed by Science, 6.75 Oz",
        "price": "$36.80 ($5.45 / Fl Oz)",
        "listPrice": "$44.00 ($6.52 / Fl Oz)",
        "imageUrl": "https://m.media-amazon.com/images/I/416-GOyG3ZL._SL160_.jpg",
        "detailPageURL": "https://www.amazon.com/dp/B07ND5QZBN",
        "rating": "4.8",
        "totalReviews": "2333",
        "subtitle": "",
        "isPrimeEligible": "1"
    },
    {
        "ASIN": "B08881VH6J",
        "title": "Naturium BHA Liquid Exfoliant 2%, Leave-on Face & Skin Care Exfoliating Pore Treatment, with Salicylic Acid & Bioactive Fruit Acids, 4 oz",
        "price": "$18.99 ($4.75 / Fl Oz)",
        "listPrice": "",
        "imageUrl": "https://m.media-amazon.com/images/I/31GUx2Hd9QL._SL160_.jpg",
        "detailPageURL": "https://www.amazon.com/dp/B08881VH6J",
        "rating": "4.5",
        "totalReviews": "2448",
        "subtitle": "Naturium",
        "isPrimeEligible": "1"
    },
    {
        "ASIN": "B0BTXZXZ3W",
        "title": "Silicone Body Scrubber Shower Bath Brush, More Hygienic Than Traditional Loofah, Lather Nicely, Long Lasting, Gentle Exfoliating for Women Men Baby Sensitive Skin, 1 Pack, Black",
        "price": "$7.99 ($7.99 / Count)",
        "listPrice": "",
        "imageUrl": "https://m.media-amazon.com/images/I/411+pYO1VpL._SL160_.jpg",
        "detailPageURL": "https://www.amazon.com/dp/B0BTXZXZ3W",
        "rating": "4.5",
        "totalReviews": "471",
        "subtitle": "BEAUTAIL",
        "isPrimeEligible": "1"
    },
    {
        "ASIN": "B0000632EN",
        "title": "Aveeno Positively Radiant Skin Brightening Exfoliating Daily Facial Scrub, Moisture-Rich Soy Extract, helps improve skin tone & texture, Oil-& Soap-Free, Hypoallergenic, 5 oz",
        "price": "$8.17 ($1.63 / Ounce)",
        "listPrice": "",
        "imageUrl": "https://m.media-amazon.com/images/I/31QLO0LeG9L._SL160_.jpg",
        "detailPageURL": "https://www.amazon.com/dp/B0000632EN",
        "rating": "4.6",
        "totalReviews": "35158",
        "subtitle": "Aveeno",
        "isPrimeEligible": "1"
    },
    {
        "ASIN": "B09T76MYPM",
        "title": "Wildpier Beauty Exfoliating Glove Mitt Body Scrub for Bath Shower Spa Hand Exfoliator Gloves, Dead Skin Cell Remover, Plant Based Deep Exfoliation Scrubber, White",
        "price": "$21.00 ($21.00 / Count)",
        "listPrice": "",
        "imageUrl": "https://m.media-amazon.com/images/I/41+IjIMV4NL._SL160_.jpg",
        "detailPageURL": "https://www.amazon.com/dp/B09T76MYPM",
        "rating": "4.2",
        "totalReviews": "1092",
        "subtitle": "Wildpier",
        "isPrimeEligible": "1"
    },
    {
        "ASIN": "B08TMDRF1L",
        "title": "Good Molecules Overnight Exfoliating Treatment 30ml/1oz - Facial Exfoliant With AHA to Resurface for Even Tone and Texture - Pore Minimizer, Anti-aging Skin Care for Face with Salicylic Acid",
        "price": "$6.00 ($6.00 / Fl Oz)",
        "listPrice": "",
        "imageUrl": "https://m.media-amazon.com/images/I/31V1xxCECJL._SL160_.jpg",
        "detailPageURL": "https://www.amazon.com/dp/B08TMDRF1L",
        "rating": "4.6",
        "totalReviews": "955",
        "subtitle": "Good Molecules",
        "isPrimeEligible": "1"
    },
    {
        "ASIN": "B07XV8D2K9",
        "title": "Lumin Mens Face Scrub, Charcoal Face Scrub Men, Face Cleanser for Men, Mens Exfoliating Face Scrub, Facial Scrub Men, Exfoliating Face Wash Men, Face Exfoliator Men, Pre Shave Scrub",
        "price": "$11.99 ($11.99 / Fl Oz)",
        "listPrice": "",
        "imageUrl": "https://m.media-amazon.com/images/I/31d+cP3bDiL._SL160_.jpg",
        "detailPageURL": "https://www.amazon.com/dp/B07XV8D2K9",
        "rating": "4.3",
        "totalReviews": "2071",
        "subtitle": "Lumin",
        "isPrimeEligible": "1"
    },
    {
        "ASIN": "B073P2F926",
        "title": "Dylonic Exfoliating Body Scrub Razor Bump Brush + Ingrown Hairs Treatment Pads - After Waxing Skin Care Exfoliator for Body Shaving Irritation, Strawberry Legs, Armpit, Bikini Body Exfoliator Scrubber",
        "price": "$8.99",
        "listPrice": "$18.99",
        "imageUrl": "https://m.media-amazon.com/images/I/510jT1NE13L._SL160_.jpg",
        "detailPageURL": "https://www.amazon.com/dp/B073P2F926",
        "rating": "4.3",
        "totalReviews": "13042",
        "subtitle": "Dylonic",
        "isPrimeEligible": "1"
    },
    {
        "ASIN": "B09MVPF6KD",
        "title": "Exfoliating Gloves 2 Pcs, Exfoliating Body Scrubber for Bath Shower Exfoliation, Body Scrub Exfoliator Loofah Sponge For Dead Skin Remover, Deep Korean Exfoliating Mitt Leg Keratosis Pilaris Treatment",
        "price": "$7.99 ($4.00 / Count)",
        "listPrice": "$11.99 ($6.00 / Count)",
        "imageUrl": "https://m.media-amazon.com/images/I/51Xc0bU1hSL._SL160_.jpg",
        "detailPageURL": "https://www.amazon.com/dp/B09MVPF6KD",
        "rating": "4.2",
        "totalReviews": "2098",
        "subtitle": "Fundrem",
        "isPrimeEligible": "1"
    },
    {
        "ASIN": "B0C4TW5JNM",
        "title": "Metene 2 Pack Silicone Body Scrubber, Exfoliating Body Scrubber for Use in Shower,Lathers Well, Long Lasting, Soft Body Scrubber for Shower and Bath Skincare Routine(Black).",
        "price": "$12.99 ($6.50 / Count)",
        "listPrice": "",
        "imageUrl": "https://m.media-amazon.com/images/I/51zOIBUSJ4L._SL160_.jpg",
        "detailPageURL": "https://www.amazon.com/dp/B0C4TW5JNM",
        "rating": "4.5",
        "totalReviews": "24",
        "subtitle": "Metene",
        "isPrimeEligible": "1"
    },
    {
        "ASIN": "B08881VH6J",
        "title": "Naturium BHA Liquid Exfoliant 2%, Leave-on Face & Skin Care Exfoliating Pore Treatment, with Salicylic Acid & Bioactive Fruit Acids, 4 oz",
        "price": "$18.99 ($4.75 / Fl Oz)",
        "listPrice": "",
        "imageUrl": "https://m.media-amazon.com/images/I/31GUx2Hd9QL._SL160_.jpg",
        "detailPageURL": "https://www.amazon.com/dp/B08881VH6J",
        "rating": "4.5",
        "totalReviews": "2448",
        "subtitle": "Naturium",
        "isPrimeEligible": "1"
    },
    {
        "ASIN": "B0BTXZXZ3W",
        "title": "Silicone Body Scrubber Shower Bath Brush, More Hygienic Than Traditional Loofah, Lather Nicely, Long Lasting, Gentle Exfoliating for Women Men Baby Sensitive Skin, 1 Pack, Black",
        "price": "$7.99 ($7.99 / Count)",
        "listPrice": "",
        "imageUrl": "https://m.media-amazon.com/images/I/411+pYO1VpL._SL160_.jpg",
        "detailPageURL": "https://www.amazon.com/dp/B0BTXZXZ3W",
        "rating": "4.5",
        "totalReviews": "471",
        "subtitle": "BEAUTAIL",
        "isPrimeEligible": "1"
    },
    {
        "ASIN": "B0000632EN",
        "title": "Aveeno Positively Radiant Skin Brightening Exfoliating Daily Facial Scrub, Moisture-Rich Soy Extract, helps improve skin tone & texture, Oil-& Soap-Free, Hypoallergenic, 5 oz",
        "price": "$8.17 ($1.63 / Ounce)",
        "listPrice": "",
        "imageUrl": "https://m.media-amazon.com/images/I/31QLO0LeG9L._SL160_.jpg",
        "detailPageURL": "https://www.amazon.com/dp/B0000632EN",
        "rating": "4.6",
        "totalReviews": "35158",
        "subtitle": "Aveeno",
        "isPrimeEligible": "1"
    },
    {
        "ASIN": "B09T76MYPM",
        "title": "Wildpier Beauty Exfoliating Glove Mitt Body Scrub for Bath Shower Spa Hand Exfoliator Gloves, Dead Skin Cell Remover, Plant Based Deep Exfoliation Scrubber, White",
        "price": "$21.00 ($21.00 / Count)",
        "listPrice": "",
        "imageUrl": "https://m.media-amazon.com/images/I/41+IjIMV4NL._SL160_.jpg",
        "detailPageURL": "https://www.amazon.com/dp/B09T76MYPM",
        "rating": "4.2",
        "totalReviews": "1092",
        "subtitle": "Wildpier",
        "isPrimeEligible": "1"
    },
    {
        "ASIN": "B08TMDRF1L",
        "title": "Good Molecules Overnight Exfoliating Treatment 30ml/1oz - Facial Exfoliant With AHA to Resurface for Even Tone and Texture - Pore Minimizer, Anti-aging Skin Care for Face with Salicylic Acid",
        "price": "$6.00 ($6.00 / Fl Oz)",
        "listPrice": "",
        "imageUrl": "https://m.media-amazon.com/images/I/31V1xxCECJL._SL160_.jpg",
        "detailPageURL": "https://www.amazon.com/dp/B08TMDRF1L",
        "rating": "4.6",
        "totalReviews": "955",
        "subtitle": "Good Molecules",
        "isPrimeEligible": "1"
    },
    {
        "ASIN": "B07XV8D2K9",
        "title": "Lumin Mens Face Scrub, Charcoal Face Scrub Men, Face Cleanser for Men, Mens Exfoliating Face Scrub, Facial Scrub Men, Exfoliating Face Wash Men, Face Exfoliator Men, Pre Shave Scrub",
        "price": "$11.99 ($11.99 / Fl Oz)",
        "listPrice": "",
        "imageUrl": "https://m.media-amazon.com/images/I/31d+cP3bDiL._SL160_.jpg",
        "detailPageURL": "https://www.amazon.com/dp/B07XV8D2K9",
        "rating": "4.3",
        "totalReviews": "2071",
        "subtitle": "Lumin",
        "isPrimeEligible": "1"
    },
    {
        "ASIN": "B073P2F926",
        "title": "Dylonic Exfoliating Body Scrub Razor Bump Brush + Ingrown Hairs Treatment Pads - After Waxing Skin Care Exfoliator for Body Shaving Irritation, Strawberry Legs, Armpit, Bikini Body Exfoliator Scrubber",
        "price": "$8.99",
        "listPrice": "$18.99",
        "imageUrl": "https://m.media-amazon.com/images/I/510jT1NE13L._SL160_.jpg",
        "detailPageURL": "https://www.amazon.com/dp/B073P2F926",
        "rating": "4.3",
        "totalReviews": "13042",
        "subtitle": "Dylonic",
        "isPrimeEligible": "1"
    },
    {
        "ASIN": "B09MVPF6KD",
        "title": "Exfoliating Gloves 2 Pcs, Exfoliating Body Scrubber for Bath Shower Exfoliation, Body Scrub Exfoliator Loofah Sponge For Dead Skin Remover, Deep Korean Exfoliating Mitt Leg Keratosis Pilaris Treatment",
        "price": "$7.99 ($4.00 / Count)",
        "listPrice": "$11.99 ($6.00 / Count)",
        "imageUrl": "https://m.media-amazon.com/images/I/51Xc0bU1hSL._SL160_.jpg",
        "detailPageURL": "https://www.amazon.com/dp/B09MVPF6KD",
        "rating": "4.2",
        "totalReviews": "2098",
        "subtitle": "Fundrem",
        "isPrimeEligible": "1"
    },
    {
        "ASIN": "B0C4TW5JNM",
        "title": "Metene 2 Pack Silicone Body Scrubber, Exfoliating Body Scrubber for Use in Shower,Lathers Well, Long Lasting, Soft Body Scrubber for Shower and Bath Skincare Routine(Black).",
        "price": "$12.99 ($6.50 / Count)",
        "listPrice": "",
        "imageUrl": "https://m.media-amazon.com/images/I/51zOIBUSJ4L._SL160_.jpg",
        "detailPageURL": "https://www.amazon.com/dp/B0C4TW5JNM",
        "rating": "4.5",
        "totalReviews": "24",
        "subtitle": "Metene",
        "isPrimeEligible": "1"
    },
    {
        "ASIN": "B07Z1M1B7S",
        "title": "BAIMEI Bath Sponge, Body Loofah Scrubber, Exfoliating Bath Sponge, Shower Use Sponge for Men, Women (Pink Grey)",
        "price": "$8.99 ($4.50 / Count)",
        "listPrice": "$11.99 ($6.00 / Count)",
        "imageUrl": "https://m.media-amazon.com/images/I/51vDXZIW85L._SL160_.jpg",
        "detailPageURL": "https://www.amazon.com/dp/B07Z1M1B7S",
        "rating": "4.2",
        "totalReviews": "13286",
        "subtitle": "BAIMEI",
        "isPrimeEligible": "1"
    },
    {
        "ASIN": "B0BTXZXZ3W",
        "title": "Silicone Body Scrubber Shower Bath Brush, More Hygienic Than Traditional Loofah, Lather Nicely, Long Lasting, Gentle Exfoliating for Women Men Baby Sensitive Skin, 1 Pack, Black",
        "price": "$7.99 ($7.99 / Count)",
        "listPrice": "",
        "imageUrl": "https://m.media-amazon.com/images/I/411+pYO1VpL._SL160_.jpg",
        "detailPageURL": "https://www.amazon.com/dp/B0BTXZXZ3W",
        "rating": "4.5",
        "totalReviews": "471",
        "subtitle": "BEAUTAIL",
        "isPrimeEligible": "1"
    },
    {
        "ASIN": "B0000632EN",
        "title": "Aveeno Positively Radiant Skin Brightening Exfoliating Daily Facial Scrub, Moisture-Rich Soy Extract, helps improve skin tone & texture, Oil-& Soap-Free, Hypoallergenic, 5 oz",
        "price": "$8.17 ($1.63 / Ounce)",
        "listPrice": "",
        "imageUrl": "https://m.media-amazon.com/images/I/31QLO0LeG9L._SL160_.jpg",
        "detailPageURL": "https://www.amazon.com/dp/B0000632EN",
        "rating": "4.6",
        "totalReviews": "35158",
        "subtitle": "Aveeno",
        "isPrimeEligible": "1"
    },
    {
        "ASIN": "B09T76MYPM",
        "title": "Wildpier Beauty Exfoliating Glove Mitt Body Scrub for Bath Shower Spa Hand Exfoliator Gloves, Dead Skin Cell Remover, Plant Based Deep Exfoliation Scrubber, White",
        "price": "$21.00 ($21.00 / Count)",
        "listPrice": "",
        "imageUrl": "https://m.media-amazon.com/images/I/41+IjIMV4NL._SL160_.jpg",
        "detailPageURL": "https://www.amazon.com/dp/B09T76MYPM",
        "rating": "4.2",
        "totalReviews": "1092",
        "subtitle": "Wildpier",
        "isPrimeEligible": "1"
    },
    {
        "ASIN": "B08TMDRF1L",
        "title": "Good Molecules Overnight Exfoliating Treatment 30ml/1oz - Facial Exfoliant With AHA to Resurface for Even Tone and Texture - Pore Minimizer, Anti-aging Skin Care for Face with Salicylic Acid",
        "price": "$6.00 ($6.00 / Fl Oz)",
        "listPrice": "",
        "imageUrl": "https://m.media-amazon.com/images/I/31V1xxCECJL._SL160_.jpg",
        "detailPageURL": "https://www.amazon.com/dp/B08TMDRF1L",
        "rating": "4.6",
        "totalReviews": "955",
        "subtitle": "Good Molecules",
        "isPrimeEligible": "1"
    },
    {
        "ASIN": "B07XV8D2K9",
        "title": "Lumin Mens Face Scrub, Charcoal Face Scrub Men, Face Cleanser for Men, Mens Exfoliating Face Scrub, Facial Scrub Men, Exfoliating Face Wash Men, Face Exfoliator Men, Pre Shave Scrub",
        "price": "$11.99 ($11.99 / Fl Oz)",
        "listPrice": "",
        "imageUrl": "https://m.media-amazon.com/images/I/31d+cP3bDiL._SL160_.jpg",
        "detailPageURL": "https://www.amazon.com/dp/B07XV8D2K9",
        "rating": "4.3",
        "totalReviews": "2071",
        "subtitle": "Lumin",
        "isPrimeEligible": "1"
    },
    {
        "ASIN": "B073P2F926",
        "title": "Dylonic Exfoliating Body Scrub Razor Bump Brush + Ingrown Hairs Treatment Pads - After Waxing Skin Care Exfoliator for Body Shaving Irritation, Strawberry Legs, Armpit, Bikini Body Exfoliator Scrubber",
        "price": "$8.99",
        "listPrice": "$18.99",
        "imageUrl": "https://m.media-amazon.com/images/I/510jT1NE13L._SL160_.jpg",
        "detailPageURL": "https://www.amazon.com/dp/B073P2F926",
        "rating": "4.3",
        "totalReviews": "13042",
        "subtitle": "Dylonic",
        "isPrimeEligible": "1"
    },
    {
        "ASIN": "B09MVPF6KD",
        "title": "Exfoliating Gloves 2 Pcs, Exfoliating Body Scrubber for Bath Shower Exfoliation, Body Scrub Exfoliator Loofah Sponge For Dead Skin Remover, Deep Korean Exfoliating Mitt Leg Keratosis Pilaris Treatment",
        "price": "$7.99 ($4.00 / Count)",
        "listPrice": "$11.99 ($6.00 / Count)",
        "imageUrl": "https://m.media-amazon.com/images/I/51Xc0bU1hSL._SL160_.jpg",
        "detailPageURL": "https://www.amazon.com/dp/B09MVPF6KD",
        "rating": "4.2",
        "totalReviews": "2098",
        "subtitle": "Fundrem",
        "isPrimeEligible": "1"
    },
    {
        "ASIN": "B0C4TW5JNM",
        "title": "Metene 2 Pack Silicone Body Scrubber, Exfoliating Body Scrubber for Use in Shower,Lathers Well, Long Lasting, Soft Body Scrubber for Shower and Bath Skincare Routine(Black).",
        "price": "$12.99 ($6.50 / Count)",
        "listPrice": "",
        "imageUrl": "https://m.media-amazon.com/images/I/51zOIBUSJ4L._SL160_.jpg",
        "detailPageURL": "https://www.amazon.com/dp/B0C4TW5JNM",
        "rating": "4.5",
        "totalReviews": "24",
        "subtitle": "Metene",
        "isPrimeEligible": "1"
    },
    {
        "ASIN": "B07Z1M1B7S",
        "title": "BAIMEI Bath Sponge, Body Loofah Scrubber, Exfoliating Bath Sponge, Shower Use Sponge for Men, Women (Pink Grey)",
        "price": "$8.99 ($4.50 / Count)",
        "listPrice": "$11.99 ($6.00 / Count)",
        "imageUrl": "https://m.media-amazon.com/images/I/51vDXZIW85L._SL160_.jpg",
        "detailPageURL": "https://www.amazon.com/dp/B07Z1M1B7S",
        "rating": "4.2",
        "totalReviews": "13286",
        "subtitle": "BAIMEI",
        "isPrimeEligible": "1"
    },
    {
        "ASIN": "B08QR3G25D",
        "title": "GOLDSANGSA-Korean Exfoliating Towel Washcloth Mitts 8pcs(Green4,Yellow4)/Korean Italy Towel Skincare Exfoliating Scrub Bath Cloth Remove Dead Skin",
        "price": "$7.40 ($0.92 / Count)",
        "listPrice": "",
        "imageUrl": "https://m.media-amazon.com/images/I/51dCnL0fdAL._SL160_.jpg",
        "detailPageURL": "https://www.amazon.com/dp/B08QR3G25D",
        "rating": "4.2",
        "totalReviews": "44175",
        "subtitle": "",
        "isPrimeEligible": "1"
    },
    {
        "ASIN": "B0000632EN",
        "title": "Aveeno Positively Radiant Skin Brightening Exfoliating Daily Facial Scrub, Moisture-Rich Soy Extract, helps improve skin tone & texture, Oil-& Soap-Free, Hypoallergenic, 5 oz",
        "price": "$8.17 ($1.63 / Ounce)",
        "listPrice": "",
        "imageUrl": "https://m.media-amazon.com/images/I/31QLO0LeG9L._SL160_.jpg",
        "detailPageURL": "https://www.amazon.com/dp/B0000632EN",
        "rating": "4.6",
        "totalReviews": "35158",
        "subtitle": "Aveeno",
        "isPrimeEligible": "1"
    },
    {
        "ASIN": "B09T76MYPM",
        "title": "Wildpier Beauty Exfoliating Glove Mitt Body Scrub for Bath Shower Spa Hand Exfoliator Gloves, Dead Skin Cell Remover, Plant Based Deep Exfoliation Scrubber, White",
        "price": "$21.00 ($21.00 / Count)",
        "listPrice": "",
        "imageUrl": "https://m.media-amazon.com/images/I/41+IjIMV4NL._SL160_.jpg",
        "detailPageURL": "https://www.amazon.com/dp/B09T76MYPM",
        "rating": "4.2",
        "totalReviews": "1092",
        "subtitle": "Wildpier",
        "isPrimeEligible": "1"
    },
    {
        "ASIN": "B08TMDRF1L",
        "title": "Good Molecules Overnight Exfoliating Treatment 30ml/1oz - Facial Exfoliant With AHA to Resurface for Even Tone and Texture - Pore Minimizer, Anti-aging Skin Care for Face with Salicylic Acid",
        "price": "$6.00 ($6.00 / Fl Oz)",
        "listPrice": "",
        "imageUrl": "https://m.media-amazon.com/images/I/31V1xxCECJL._SL160_.jpg",
        "detailPageURL": "https://www.amazon.com/dp/B08TMDRF1L",
        "rating": "4.6",
        "totalReviews": "955",
        "subtitle": "Good Molecules",
        "isPrimeEligible": "1"
    },
    {
        "ASIN": "B07XV8D2K9",
        "title": "Lumin Mens Face Scrub, Charcoal Face Scrub Men, Face Cleanser for Men, Mens Exfoliating Face Scrub, Facial Scrub Men, Exfoliating Face Wash Men, Face Exfoliator Men, Pre Shave Scrub",
        "price": "$11.99 ($11.99 / Fl Oz)",
        "listPrice": "",
        "imageUrl": "https://m.media-amazon.com/images/I/31d+cP3bDiL._SL160_.jpg",
        "detailPageURL": "https://www.amazon.com/dp/B07XV8D2K9",
        "rating": "4.3",
        "totalReviews": "2071",
        "subtitle": "Lumin",
        "isPrimeEligible": "1"
    },
    {
        "ASIN": "B073P2F926",
        "title": "Dylonic Exfoliating Body Scrub Razor Bump Brush + Ingrown Hairs Treatment Pads - After Waxing Skin Care Exfoliator for Body Shaving Irritation, Strawberry Legs, Armpit, Bikini Body Exfoliator Scrubber",
        "price": "$8.99",
        "listPrice": "$18.99",
        "imageUrl": "https://m.media-amazon.com/images/I/510jT1NE13L._SL160_.jpg",
        "detailPageURL": "https://www.amazon.com/dp/B073P2F926",
        "rating": "4.3",
        "totalReviews": "13042",
        "subtitle": "Dylonic",
        "isPrimeEligible": "1"
    },
    {
        "ASIN": "B09MVPF6KD",
        "title": "Exfoliating Gloves 2 Pcs, Exfoliating Body Scrubber for Bath Shower Exfoliation, Body Scrub Exfoliator Loofah Sponge For Dead Skin Remover, Deep Korean Exfoliating Mitt Leg Keratosis Pilaris Treatment",
        "price": "$7.99 ($4.00 / Count)",
        "listPrice": "$11.99 ($6.00 / Count)",
        "imageUrl": "https://m.media-amazon.com/images/I/51Xc0bU1hSL._SL160_.jpg",
        "detailPageURL": "https://www.amazon.com/dp/B09MVPF6KD",
        "rating": "4.2",
        "totalReviews": "2098",
        "subtitle": "Fundrem",
        "isPrimeEligible": "1"
    },
    {
        "ASIN": "B0C4TW5JNM",
        "title": "Metene 2 Pack Silicone Body Scrubber, Exfoliating Body Scrubber for Use in Shower,Lathers Well, Long Lasting, Soft Body Scrubber for Shower and Bath Skincare Routine(Black).",
        "price": "$12.99 ($6.50 / Count)",
        "listPrice": "",
        "imageUrl": "https://m.media-amazon.com/images/I/51zOIBUSJ4L._SL160_.jpg",
        "detailPageURL": "https://www.amazon.com/dp/B0C4TW5JNM",
        "rating": "4.5",
        "totalReviews": "24",
        "subtitle": "Metene",
        "isPrimeEligible": "1"
    },
    {
        "ASIN": "B07Z1M1B7S",
        "title": "BAIMEI Bath Sponge, Body Loofah Scrubber, Exfoliating Bath Sponge, Shower Use Sponge for Men, Women (Pink Grey)",
        "price": "$8.99 ($4.50 / Count)",
        "listPrice": "$11.99 ($6.00 / Count)",
        "imageUrl": "https://m.media-amazon.com/images/I/51vDXZIW85L._SL160_.jpg",
        "detailPageURL": "https://www.amazon.com/dp/B07Z1M1B7S",
        "rating": "4.2",
        "totalReviews": "13286",
        "subtitle": "BAIMEI",
        "isPrimeEligible": "1"
    },
    {
        "ASIN": "B08QR3G25D",
        "title": "GOLDSANGSA-Korean Exfoliating Towel Washcloth Mitts 8pcs(Green4,Yellow4)/Korean Italy Towel Skincare Exfoliating Scrub Bath Cloth Remove Dead Skin",
        "price": "$7.40 ($0.92 / Count)",
        "listPrice": "",
        "imageUrl": "https://m.media-amazon.com/images/I/51dCnL0fdAL._SL160_.jpg",
        "detailPageURL": "https://www.amazon.com/dp/B08QR3G25D",
        "rating": "4.2",
        "totalReviews": "44175",
        "subtitle": "",
        "isPrimeEligible": "1"
    },
    {
        "ASIN": "B076ZXLDRX",
        "title": "Evridwear Exfoliating Glove for Shower Man and Women, Dual Texture Bath Body Scrub Gloves Dead Skin Cell Remover forHome Spa, Massage,with Hanging Loop (1 Pair Heavy)",
        "price": "$6.40",
        "listPrice": "$10.99",
        "imageUrl": "https://m.media-amazon.com/images/I/41HmGkgTDtL._SL160_.jpg",
        "detailPageURL": "https://www.amazon.com/dp/B076ZXLDRX",
        "rating": "4.5",
        "totalReviews": "22941",
        "subtitle": "Evridwear",
        "isPrimeEligible": "1"
    },
    {
        "ASIN": "B09T76MYPM",
        "title": "Wildpier Beauty Exfoliating Glove Mitt Body Scrub for Bath Shower Spa Hand Exfoliator Gloves, Dead Skin Cell Remover, Plant Based Deep Exfoliation Scrubber, White",
        "price": "$21.00 ($21.00 / Count)",
        "listPrice": "",
        "imageUrl": "https://m.media-amazon.com/images/I/41+IjIMV4NL._SL160_.jpg",
        "detailPageURL": "https://www.amazon.com/dp/B09T76MYPM",
        "rating": "4.2",
        "totalReviews": "1092",
        "subtitle": "Wildpier",
        "isPrimeEligible": "1"
    },
    {
        "ASIN": "B08TMDRF1L",
        "title": "Good Molecules Overnight Exfoliating Treatment 30ml/1oz - Facial Exfoliant With AHA to Resurface for Even Tone and Texture - Pore Minimizer, Anti-aging Skin Care for Face with Salicylic Acid",
        "price": "$6.00 ($6.00 / Fl Oz)",
        "listPrice": "",
        "imageUrl": "https://m.media-amazon.com/images/I/31V1xxCECJL._SL160_.jpg",
        "detailPageURL": "https://www.amazon.com/dp/B08TMDRF1L",
        "rating": "4.6",
        "totalReviews": "955",
        "subtitle": "Good Molecules",
        "isPrimeEligible": "1"
    },
    {
        "ASIN": "B07XV8D2K9",
        "title": "Lumin Mens Face Scrub, Charcoal Face Scrub Men, Face Cleanser for Men, Mens Exfoliating Face Scrub, Facial Scrub Men, Exfoliating Face Wash Men, Face Exfoliator Men, Pre Shave Scrub",
        "price": "$11.99 ($11.99 / Fl Oz)",
        "listPrice": "",
        "imageUrl": "https://m.media-amazon.com/images/I/31d+cP3bDiL._SL160_.jpg",
        "detailPageURL": "https://www.amazon.com/dp/B07XV8D2K9",
        "rating": "4.3",
        "totalReviews": "2071",
        "subtitle": "Lumin",
        "isPrimeEligible": "1"
    },
    {
        "ASIN": "B073P2F926",
        "title": "Dylonic Exfoliating Body Scrub Razor Bump Brush + Ingrown Hairs Treatment Pads - After Waxing Skin Care Exfoliator for Body Shaving Irritation, Strawberry Legs, Armpit, Bikini Body Exfoliator Scrubber",
        "price": "$8.99",
        "listPrice": "$18.99",
        "imageUrl": "https://m.media-amazon.com/images/I/510jT1NE13L._SL160_.jpg",
        "detailPageURL": "https://www.amazon.com/dp/B073P2F926",
        "rating": "4.3",
        "totalReviews": "13042",
        "subtitle": "Dylonic",
        "isPrimeEligible": "1"
    },
    {
        "ASIN": "B09MVPF6KD",
        "title": "Exfoliating Gloves 2 Pcs, Exfoliating Body Scrubber for Bath Shower Exfoliation, Body Scrub Exfoliator Loofah Sponge For Dead Skin Remover, Deep Korean Exfoliating Mitt Leg Keratosis Pilaris Treatment",
        "price": "$7.99 ($4.00 / Count)",
        "listPrice": "$11.99 ($6.00 / Count)",
        "imageUrl": "https://m.media-amazon.com/images/I/51Xc0bU1hSL._SL160_.jpg",
        "detailPageURL": "https://www.amazon.com/dp/B09MVPF6KD",
        "rating": "4.2",
        "totalReviews": "2098",
        "subtitle": "Fundrem",
        "isPrimeEligible": "1"
    },
    {
        "ASIN": "B0C4TW5JNM",
        "title": "Metene 2 Pack Silicone Body Scrubber, Exfoliating Body Scrubber for Use in Shower,Lathers Well, Long Lasting, Soft Body Scrubber for Shower and Bath Skincare Routine(Black).",
        "price": "$12.99 ($6.50 / Count)",
        "listPrice": "",
        "imageUrl": "https://m.media-amazon.com/images/I/51zOIBUSJ4L._SL160_.jpg",
        "detailPageURL": "https://www.amazon.com/dp/B0C4TW5JNM",
        "rating": "4.5",
        "totalReviews": "24",
        "subtitle": "Metene",
        "isPrimeEligible": "1"
    },
    {
        "ASIN": "B07Z1M1B7S",
        "title": "BAIMEI Bath Sponge, Body Loofah Scrubber, Exfoliating Bath Sponge, Shower Use Sponge for Men, Women (Pink Grey)",
        "price": "$8.99 ($4.50 / Count)",
        "listPrice": "$11.99 ($6.00 / Count)",
        "imageUrl": "https://m.media-amazon.com/images/I/51vDXZIW85L._SL160_.jpg",
        "detailPageURL": "https://www.amazon.com/dp/B07Z1M1B7S",
        "rating": "4.2",
        "totalReviews": "13286",
        "subtitle": "BAIMEI",
        "isPrimeEligible": "1"
    },
    {
        "ASIN": "B08QR3G25D",
        "title": "GOLDSANGSA-Korean Exfoliating Towel Washcloth Mitts 8pcs(Green4,Yellow4)/Korean Italy Towel Skincare Exfoliating Scrub Bath Cloth Remove Dead Skin",
        "price": "$7.40 ($0.92 / Count)",
        "listPrice": "",
        "imageUrl": "https://m.media-amazon.com/images/I/51dCnL0fdAL._SL160_.jpg",
        "detailPageURL": "https://www.amazon.com/dp/B08QR3G25D",
        "rating": "4.2",
        "totalReviews": "44175",
        "subtitle": "",
        "isPrimeEligible": "1"
    },
    {
        "ASIN": "B076ZXLDRX",
        "title": "Evridwear Exfoliating Glove for Shower Man and Women, Dual Texture Bath Body Scrub Gloves Dead Skin Cell Remover forHome Spa, Massage,with Hanging Loop (1 Pair Heavy)",
        "price": "$6.40",
        "listPrice": "$10.99",
        "imageUrl": "https://m.media-amazon.com/images/I/41HmGkgTDtL._SL160_.jpg",
        "detailPageURL": "https://www.amazon.com/dp/B076ZXLDRX",
        "rating": "4.5",
        "totalReviews": "22941",
        "subtitle": "Evridwear",
        "isPrimeEligible": "1"
    },
    {
        "ASIN": "B0B8666NWQ",
        "title": "Aveeno Calm + Restore Nourishing PHA Facial Exfoliator Daily for Sensitive Skin, Fragrance-Free & Non-Abrasive Oat Formula to Gently Exfoliate & Cleanse Skin, Hypoallergenic, 4 fl. Oz",
        "price": "$10.67 ($2.67 / Ounce)",
        "listPrice": "$14.29 ($3.57 / Ounce)",
        "imageUrl": "https://m.media-amazon.com/images/I/41zXfAIWFuL._SL160_.jpg",
        "detailPageURL": "https://www.amazon.com/dp/B0B8666NWQ",
        "rating": "4.5",
        "totalReviews": "10666",
        "subtitle": "Aveeno",
        "isPrimeEligible": "1"
    },
    {
        "ASIN": "B08TMDRF1L",
        "title": "Good Molecules Overnight Exfoliating Treatment 30ml/1oz - Facial Exfoliant With AHA to Resurface for Even Tone and Texture - Pore Minimizer, Anti-aging Skin Care for Face with Salicylic Acid",
        "price": "$6.00 ($6.00 / Fl Oz)",
        "listPrice": "",
        "imageUrl": "https://m.media-amazon.com/images/I/31V1xxCECJL._SL160_.jpg",
        "detailPageURL": "https://www.amazon.com/dp/B08TMDRF1L",
        "rating": "4.6",
        "totalReviews": "955",
        "subtitle": "Good Molecules",
        "isPrimeEligible": "1"
    },
    {
        "ASIN": "B07XV8D2K9",
        "title": "Lumin Mens Face Scrub, Charcoal Face Scrub Men, Face Cleanser for Men, Mens Exfoliating Face Scrub, Facial Scrub Men, Exfoliating Face Wash Men, Face Exfoliator Men, Pre Shave Scrub",
        "price": "$11.99 ($11.99 / Fl Oz)",
        "listPrice": "",
        "imageUrl": "https://m.media-amazon.com/images/I/31d+cP3bDiL._SL160_.jpg",
        "detailPageURL": "https://www.amazon.com/dp/B07XV8D2K9",
        "rating": "4.3",
        "totalReviews": "2071",
        "subtitle": "Lumin",
        "isPrimeEligible": "1"
    },
    {
        "ASIN": "B073P2F926",
        "title": "Dylonic Exfoliating Body Scrub Razor Bump Brush + Ingrown Hairs Treatment Pads - After Waxing Skin Care Exfoliator for Body Shaving Irritation, Strawberry Legs, Armpit, Bikini Body Exfoliator Scrubber",
        "price": "$8.99",
        "listPrice": "$18.99",
        "imageUrl": "https://m.media-amazon.com/images/I/510jT1NE13L._SL160_.jpg",
        "detailPageURL": "https://www.amazon.com/dp/B073P2F926",
        "rating": "4.3",
        "totalReviews": "13042",
        "subtitle": "Dylonic",
        "isPrimeEligible": "1"
    },
    {
        "ASIN": "B09MVPF6KD",
        "title": "Exfoliating Gloves 2 Pcs, Exfoliating Body Scrubber for Bath Shower Exfoliation, Body Scrub Exfoliator Loofah Sponge For Dead Skin Remover, Deep Korean Exfoliating Mitt Leg Keratosis Pilaris Treatment",
        "price": "$7.99 ($4.00 / Count)",
        "listPrice": "$11.99 ($6.00 / Count)",
        "imageUrl": "https://m.media-amazon.com/images/I/51Xc0bU1hSL._SL160_.jpg",
        "detailPageURL": "https://www.amazon.com/dp/B09MVPF6KD",
        "rating": "4.2",
        "totalReviews": "2098",
        "subtitle": "Fundrem",
        "isPrimeEligible": "1"
    },
    {
        "ASIN": "B0C4TW5JNM",
        "title": "Metene 2 Pack Silicone Body Scrubber, Exfoliating Body Scrubber for Use in Shower,Lathers Well, Long Lasting, Soft Body Scrubber for Shower and Bath Skincare Routine(Black).",
        "price": "$12.99 ($6.50 / Count)",
        "listPrice": "",
        "imageUrl": "https://m.media-amazon.com/images/I/51zOIBUSJ4L._SL160_.jpg",
        "detailPageURL": "https://www.amazon.com/dp/B0C4TW5JNM",
        "rating": "4.5",
        "totalReviews": "24",
        "subtitle": "Metene",
        "isPrimeEligible": "1"
    },
    {
        "ASIN": "B07Z1M1B7S",
        "title": "BAIMEI Bath Sponge, Body Loofah Scrubber, Exfoliating Bath Sponge, Shower Use Sponge for Men, Women (Pink Grey)",
        "price": "$8.99 ($4.50 / Count)",
        "listPrice": "$11.99 ($6.00 / Count)",
        "imageUrl": "https://m.media-amazon.com/images/I/51vDXZIW85L._SL160_.jpg",
        "detailPageURL": "https://www.amazon.com/dp/B07Z1M1B7S",
        "rating": "4.2",
        "totalReviews": "13286",
        "subtitle": "BAIMEI",
        "isPrimeEligible": "1"
    },
    {
        "ASIN": "B08QR3G25D",
        "title": "GOLDSANGSA-Korean Exfoliating Towel Washcloth Mitts 8pcs(Green4,Yellow4)/Korean Italy Towel Skincare Exfoliating Scrub Bath Cloth Remove Dead Skin",
        "price": "$7.40 ($0.92 / Count)",
        "listPrice": "",
        "imageUrl": "https://m.media-amazon.com/images/I/51dCnL0fdAL._SL160_.jpg",
        "detailPageURL": "https://www.amazon.com/dp/B08QR3G25D",
        "rating": "4.2",
        "totalReviews": "44175",
        "subtitle": "",
        "isPrimeEligible": "1"
    },
    {
        "ASIN": "B076ZXLDRX",
        "title": "Evridwear Exfoliating Glove for Shower Man and Women, Dual Texture Bath Body Scrub Gloves Dead Skin Cell Remover forHome Spa, Massage,with Hanging Loop (1 Pair Heavy)",
        "price": "$6.40",
        "listPrice": "$10.99",
        "imageUrl": "https://m.media-amazon.com/images/I/41HmGkgTDtL._SL160_.jpg",
        "detailPageURL": "https://www.amazon.com/dp/B076ZXLDRX",
        "rating": "4.5",
        "totalReviews": "22941",
        "subtitle": "Evridwear",
        "isPrimeEligible": "1"
    },
    {
        "ASIN": "B0B8666NWQ",
        "title": "Aveeno Calm + Restore Nourishing PHA Facial Exfoliator Daily for Sensitive Skin, Fragrance-Free & Non-Abrasive Oat Formula to Gently Exfoliate & Cleanse Skin, Hypoallergenic, 4 fl. Oz",
        "price": "$10.67 ($2.67 / Ounce)",
        "listPrice": "$14.29 ($3.57 / Ounce)",
        "imageUrl": "https://m.media-amazon.com/images/I/41zXfAIWFuL._SL160_.jpg",
        "detailPageURL": "https://www.amazon.com/dp/B0B8666NWQ",
        "rating": "4.5",
        "totalReviews": "10666",
        "subtitle": "Aveeno",
        "isPrimeEligible": "1"
    },
    {
        "ASIN": "B072ZYGB95",
        "title": "TailaiMei Exfoliating Brush for Ingrown Hair Treatment - to Treat and Prevent Bikini Bumps, Razor Bumps - Silky Smooth Skin Solution for Men and Women",
        "price": "$5.99",
        "listPrice": "",
        "imageUrl": "https://m.media-amazon.com/images/I/41CJrWph9TL._SL160_.jpg",
        "detailPageURL": "https://www.amazon.com/dp/B072ZYGB95",
        "rating": "4.0",
        "totalReviews": "5182",
        "subtitle": "TailaiMei",
        "isPrimeEligible": "1"
    },
    {
        "ASIN": "B07XV8D2K9",
        "title": "Lumin Mens Face Scrub, Charcoal Face Scrub Men, Face Cleanser for Men, Mens Exfoliating Face Scrub, Facial Scrub Men, Exfoliating Face Wash Men, Face Exfoliator Men, Pre Shave Scrub",
        "price": "$11.99 ($11.99 / Fl Oz)",
        "listPrice": "",
        "imageUrl": "https://m.media-amazon.com/images/I/31d+cP3bDiL._SL160_.jpg",
        "detailPageURL": "https://www.amazon.com/dp/B07XV8D2K9",
        "rating": "4.3",
        "totalReviews": "2071",
        "subtitle": "Lumin",
        "isPrimeEligible": "1"
    },
    {
        "ASIN": "B073P2F926",
        "title": "Dylonic Exfoliating Body Scrub Razor Bump Brush + Ingrown Hairs Treatment Pads - After Waxing Skin Care Exfoliator for Body Shaving Irritation, Strawberry Legs, Armpit, Bikini Body Exfoliator Scrubber",
        "price": "$8.99",
        "listPrice": "$18.99",
        "imageUrl": "https://m.media-amazon.com/images/I/510jT1NE13L._SL160_.jpg",
        "detailPageURL": "https://www.amazon.com/dp/B073P2F926",
        "rating": "4.3",
        "totalReviews": "13042",
        "subtitle": "Dylonic",
        "isPrimeEligible": "1"
    },
    {
        "ASIN": "B09MVPF6KD",
        "title": "Exfoliating Gloves 2 Pcs, Exfoliating Body Scrubber for Bath Shower Exfoliation, Body Scrub Exfoliator Loofah Sponge For Dead Skin Remover, Deep Korean Exfoliating Mitt Leg Keratosis Pilaris Treatment",
        "price": "$7.99 ($4.00 / Count)",
        "listPrice": "$11.99 ($6.00 / Count)",
        "imageUrl": "https://m.media-amazon.com/images/I/51Xc0bU1hSL._SL160_.jpg",
        "detailPageURL": "https://www.amazon.com/dp/B09MVPF6KD",
        "rating": "4.2",
        "totalReviews": "2098",
        "subtitle": "Fundrem",
        "isPrimeEligible": "1"
    },
    {
        "ASIN": "B0C4TW5JNM",
        "title": "Metene 2 Pack Silicone Body Scrubber, Exfoliating Body Scrubber for Use in Shower,Lathers Well, Long Lasting, Soft Body Scrubber for Shower and Bath Skincare Routine(Black).",
        "price": "$12.99 ($6.50 / Count)",
        "listPrice": "",
        "imageUrl": "https://m.media-amazon.com/images/I/51zOIBUSJ4L._SL160_.jpg",
        "detailPageURL": "https://www.amazon.com/dp/B0C4TW5JNM",
        "rating": "4.5",
        "totalReviews": "24",
        "subtitle": "Metene",
        "isPrimeEligible": "1"
    },
    {
        "ASIN": "B07Z1M1B7S",
        "title": "BAIMEI Bath Sponge, Body Loofah Scrubber, Exfoliating Bath Sponge, Shower Use Sponge for Men, Women (Pink Grey)",
        "price": "$8.99 ($4.50 / Count)",
        "listPrice": "$11.99 ($6.00 / Count)",
        "imageUrl": "https://m.media-amazon.com/images/I/51vDXZIW85L._SL160_.jpg",
        "detailPageURL": "https://www.amazon.com/dp/B07Z1M1B7S",
        "rating": "4.2",
        "totalReviews": "13286",
        "subtitle": "BAIMEI",
        "isPrimeEligible": "1"
    },
    {
        "ASIN": "B08QR3G25D",
        "title": "GOLDSANGSA-Korean Exfoliating Towel Washcloth Mitts 8pcs(Green4,Yellow4)/Korean Italy Towel Skincare Exfoliating Scrub Bath Cloth Remove Dead Skin",
        "price": "$7.40 ($0.92 / Count)",
        "listPrice": "",
        "imageUrl": "https://m.media-amazon.com/images/I/51dCnL0fdAL._SL160_.jpg",
        "detailPageURL": "https://www.amazon.com/dp/B08QR3G25D",
        "rating": "4.2",
        "totalReviews": "44175",
        "subtitle": "",
        "isPrimeEligible": "1"
    },
    {
        "ASIN": "B076ZXLDRX",
        "title": "Evridwear Exfoliating Glove for Shower Man and Women, Dual Texture Bath Body Scrub Gloves Dead Skin Cell Remover forHome Spa, Massage,with Hanging Loop (1 Pair Heavy)",
        "price": "$6.40",
        "listPrice": "$10.99",
        "imageUrl": "https://m.media-amazon.com/images/I/41HmGkgTDtL._SL160_.jpg",
        "detailPageURL": "https://www.amazon.com/dp/B076ZXLDRX",
        "rating": "4.5",
        "totalReviews": "22941",
        "subtitle": "Evridwear",
        "isPrimeEligible": "1"
    },
    {
        "ASIN": "B0B8666NWQ",
        "title": "Aveeno Calm + Restore Nourishing PHA Facial Exfoliator Daily for Sensitive Skin, Fragrance-Free & Non-Abrasive Oat Formula to Gently Exfoliate & Cleanse Skin, Hypoallergenic, 4 fl. Oz",
        "price": "$10.67 ($2.67 / Ounce)",
        "listPrice": "$14.29 ($3.57 / Ounce)",
        "imageUrl": "https://m.media-amazon.com/images/I/41zXfAIWFuL._SL160_.jpg",
        "detailPageURL": "https://www.amazon.com/dp/B0B8666NWQ",
        "rating": "4.5",
        "totalReviews": "10666",
        "subtitle": "Aveeno",
        "isPrimeEligible": "1"
    },
    {
        "ASIN": "B072ZYGB95",
        "title": "TailaiMei Exfoliating Brush for Ingrown Hair Treatment - to Treat and Prevent Bikini Bumps, Razor Bumps - Silky Smooth Skin Solution for Men and Women",
        "price": "$5.99",
        "listPrice": "",
        "imageUrl": "https://m.media-amazon.com/images/I/41CJrWph9TL._SL160_.jpg",
        "detailPageURL": "https://www.amazon.com/dp/B072ZYGB95",
        "rating": "4.0",
        "totalReviews": "5182",
        "subtitle": "TailaiMei",
        "isPrimeEligible": "1"
    },
    {
        "ASIN": "B089TPYFX3",
        "title": "StriVectin Advanced Resurfacing Daily Reveal Exfoliating Face Pads, Visibly Smooths & Brightens Skin, Reduces Blackheads 60 ct",
        "price": "$45.00 ($0.75 / Count)",
        "listPrice": "",
        "imageUrl": "https://m.media-amazon.com/images/I/41V+ce89Q9L._SL160_.jpg",
        "detailPageURL": "https://www.amazon.com/dp/B089TPYFX3",
        "rating": "4.6",
        "totalReviews": "315",
        "subtitle": "",
        "isPrimeEligible": "1"
    },
    {
        "ASIN": "B073P2F926",
        "title": "Dylonic Exfoliating Body Scrub Razor Bump Brush + Ingrown Hairs Treatment Pads - After Waxing Skin Care Exfoliator for Body Shaving Irritation, Strawberry Legs, Armpit, Bikini Body Exfoliator Scrubber",
        "price": "$8.99",
        "listPrice": "$18.99",
        "imageUrl": "https://m.media-amazon.com/images/I/510jT1NE13L._SL160_.jpg",
        "detailPageURL": "https://www.amazon.com/dp/B073P2F926",
        "rating": "4.3",
        "totalReviews": "13042",
        "subtitle": "Dylonic",
        "isPrimeEligible": "1"
    },
    {
        "ASIN": "B09MVPF6KD",
        "title": "Exfoliating Gloves 2 Pcs, Exfoliating Body Scrubber for Bath Shower Exfoliation, Body Scrub Exfoliator Loofah Sponge For Dead Skin Remover, Deep Korean Exfoliating Mitt Leg Keratosis Pilaris Treatment",
        "price": "$7.99 ($4.00 / Count)",
        "listPrice": "$11.99 ($6.00 / Count)",
        "imageUrl": "https://m.media-amazon.com/images/I/51Xc0bU1hSL._SL160_.jpg",
        "detailPageURL": "https://www.amazon.com/dp/B09MVPF6KD",
        "rating": "4.2",
        "totalReviews": "2098",
        "subtitle": "Fundrem",
        "isPrimeEligible": "1"
    },
    {
        "ASIN": "B0C4TW5JNM",
        "title": "Metene 2 Pack Silicone Body Scrubber, Exfoliating Body Scrubber for Use in Shower,Lathers Well, Long Lasting, Soft Body Scrubber for Shower and Bath Skincare Routine(Black).",
        "price": "$12.99 ($6.50 / Count)",
        "listPrice": "",
        "imageUrl": "https://m.media-amazon.com/images/I/51zOIBUSJ4L._SL160_.jpg",
        "detailPageURL": "https://www.amazon.com/dp/B0C4TW5JNM",
        "rating": "4.5",
        "totalReviews": "24",
        "subtitle": "Metene",
        "isPrimeEligible": "1"
    },
    {
        "ASIN": "B07Z1M1B7S",
        "title": "BAIMEI Bath Sponge, Body Loofah Scrubber, Exfoliating Bath Sponge, Shower Use Sponge for Men, Women (Pink Grey)",
        "price": "$8.99 ($4.50 / Count)",
        "listPrice": "$11.99 ($6.00 / Count)",
        "imageUrl": "https://m.media-amazon.com/images/I/51vDXZIW85L._SL160_.jpg",
        "detailPageURL": "https://www.amazon.com/dp/B07Z1M1B7S",
        "rating": "4.2",
        "totalReviews": "13286",
        "subtitle": "BAIMEI",
        "isPrimeEligible": "1"
    },
    {
        "ASIN": "B08QR3G25D",
        "title": "GOLDSANGSA-Korean Exfoliating Towel Washcloth Mitts 8pcs(Green4,Yellow4)/Korean Italy Towel Skincare Exfoliating Scrub Bath Cloth Remove Dead Skin",
        "price": "$7.40 ($0.92 / Count)",
        "listPrice": "",
        "imageUrl": "https://m.media-amazon.com/images/I/51dCnL0fdAL._SL160_.jpg",
        "detailPageURL": "https://www.amazon.com/dp/B08QR3G25D",
        "rating": "4.2",
        "totalReviews": "44175",
        "subtitle": "",
        "isPrimeEligible": "1"
    },
    {
        "ASIN": "B076ZXLDRX",
        "title": "Evridwear Exfoliating Glove for Shower Man and Women, Dual Texture Bath Body Scrub Gloves Dead Skin Cell Remover forHome Spa, Massage,with Hanging Loop (1 Pair Heavy)",
        "price": "$6.40",
        "listPrice": "$10.99",
        "imageUrl": "https://m.media-amazon.com/images/I/41HmGkgTDtL._SL160_.jpg",
        "detailPageURL": "https://www.amazon.com/dp/B076ZXLDRX",
        "rating": "4.5",
        "totalReviews": "22941",
        "subtitle": "Evridwear",
        "isPrimeEligible": "1"
    },
    {
        "ASIN": "B0B8666NWQ",
        "title": "Aveeno Calm + Restore Nourishing PHA Facial Exfoliator Daily for Sensitive Skin, Fragrance-Free & Non-Abrasive Oat Formula to Gently Exfoliate & Cleanse Skin, Hypoallergenic, 4 fl. Oz",
        "price": "$10.67 ($2.67 / Ounce)",
        "listPrice": "$14.29 ($3.57 / Ounce)",
        "imageUrl": "https://m.media-amazon.com/images/I/41zXfAIWFuL._SL160_.jpg",
        "detailPageURL": "https://www.amazon.com/dp/B0B8666NWQ",
        "rating": "4.5",
        "totalReviews": "10666",
        "subtitle": "Aveeno",
        "isPrimeEligible": "1"
    },
    {
        "ASIN": "B072ZYGB95",
        "title": "TailaiMei Exfoliating Brush for Ingrown Hair Treatment - to Treat and Prevent Bikini Bumps, Razor Bumps - Silky Smooth Skin Solution for Men and Women",
        "price": "$5.99",
        "listPrice": "",
        "imageUrl": "https://m.media-amazon.com/images/I/41CJrWph9TL._SL160_.jpg",
        "detailPageURL": "https://www.amazon.com/dp/B072ZYGB95",
        "rating": "4.0",
        "totalReviews": "5182",
        "subtitle": "TailaiMei",
        "isPrimeEligible": "1"
    },
    {
        "ASIN": "B089TPYFX3",
        "title": "StriVectin Advanced Resurfacing Daily Reveal Exfoliating Face Pads, Visibly Smooths & Brightens Skin, Reduces Blackheads 60 ct",
        "price": "$45.00 ($0.75 / Count)",
        "listPrice": "",
        "imageUrl": "https://m.media-amazon.com/images/I/41V+ce89Q9L._SL160_.jpg",
        "detailPageURL": "https://www.amazon.com/dp/B089TPYFX3",
        "rating": "4.6",
        "totalReviews": "315",
        "subtitle": "",
        "isPrimeEligible": "1"
    },
    {
        "ASIN": "B07L1DVWT9",
        "title": "Palmer's Coconut Oil Formula Coconut Sugar Facial Scrub Exfoliator, Face Scrub to Gently Exfoliate Away Dirt and Dead Skin Cells with Chamomile to Soften & Calm, 3.17 Ounces (Pack of 1)",
        "price": "$8.99 ($2.84 / Ounce)",
        "listPrice": "$9.88 ($3.12 / Ounce)",
        "imageUrl": "https://m.media-amazon.com/images/I/41mAehFjeXL._SL160_.jpg",
        "detailPageURL": "https://www.amazon.com/dp/B07L1DVWT9",
        "rating": "4.6",
        "totalReviews": "18693",
        "subtitle": "Palmer's",
        "isPrimeEligible": "1"
    },
    {
        "ASIN": "B09MVPF6KD",
        "title": "Exfoliating Gloves 2 Pcs, Exfoliating Body Scrubber for Bath Shower Exfoliation, Body Scrub Exfoliator Loofah Sponge For Dead Skin Remover, Deep Korean Exfoliating Mitt Leg Keratosis Pilaris Treatment",
        "price": "$7.99 ($4.00 / Count)",
        "listPrice": "$11.99 ($6.00 / Count)",
        "imageUrl": "https://m.media-amazon.com/images/I/51Xc0bU1hSL._SL160_.jpg",
        "detailPageURL": "https://www.amazon.com/dp/B09MVPF6KD",
        "rating": "4.2",
        "totalReviews": "2098",
        "subtitle": "Fundrem",
        "isPrimeEligible": "1"
    },
    {
        "ASIN": "B0C4TW5JNM",
        "title": "Metene 2 Pack Silicone Body Scrubber, Exfoliating Body Scrubber for Use in Shower,Lathers Well, Long Lasting, Soft Body Scrubber for Shower and Bath Skincare Routine(Black).",
        "price": "$12.99 ($6.50 / Count)",
        "listPrice": "",
        "imageUrl": "https://m.media-amazon.com/images/I/51zOIBUSJ4L._SL160_.jpg",
        "detailPageURL": "https://www.amazon.com/dp/B0C4TW5JNM",
        "rating": "4.5",
        "totalReviews": "24",
        "subtitle": "Metene",
        "isPrimeEligible": "1"
    },
    {
        "ASIN": "B07Z1M1B7S",
        "title": "BAIMEI Bath Sponge, Body Loofah Scrubber, Exfoliating Bath Sponge, Shower Use Sponge for Men, Women (Pink Grey)",
        "price": "$8.99 ($4.50 / Count)",
        "listPrice": "$11.99 ($6.00 / Count)",
        "imageUrl": "https://m.media-amazon.com/images/I/51vDXZIW85L._SL160_.jpg",
        "detailPageURL": "https://www.amazon.com/dp/B07Z1M1B7S",
        "rating": "4.2",
        "totalReviews": "13286",
        "subtitle": "BAIMEI",
        "isPrimeEligible": "1"
    },
    {
        "ASIN": "B08QR3G25D",
        "title": "GOLDSANGSA-Korean Exfoliating Towel Washcloth Mitts 8pcs(Green4,Yellow4)/Korean Italy Towel Skincare Exfoliating Scrub Bath Cloth Remove Dead Skin",
        "price": "$7.40 ($0.92 / Count)",
        "listPrice": "",
        "imageUrl": "https://m.media-amazon.com/images/I/51dCnL0fdAL._SL160_.jpg",
        "detailPageURL": "https://www.amazon.com/dp/B08QR3G25D",
        "rating": "4.2",
        "totalReviews": "44175",
        "subtitle": "",
        "isPrimeEligible": "1"
    },
    {
        "ASIN": "B076ZXLDRX",
        "title": "Evridwear Exfoliating Glove for Shower Man and Women, Dual Texture Bath Body Scrub Gloves Dead Skin Cell Remover forHome Spa, Massage,with Hanging Loop (1 Pair Heavy)",
        "price": "$6.40",
        "listPrice": "$10.99",
        "imageUrl": "https://m.media-amazon.com/images/I/41HmGkgTDtL._SL160_.jpg",
        "detailPageURL": "https://www.amazon.com/dp/B076ZXLDRX",
        "rating": "4.5",
        "totalReviews": "22941",
        "subtitle": "Evridwear",
        "isPrimeEligible": "1"
    },
    {
        "ASIN": "B0B8666NWQ",
        "title": "Aveeno Calm + Restore Nourishing PHA Facial Exfoliator Daily for Sensitive Skin, Fragrance-Free & Non-Abrasive Oat Formula to Gently Exfoliate & Cleanse Skin, Hypoallergenic, 4 fl. Oz",
        "price": "$10.67 ($2.67 / Ounce)",
        "listPrice": "$14.29 ($3.57 / Ounce)",
        "imageUrl": "https://m.media-amazon.com/images/I/41zXfAIWFuL._SL160_.jpg",
        "detailPageURL": "https://www.amazon.com/dp/B0B8666NWQ",
        "rating": "4.5",
        "totalReviews": "10666",
        "subtitle": "Aveeno",
        "isPrimeEligible": "1"
    },
    {
        "ASIN": "B072ZYGB95",
        "title": "TailaiMei Exfoliating Brush for Ingrown Hair Treatment - to Treat and Prevent Bikini Bumps, Razor Bumps - Silky Smooth Skin Solution for Men and Women",
        "price": "$5.99",
        "listPrice": "",
        "imageUrl": "https://m.media-amazon.com/images/I/41CJrWph9TL._SL160_.jpg",
        "detailPageURL": "https://www.amazon.com/dp/B072ZYGB95",
        "rating": "4.0",
        "totalReviews": "5182",
        "subtitle": "TailaiMei",
        "isPrimeEligible": "1"
    },
    {
        "ASIN": "B089TPYFX3",
        "title": "StriVectin Advanced Resurfacing Daily Reveal Exfoliating Face Pads, Visibly Smooths & Brightens Skin, Reduces Blackheads 60 ct",
        "price": "$45.00 ($0.75 / Count)",
        "listPrice": "",
        "imageUrl": "https://m.media-amazon.com/images/I/41V+ce89Q9L._SL160_.jpg",
        "detailPageURL": "https://www.amazon.com/dp/B089TPYFX3",
        "rating": "4.6",
        "totalReviews": "315",
        "subtitle": "",
        "isPrimeEligible": "1"
    },
    {
        "ASIN": "B07L1DVWT9",
        "title": "Palmer's Coconut Oil Formula Coconut Sugar Facial Scrub Exfoliator, Face Scrub to Gently Exfoliate Away Dirt and Dead Skin Cells with Chamomile to Soften & Calm, 3.17 Ounces (Pack of 1)",
        "price": "$8.99 ($2.84 / Ounce)",
        "listPrice": "$9.88 ($3.12 / Ounce)",
        "imageUrl": "https://m.media-amazon.com/images/I/41mAehFjeXL._SL160_.jpg",
        "detailPageURL": "https://www.amazon.com/dp/B07L1DVWT9",
        "rating": "4.6",
        "totalReviews": "18693",
        "subtitle": "Palmer's",
        "isPrimeEligible": "1"
    },
    {
        "ASIN": "B093VXR48L",
        "title": "Cetaphil Face Wash, Healthy Radiance Gentle Exfoliating Cleanser, Visibly Reduces Look of Dark Spots and Hyperpigmentation, Designed for Sensitive Skin, Hypoallergenic, Fragrance Free, 4.2oz",
        "price": "$7.19 ($1.71 / Fl Oz)",
        "listPrice": "$11.99 ($2.85 / Fl Oz)",
        "imageUrl": "https://m.media-amazon.com/images/I/31zwBVkjo7L._SL160_.jpg",
        "detailPageURL": "https://www.amazon.com/dp/B093VXR48L",
        "rating": "4.4",
        "totalReviews": "1527",
        "subtitle": "Cetaphil",
        "isPrimeEligible": "1"
    },
    {
        "ASIN": "B0C4TW5JNM",
        "title": "Metene 2 Pack Silicone Body Scrubber, Exfoliating Body Scrubber for Use in Shower,Lathers Well, Long Lasting, Soft Body Scrubber for Shower and Bath Skincare Routine(Black).",
        "price": "$12.99 ($6.50 / Count)",
        "listPrice": "",
        "imageUrl": "https://m.media-amazon.com/images/I/51zOIBUSJ4L._SL160_.jpg",
        "detailPageURL": "https://www.amazon.com/dp/B0C4TW5JNM",
        "rating": "4.5",
        "totalReviews": "24",
        "subtitle": "Metene",
        "isPrimeEligible": "1"
    },
    {
        "ASIN": "B07Z1M1B7S",
        "title": "BAIMEI Bath Sponge, Body Loofah Scrubber, Exfoliating Bath Sponge, Shower Use Sponge for Men, Women (Pink Grey)",
        "price": "$8.99 ($4.50 / Count)",
        "listPrice": "$11.99 ($6.00 / Count)",
        "imageUrl": "https://m.media-amazon.com/images/I/51vDXZIW85L._SL160_.jpg",
        "detailPageURL": "https://www.amazon.com/dp/B07Z1M1B7S",
        "rating": "4.2",
        "totalReviews": "13286",
        "subtitle": "BAIMEI",
        "isPrimeEligible": "1"
    },
    {
        "ASIN": "B08QR3G25D",
        "title": "GOLDSANGSA-Korean Exfoliating Towel Washcloth Mitts 8pcs(Green4,Yellow4)/Korean Italy Towel Skincare Exfoliating Scrub Bath Cloth Remove Dead Skin",
        "price": "$7.40 ($0.92 / Count)",
        "listPrice": "",
        "imageUrl": "https://m.media-amazon.com/images/I/51dCnL0fdAL._SL160_.jpg",
        "detailPageURL": "https://www.amazon.com/dp/B08QR3G25D",
        "rating": "4.2",
        "totalReviews": "44175",
        "subtitle": "",
        "isPrimeEligible": "1"
    },
    {
        "ASIN": "B076ZXLDRX",
        "title": "Evridwear Exfoliating Glove for Shower Man and Women, Dual Texture Bath Body Scrub Gloves Dead Skin Cell Remover forHome Spa, Massage,with Hanging Loop (1 Pair Heavy)",
        "price": "$6.40",
        "listPrice": "$10.99",
        "imageUrl": "https://m.media-amazon.com/images/I/41HmGkgTDtL._SL160_.jpg",
        "detailPageURL": "https://www.amazon.com/dp/B076ZXLDRX",
        "rating": "4.5",
        "totalReviews": "22941",
        "subtitle": "Evridwear",
        "isPrimeEligible": "1"
    },
    {
        "ASIN": "B0B8666NWQ",
        "title": "Aveeno Calm + Restore Nourishing PHA Facial Exfoliator Daily for Sensitive Skin, Fragrance-Free & Non-Abrasive Oat Formula to Gently Exfoliate & Cleanse Skin, Hypoallergenic, 4 fl. Oz",
        "price": "$10.67 ($2.67 / Ounce)",
        "listPrice": "$14.29 ($3.57 / Ounce)",
        "imageUrl": "https://m.media-amazon.com/images/I/41zXfAIWFuL._SL160_.jpg",
        "detailPageURL": "https://www.amazon.com/dp/B0B8666NWQ",
        "rating": "4.5",
        "totalReviews": "10666",
        "subtitle": "Aveeno",
        "isPrimeEligible": "1"
    },
    {
        "ASIN": "B072ZYGB95",
        "title": "TailaiMei Exfoliating Brush for Ingrown Hair Treatment - to Treat and Prevent Bikini Bumps, Razor Bumps - Silky Smooth Skin Solution for Men and Women",
        "price": "$5.99",
        "listPrice": "",
        "imageUrl": "https://m.media-amazon.com/images/I/41CJrWph9TL._SL160_.jpg",
        "detailPageURL": "https://www.amazon.com/dp/B072ZYGB95",
        "rating": "4.0",
        "totalReviews": "5182",
        "subtitle": "TailaiMei",
        "isPrimeEligible": "1"
    },
    {
        "ASIN": "B089TPYFX3",
        "title": "StriVectin Advanced Resurfacing Daily Reveal Exfoliating Face Pads, Visibly Smooths & Brightens Skin, Reduces Blackheads 60 ct",
        "price": "$45.00 ($0.75 / Count)",
        "listPrice": "",
        "imageUrl": "https://m.media-amazon.com/images/I/41V+ce89Q9L._SL160_.jpg",
        "detailPageURL": "https://www.amazon.com/dp/B089TPYFX3",
        "rating": "4.6",
        "totalReviews": "315",
        "subtitle": "",
        "isPrimeEligible": "1"
    },
    {
        "ASIN": "B07L1DVWT9",
        "title": "Palmer's Coconut Oil Formula Coconut Sugar Facial Scrub Exfoliator, Face Scrub to Gently Exfoliate Away Dirt and Dead Skin Cells with Chamomile to Soften & Calm, 3.17 Ounces (Pack of 1)",
        "price": "$8.99 ($2.84 / Ounce)",
        "listPrice": "$9.88 ($3.12 / Ounce)",
        "imageUrl": "https://m.media-amazon.com/images/I/41mAehFjeXL._SL160_.jpg",
        "detailPageURL": "https://www.amazon.com/dp/B07L1DVWT9",
        "rating": "4.6",
        "totalReviews": "18693",
        "subtitle": "Palmer's",
        "isPrimeEligible": "1"
    },
    {
        "ASIN": "B093VXR48L",
        "title": "Cetaphil Face Wash, Healthy Radiance Gentle Exfoliating Cleanser, Visibly Reduces Look of Dark Spots and Hyperpigmentation, Designed for Sensitive Skin, Hypoallergenic, Fragrance Free, 4.2oz",
        "price": "$7.19 ($1.71 / Fl Oz)",
        "listPrice": "$11.99 ($2.85 / Fl Oz)",
        "imageUrl": "https://m.media-amazon.com/images/I/31zwBVkjo7L._SL160_.jpg",
        "detailPageURL": "https://www.amazon.com/dp/B093VXR48L",
        "rating": "4.4",
        "totalReviews": "1527",
        "subtitle": "Cetaphil",
        "isPrimeEligible": "1"
    },
    {
        "ASIN": "B0C7FPNH48",
        "title": "Orange Exfoliating Whitening Gel, Gmeelan Orange Exfoliating Whitening Gel, Gmeelan Exfoliating Gel, Orange Exfoliating Gel Face Whitening, Gluta Whitening Lazy Cream Korean (2 bottle)",
        "price": "$11.99 ($6.00 / Ounce)",
        "listPrice": "",
        "imageUrl": "https://m.media-amazon.com/images/I/41YVgmfQfjL._SL160_.jpg",
        "detailPageURL": "https://www.amazon.com/dp/B0C7FPNH48",
        "rating": "3.9",
        "totalReviews": "20",
        "subtitle": "Wsrchh",
        "isPrimeEligible": "1"
    },
    {
        "ASIN": "B07Z1M1B7S",
        "title": "BAIMEI Bath Sponge, Body Loofah Scrubber, Exfoliating Bath Sponge, Shower Use Sponge for Men, Women (Pink Grey)",
        "price": "$8.99 ($4.50 / Count)",
        "listPrice": "$11.99 ($6.00 / Count)",
        "imageUrl": "https://m.media-amazon.com/images/I/51vDXZIW85L._SL160_.jpg",
        "detailPageURL": "https://www.amazon.com/dp/B07Z1M1B7S",
        "rating": "4.2",
        "totalReviews": "13286",
        "subtitle": "BAIMEI",
        "isPrimeEligible": "1"
    },
    {
        "ASIN": "B08QR3G25D",
        "title": "GOLDSANGSA-Korean Exfoliating Towel Washcloth Mitts 8pcs(Green4,Yellow4)/Korean Italy Towel Skincare Exfoliating Scrub Bath Cloth Remove Dead Skin",
        "price": "$7.40 ($0.92 / Count)",
        "listPrice": "",
        "imageUrl": "https://m.media-amazon.com/images/I/51dCnL0fdAL._SL160_.jpg",
        "detailPageURL": "https://www.amazon.com/dp/B08QR3G25D",
        "rating": "4.2",
        "totalReviews": "44175",
        "subtitle": "",
        "isPrimeEligible": "1"
    },
    {
        "ASIN": "B076ZXLDRX",
        "title": "Evridwear Exfoliating Glove for Shower Man and Women, Dual Texture Bath Body Scrub Gloves Dead Skin Cell Remover forHome Spa, Massage,with Hanging Loop (1 Pair Heavy)",
        "price": "$6.40",
        "listPrice": "$10.99",
        "imageUrl": "https://m.media-amazon.com/images/I/41HmGkgTDtL._SL160_.jpg",
        "detailPageURL": "https://www.amazon.com/dp/B076ZXLDRX",
        "rating": "4.5",
        "totalReviews": "22941",
        "subtitle": "Evridwear",
        "isPrimeEligible": "1"
    },
    {
        "ASIN": "B0B8666NWQ",
        "title": "Aveeno Calm + Restore Nourishing PHA Facial Exfoliator Daily for Sensitive Skin, Fragrance-Free & Non-Abrasive Oat Formula to Gently Exfoliate & Cleanse Skin, Hypoallergenic, 4 fl. Oz",
        "price": "$10.67 ($2.67 / Ounce)",
        "listPrice": "$14.29 ($3.57 / Ounce)",
        "imageUrl": "https://m.media-amazon.com/images/I/41zXfAIWFuL._SL160_.jpg",
        "detailPageURL": "https://www.amazon.com/dp/B0B8666NWQ",
        "rating": "4.5",
        "totalReviews": "10666",
        "subtitle": "Aveeno",
        "isPrimeEligible": "1"
    },
    {
        "ASIN": "B072ZYGB95",
        "title": "TailaiMei Exfoliating Brush for Ingrown Hair Treatment - to Treat and Prevent Bikini Bumps, Razor Bumps - Silky Smooth Skin Solution for Men and Women",
        "price": "$5.99",
        "listPrice": "",
        "imageUrl": "https://m.media-amazon.com/images/I/41CJrWph9TL._SL160_.jpg",
        "detailPageURL": "https://www.amazon.com/dp/B072ZYGB95",
        "rating": "4.0",
        "totalReviews": "5182",
        "subtitle": "TailaiMei",
        "isPrimeEligible": "1"
    },
    {
        "ASIN": "B089TPYFX3",
        "title": "StriVectin Advanced Resurfacing Daily Reveal Exfoliating Face Pads, Visibly Smooths & Brightens Skin, Reduces Blackheads 60 ct",
        "price": "$45.00 ($0.75 / Count)",
        "listPrice": "",
        "imageUrl": "https://m.media-amazon.com/images/I/41V+ce89Q9L._SL160_.jpg",
        "detailPageURL": "https://www.amazon.com/dp/B089TPYFX3",
        "rating": "4.6",
        "totalReviews": "315",
        "subtitle": "",
        "isPrimeEligible": "1"
    },
    {
        "ASIN": "B07L1DVWT9",
        "title": "Palmer's Coconut Oil Formula Coconut Sugar Facial Scrub Exfoliator, Face Scrub to Gently Exfoliate Away Dirt and Dead Skin Cells with Chamomile to Soften & Calm, 3.17 Ounces (Pack of 1)",
        "price": "$8.99 ($2.84 / Ounce)",
        "listPrice": "$9.88 ($3.12 / Ounce)",
        "imageUrl": "https://m.media-amazon.com/images/I/41mAehFjeXL._SL160_.jpg",
        "detailPageURL": "https://www.amazon.com/dp/B07L1DVWT9",
        "rating": "4.6",
        "totalReviews": "18693",
        "subtitle": "Palmer's",
        "isPrimeEligible": "1"
    },
    {
        "ASIN": "B093VXR48L",
        "title": "Cetaphil Face Wash, Healthy Radiance Gentle Exfoliating Cleanser, Visibly Reduces Look of Dark Spots and Hyperpigmentation, Designed for Sensitive Skin, Hypoallergenic, Fragrance Free, 4.2oz",
        "price": "$7.19 ($1.71 / Fl Oz)",
        "listPrice": "$11.99 ($2.85 / Fl Oz)",
        "imageUrl": "https://m.media-amazon.com/images/I/31zwBVkjo7L._SL160_.jpg",
        "detailPageURL": "https://www.amazon.com/dp/B093VXR48L",
        "rating": "4.4",
        "totalReviews": "1527",
        "subtitle": "Cetaphil",
        "isPrimeEligible": "1"
    },
    {
        "ASIN": "B0C7FPNH48",
        "title": "Orange Exfoliating Whitening Gel, Gmeelan Orange Exfoliating Whitening Gel, Gmeelan Exfoliating Gel, Orange Exfoliating Gel Face Whitening, Gluta Whitening Lazy Cream Korean (2 bottle)",
        "price": "$11.99 ($6.00 / Ounce)",
        "listPrice": "",
        "imageUrl": "https://m.media-amazon.com/images/I/41YVgmfQfjL._SL160_.jpg",
        "detailPageURL": "https://www.amazon.com/dp/B0C7FPNH48",
        "rating": "3.9",
        "totalReviews": "20",
        "subtitle": "Wsrchh",
        "isPrimeEligible": "1"
    },
    {
        "ASIN": "B0B2W4NZ2Y",
        "title": "Vitamin C and Turmeric Face Scrub Cream Organics Microdermabrasion Facial Scrub Exfoliating Clears Blackheads Improve Dark Spot Acne with Strawberry Extract Exfoliator",
        "price": "$11.99 ($2.83 / Ounce)",
        "listPrice": "$14.99 ($3.54 / Ounce)",
        "imageUrl": "https://m.media-amazon.com/images/I/41tSVQpWbPL._SL160_.jpg",
        "detailPageURL": "https://www.amazon.com/dp/B0B2W4NZ2Y",
        "rating": "4.3",
        "totalReviews": "1411",
        "subtitle": "POP MODERN.C",
        "isPrimeEligible": "1"
    },
    {
        "ASIN": "B08QR3G25D",
        "title": "GOLDSANGSA-Korean Exfoliating Towel Washcloth Mitts 8pcs(Green4,Yellow4)/Korean Italy Towel Skincare Exfoliating Scrub Bath Cloth Remove Dead Skin",
        "price": "$7.40 ($0.92 / Count)",
        "listPrice": "",
        "imageUrl": "https://m.media-amazon.com/images/I/51dCnL0fdAL._SL160_.jpg",
        "detailPageURL": "https://www.amazon.com/dp/B08QR3G25D",
        "rating": "4.2",
        "totalReviews": "44175",
        "subtitle": "",
        "isPrimeEligible": "1"
    },
    {
        "ASIN": "B076ZXLDRX",
        "title": "Evridwear Exfoliating Glove for Shower Man and Women, Dual Texture Bath Body Scrub Gloves Dead Skin Cell Remover forHome Spa, Massage,with Hanging Loop (1 Pair Heavy)",
        "price": "$6.40",
        "listPrice": "$10.99",
        "imageUrl": "https://m.media-amazon.com/images/I/41HmGkgTDtL._SL160_.jpg",
        "detailPageURL": "https://www.amazon.com/dp/B076ZXLDRX",
        "rating": "4.5",
        "totalReviews": "22941",
        "subtitle": "Evridwear",
        "isPrimeEligible": "1"
    },
    {
        "ASIN": "B0B8666NWQ",
        "title": "Aveeno Calm + Restore Nourishing PHA Facial Exfoliator Daily for Sensitive Skin, Fragrance-Free & Non-Abrasive Oat Formula to Gently Exfoliate & Cleanse Skin, Hypoallergenic, 4 fl. Oz",
        "price": "$10.67 ($2.67 / Ounce)",
        "listPrice": "$14.29 ($3.57 / Ounce)",
        "imageUrl": "https://m.media-amazon.com/images/I/41zXfAIWFuL._SL160_.jpg",
        "detailPageURL": "https://www.amazon.com/dp/B0B8666NWQ",
        "rating": "4.5",
        "totalReviews": "10666",
        "subtitle": "Aveeno",
        "isPrimeEligible": "1"
    },
    {
        "ASIN": "B072ZYGB95",
        "title": "TailaiMei Exfoliating Brush for Ingrown Hair Treatment - to Treat and Prevent Bikini Bumps, Razor Bumps - Silky Smooth Skin Solution for Men and Women",
        "price": "$5.99",
        "listPrice": "",
        "imageUrl": "https://m.media-amazon.com/images/I/41CJrWph9TL._SL160_.jpg",
        "detailPageURL": "https://www.amazon.com/dp/B072ZYGB95",
        "rating": "4.0",
        "totalReviews": "5182",
        "subtitle": "TailaiMei",
        "isPrimeEligible": "1"
    },
    {
        "ASIN": "B089TPYFX3",
        "title": "StriVectin Advanced Resurfacing Daily Reveal Exfoliating Face Pads, Visibly Smooths & Brightens Skin, Reduces Blackheads 60 ct",
        "price": "$45.00 ($0.75 / Count)",
        "listPrice": "",
        "imageUrl": "https://m.media-amazon.com/images/I/41V+ce89Q9L._SL160_.jpg",
        "detailPageURL": "https://www.amazon.com/dp/B089TPYFX3",
        "rating": "4.6",
        "totalReviews": "315",
        "subtitle": "",
        "isPrimeEligible": "1"
    },
    {
        "ASIN": "B07L1DVWT9",
        "title": "Palmer's Coconut Oil Formula Coconut Sugar Facial Scrub Exfoliator, Face Scrub to Gently Exfoliate Away Dirt and Dead Skin Cells with Chamomile to Soften & Calm, 3.17 Ounces (Pack of 1)",
        "price": "$8.99 ($2.84 / Ounce)",
        "listPrice": "$9.88 ($3.12 / Ounce)",
        "imageUrl": "https://m.media-amazon.com/images/I/41mAehFjeXL._SL160_.jpg",
        "detailPageURL": "https://www.amazon.com/dp/B07L1DVWT9",
        "rating": "4.6",
        "totalReviews": "18693",
        "subtitle": "Palmer's",
        "isPrimeEligible": "1"
    },
    {
        "ASIN": "B093VXR48L",
        "title": "Cetaphil Face Wash, Healthy Radiance Gentle Exfoliating Cleanser, Visibly Reduces Look of Dark Spots and Hyperpigmentation, Designed for Sensitive Skin, Hypoallergenic, Fragrance Free, 4.2oz",
        "price": "$7.19 ($1.71 / Fl Oz)",
        "listPrice": "$11.99 ($2.85 / Fl Oz)",
        "imageUrl": "https://m.media-amazon.com/images/I/31zwBVkjo7L._SL160_.jpg",
        "detailPageURL": "https://www.amazon.com/dp/B093VXR48L",
        "rating": "4.4",
        "totalReviews": "1527",
        "subtitle": "Cetaphil",
        "isPrimeEligible": "1"
    },
    {
        "ASIN": "B0C7FPNH48",
        "title": "Orange Exfoliating Whitening Gel, Gmeelan Orange Exfoliating Whitening Gel, Gmeelan Exfoliating Gel, Orange Exfoliating Gel Face Whitening, Gluta Whitening Lazy Cream Korean (2 bottle)",
        "price": "$11.99 ($6.00 / Ounce)",
        "listPrice": "",
        "imageUrl": "https://m.media-amazon.com/images/I/41YVgmfQfjL._SL160_.jpg",
        "detailPageURL": "https://www.amazon.com/dp/B0C7FPNH48",
        "rating": "3.9",
        "totalReviews": "20",
        "subtitle": "Wsrchh",
        "isPrimeEligible": "1"
    },
    {
        "ASIN": "B0B2W4NZ2Y",
        "title": "Vitamin C and Turmeric Face Scrub Cream Organics Microdermabrasion Facial Scrub Exfoliating Clears Blackheads Improve Dark Spot Acne with Strawberry Extract Exfoliator",
        "price": "$11.99 ($2.83 / Ounce)",
        "listPrice": "$14.99 ($3.54 / Ounce)",
        "imageUrl": "https://m.media-amazon.com/images/I/41tSVQpWbPL._SL160_.jpg",
        "detailPageURL": "https://www.amazon.com/dp/B0B2W4NZ2Y",
        "rating": "4.3",
        "totalReviews": "1411",
        "subtitle": "POP MODERN.C",
        "isPrimeEligible": "1"
    },
    {
        "ASIN": "B08MMYW9Q6",
        "title": "InstaNatural Brightening Vitamin C Face Scrub, Gently Exfoliates and Refines for Smooth Skin, Minimizes Lines + Wrinkles, with Green Tea and Aloe Vera, 2 Fl Oz",
        "price": "$16.95 ($8.48 / Fl Oz)",
        "listPrice": "$20.00 ($10.00 / Fl Oz)",
        "imageUrl": "https://m.media-amazon.com/images/I/51kADHAY3HL._SL160_.jpg",
        "detailPageURL": "https://www.amazon.com/dp/B08MMYW9Q6",
        "rating": "4.3",
        "totalReviews": "3594",
        "subtitle": "InstaNatural",
        "isPrimeEligible": "1"
    },
    {
        "ASIN": "B076ZXLDRX",
        "title": "Evridwear Exfoliating Glove for Shower Man and Women, Dual Texture Bath Body Scrub Gloves Dead Skin Cell Remover forHome Spa, Massage,with Hanging Loop (1 Pair Heavy)",
        "price": "$6.40",
        "listPrice": "$10.99",
        "imageUrl": "https://m.media-amazon.com/images/I/41HmGkgTDtL._SL160_.jpg",
        "detailPageURL": "https://www.amazon.com/dp/B076ZXLDRX",
        "rating": "4.5",
        "totalReviews": "22941",
        "subtitle": "Evridwear",
        "isPrimeEligible": "1"
    },
    {
        "ASIN": "B0B8666NWQ",
        "title": "Aveeno Calm + Restore Nourishing PHA Facial Exfoliator Daily for Sensitive Skin, Fragrance-Free & Non-Abrasive Oat Formula to Gently Exfoliate & Cleanse Skin, Hypoallergenic, 4 fl. Oz",
        "price": "$10.67 ($2.67 / Ounce)",
        "listPrice": "$14.29 ($3.57 / Ounce)",
        "imageUrl": "https://m.media-amazon.com/images/I/41zXfAIWFuL._SL160_.jpg",
        "detailPageURL": "https://www.amazon.com/dp/B0B8666NWQ",
        "rating": "4.5",
        "totalReviews": "10666",
        "subtitle": "Aveeno",
        "isPrimeEligible": "1"
    },
    {
        "ASIN": "B072ZYGB95",
        "title": "TailaiMei Exfoliating Brush for Ingrown Hair Treatment - to Treat and Prevent Bikini Bumps, Razor Bumps - Silky Smooth Skin Solution for Men and Women",
        "price": "$5.99",
        "listPrice": "",
        "imageUrl": "https://m.media-amazon.com/images/I/41CJrWph9TL._SL160_.jpg",
        "detailPageURL": "https://www.amazon.com/dp/B072ZYGB95",
        "rating": "4.0",
        "totalReviews": "5182",
        "subtitle": "TailaiMei",
        "isPrimeEligible": "1"
    },
    {
        "ASIN": "B089TPYFX3",
        "title": "StriVectin Advanced Resurfacing Daily Reveal Exfoliating Face Pads, Visibly Smooths & Brightens Skin, Reduces Blackheads 60 ct",
        "price": "$45.00 ($0.75 / Count)",
        "listPrice": "",
        "imageUrl": "https://m.media-amazon.com/images/I/41V+ce89Q9L._SL160_.jpg",
        "detailPageURL": "https://www.amazon.com/dp/B089TPYFX3",
        "rating": "4.6",
        "totalReviews": "315",
        "subtitle": "",
        "isPrimeEligible": "1"
    },
    {
        "ASIN": "B07L1DVWT9",
        "title": "Palmer's Coconut Oil Formula Coconut Sugar Facial Scrub Exfoliator, Face Scrub to Gently Exfoliate Away Dirt and Dead Skin Cells with Chamomile to Soften & Calm, 3.17 Ounces (Pack of 1)",
        "price": "$8.99 ($2.84 / Ounce)",
        "listPrice": "$9.88 ($3.12 / Ounce)",
        "imageUrl": "https://m.media-amazon.com/images/I/41mAehFjeXL._SL160_.jpg",
        "detailPageURL": "https://www.amazon.com/dp/B07L1DVWT9",
        "rating": "4.6",
        "totalReviews": "18693",
        "subtitle": "Palmer's",
        "isPrimeEligible": "1"
    },
    {
        "ASIN": "B093VXR48L",
        "title": "Cetaphil Face Wash, Healthy Radiance Gentle Exfoliating Cleanser, Visibly Reduces Look of Dark Spots and Hyperpigmentation, Designed for Sensitive Skin, Hypoallergenic, Fragrance Free, 4.2oz",
        "price": "$7.19 ($1.71 / Fl Oz)",
        "listPrice": "$11.99 ($2.85 / Fl Oz)",
        "imageUrl": "https://m.media-amazon.com/images/I/31zwBVkjo7L._SL160_.jpg",
        "detailPageURL": "https://www.amazon.com/dp/B093VXR48L",
        "rating": "4.4",
        "totalReviews": "1527",
        "subtitle": "Cetaphil",
        "isPrimeEligible": "1"
    },
    {
        "ASIN": "B0C7FPNH48",
        "title": "Orange Exfoliating Whitening Gel, Gmeelan Orange Exfoliating Whitening Gel, Gmeelan Exfoliating Gel, Orange Exfoliating Gel Face Whitening, Gluta Whitening Lazy Cream Korean (2 bottle)",
        "price": "$11.99 ($6.00 / Ounce)",
        "listPrice": "",
        "imageUrl": "https://m.media-amazon.com/images/I/41YVgmfQfjL._SL160_.jpg",
        "detailPageURL": "https://www.amazon.com/dp/B0C7FPNH48",
        "rating": "3.9",
        "totalReviews": "20",
        "subtitle": "Wsrchh",
        "isPrimeEligible": "1"
    },
    {
        "ASIN": "B0B2W4NZ2Y",
        "title": "Vitamin C and Turmeric Face Scrub Cream Organics Microdermabrasion Facial Scrub Exfoliating Clears Blackheads Improve Dark Spot Acne with Strawberry Extract Exfoliator",
        "price": "$11.99 ($2.83 / Ounce)",
        "listPrice": "$14.99 ($3.54 / Ounce)",
        "imageUrl": "https://m.media-amazon.com/images/I/41tSVQpWbPL._SL160_.jpg",
        "detailPageURL": "https://www.amazon.com/dp/B0B2W4NZ2Y",
        "rating": "4.3",
        "totalReviews": "1411",
        "subtitle": "POP MODERN.C",
        "isPrimeEligible": "1"
    },
    {
        "ASIN": "B08MMYW9Q6",
        "title": "InstaNatural Brightening Vitamin C Face Scrub, Gently Exfoliates and Refines for Smooth Skin, Minimizes Lines + Wrinkles, with Green Tea and Aloe Vera, 2 Fl Oz",
        "price": "$16.95 ($8.48 / Fl Oz)",
        "listPrice": "$20.00 ($10.00 / Fl Oz)",
        "imageUrl": "https://m.media-amazon.com/images/I/51kADHAY3HL._SL160_.jpg",
        "detailPageURL": "https://www.amazon.com/dp/B08MMYW9Q6",
        "rating": "4.3",
        "totalReviews": "3594",
        "subtitle": "InstaNatural",
        "isPrimeEligible": "1"
    },
    {
        "ASIN": "B07XDTFQ9V",
        "title": "LILY SADO MATCHA MADE IN HEAVEN Sugar Facial Scrub - Best Daily Facial Exfoliating Cleanser for Women & Men - Vegan Face Wash Exfoliates Skin, Treats Acne, Reduces Pore Size - All Skin Types - 4 oz",
        "price": "$21.95 ($5.49 / Fl Oz)",
        "listPrice": "",
        "imageUrl": "https://m.media-amazon.com/images/I/513htmP7O-S._SL160_.jpg",
        "detailPageURL": "https://www.amazon.com/dp/B07XDTFQ9V",
        "rating": "4.5",
        "totalReviews": "688",
        "subtitle": "LILY SADO",
        "isPrimeEligible": "1"
    },
    {
        "ASIN": "B0B8666NWQ",
        "title": "Aveeno Calm + Restore Nourishing PHA Facial Exfoliator Daily for Sensitive Skin, Fragrance-Free & Non-Abrasive Oat Formula to Gently Exfoliate & Cleanse Skin, Hypoallergenic, 4 fl. Oz",
        "price": "$10.67 ($2.67 / Ounce)",
        "listPrice": "$14.29 ($3.57 / Ounce)",
        "imageUrl": "https://m.media-amazon.com/images/I/41zXfAIWFuL._SL160_.jpg",
        "detailPageURL": "https://www.amazon.com/dp/B0B8666NWQ",
        "rating": "4.5",
        "totalReviews": "10666",
        "subtitle": "Aveeno",
        "isPrimeEligible": "1"
    },
    {
        "ASIN": "B072ZYGB95",
        "title": "TailaiMei Exfoliating Brush for Ingrown Hair Treatment - to Treat and Prevent Bikini Bumps, Razor Bumps - Silky Smooth Skin Solution for Men and Women",
        "price": "$5.99",
        "listPrice": "",
        "imageUrl": "https://m.media-amazon.com/images/I/41CJrWph9TL._SL160_.jpg",
        "detailPageURL": "https://www.amazon.com/dp/B072ZYGB95",
        "rating": "4.0",
        "totalReviews": "5182",
        "subtitle": "TailaiMei",
        "isPrimeEligible": "1"
    },
    {
        "ASIN": "B089TPYFX3",
        "title": "StriVectin Advanced Resurfacing Daily Reveal Exfoliating Face Pads, Visibly Smooths & Brightens Skin, Reduces Blackheads 60 ct",
        "price": "$45.00 ($0.75 / Count)",
        "listPrice": "",
        "imageUrl": "https://m.media-amazon.com/images/I/41V+ce89Q9L._SL160_.jpg",
        "detailPageURL": "https://www.amazon.com/dp/B089TPYFX3",
        "rating": "4.6",
        "totalReviews": "315",
        "subtitle": "",
        "isPrimeEligible": "1"
    },
    {
        "ASIN": "B07L1DVWT9",
        "title": "Palmer's Coconut Oil Formula Coconut Sugar Facial Scrub Exfoliator, Face Scrub to Gently Exfoliate Away Dirt and Dead Skin Cells with Chamomile to Soften & Calm, 3.17 Ounces (Pack of 1)",
        "price": "$8.99 ($2.84 / Ounce)",
        "listPrice": "$9.88 ($3.12 / Ounce)",
        "imageUrl": "https://m.media-amazon.com/images/I/41mAehFjeXL._SL160_.jpg",
        "detailPageURL": "https://www.amazon.com/dp/B07L1DVWT9",
        "rating": "4.6",
        "totalReviews": "18693",
        "subtitle": "Palmer's",
        "isPrimeEligible": "1"
    },
    {
        "ASIN": "B093VXR48L",
        "title": "Cetaphil Face Wash, Healthy Radiance Gentle Exfoliating Cleanser, Visibly Reduces Look of Dark Spots and Hyperpigmentation, Designed for Sensitive Skin, Hypoallergenic, Fragrance Free, 4.2oz",
        "price": "$7.19 ($1.71 / Fl Oz)",
        "listPrice": "$11.99 ($2.85 / Fl Oz)",
        "imageUrl": "https://m.media-amazon.com/images/I/31zwBVkjo7L._SL160_.jpg",
        "detailPageURL": "https://www.amazon.com/dp/B093VXR48L",
        "rating": "4.4",
        "totalReviews": "1527",
        "subtitle": "Cetaphil",
        "isPrimeEligible": "1"
    },
    {
        "ASIN": "B0C7FPNH48",
        "title": "Orange Exfoliating Whitening Gel, Gmeelan Orange Exfoliating Whitening Gel, Gmeelan Exfoliating Gel, Orange Exfoliating Gel Face Whitening, Gluta Whitening Lazy Cream Korean (2 bottle)",
        "price": "$11.99 ($6.00 / Ounce)",
        "listPrice": "",
        "imageUrl": "https://m.media-amazon.com/images/I/41YVgmfQfjL._SL160_.jpg",
        "detailPageURL": "https://www.amazon.com/dp/B0C7FPNH48",
        "rating": "3.9",
        "totalReviews": "20",
        "subtitle": "Wsrchh",
        "isPrimeEligible": "1"
    },
    {
        "ASIN": "B0B2W4NZ2Y",
        "title": "Vitamin C and Turmeric Face Scrub Cream Organics Microdermabrasion Facial Scrub Exfoliating Clears Blackheads Improve Dark Spot Acne with Strawberry Extract Exfoliator",
        "price": "$11.99 ($2.83 / Ounce)",
        "listPrice": "$14.99 ($3.54 / Ounce)",
        "imageUrl": "https://m.media-amazon.com/images/I/41tSVQpWbPL._SL160_.jpg",
        "detailPageURL": "https://www.amazon.com/dp/B0B2W4NZ2Y",
        "rating": "4.3",
        "totalReviews": "1411",
        "subtitle": "POP MODERN.C",
        "isPrimeEligible": "1"
    },
    {
        "ASIN": "B08MMYW9Q6",
        "title": "InstaNatural Brightening Vitamin C Face Scrub, Gently Exfoliates and Refines for Smooth Skin, Minimizes Lines + Wrinkles, with Green Tea and Aloe Vera, 2 Fl Oz",
        "price": "$16.95 ($8.48 / Fl Oz)",
        "listPrice": "$20.00 ($10.00 / Fl Oz)",
        "imageUrl": "https://m.media-amazon.com/images/I/51kADHAY3HL._SL160_.jpg",
        "detailPageURL": "https://www.amazon.com/dp/B08MMYW9Q6",
        "rating": "4.3",
        "totalReviews": "3594",
        "subtitle": "InstaNatural",
        "isPrimeEligible": "1"
    },
    {
        "ASIN": "B07XDTFQ9V",
        "title": "LILY SADO MATCHA MADE IN HEAVEN Sugar Facial Scrub - Best Daily Facial Exfoliating Cleanser for Women & Men - Vegan Face Wash Exfoliates Skin, Treats Acne, Reduces Pore Size - All Skin Types - 4 oz",
        "price": "$21.95 ($5.49 / Fl Oz)",
        "listPrice": "",
        "imageUrl": "https://m.media-amazon.com/images/I/513htmP7O-S._SL160_.jpg",
        "detailPageURL": "https://www.amazon.com/dp/B07XDTFQ9V",
        "rating": "4.5",
        "totalReviews": "688",
        "subtitle": "LILY SADO",
        "isPrimeEligible": "1"
    },
    {
        "ASIN": "B0B63WB7J3",
        "title": "2Pcs Magic Exfoliating Bath Sponge,3D Super Soft Exfoliating Bath Sponge, Skin Friendly and Reusable for Adults Children and Pregnant Women. (Blue+Pink)",
        "price": "$7.99 ($2.66 / Count)",
        "listPrice": "",
        "imageUrl": "https://m.media-amazon.com/images/I/41gfmktTvFL._SL160_.jpg",
        "detailPageURL": "https://www.amazon.com/dp/B0B63WB7J3",
        "rating": "2.8",
        "totalReviews": "107",
        "subtitle": "Axnzp",
        "isPrimeEligible": "1"
    },
    {
        "ASIN": "B072ZYGB95",
        "title": "TailaiMei Exfoliating Brush for Ingrown Hair Treatment - to Treat and Prevent Bikini Bumps, Razor Bumps - Silky Smooth Skin Solution for Men and Women",
        "price": "$5.99",
        "listPrice": "",
        "imageUrl": "https://m.media-amazon.com/images/I/41CJrWph9TL._SL160_.jpg",
        "detailPageURL": "https://www.amazon.com/dp/B072ZYGB95",
        "rating": "4.0",
        "totalReviews": "5182",
        "subtitle": "TailaiMei",
        "isPrimeEligible": "1"
    },
    {
        "ASIN": "B089TPYFX3",
        "title": "StriVectin Advanced Resurfacing Daily Reveal Exfoliating Face Pads, Visibly Smooths & Brightens Skin, Reduces Blackheads 60 ct",
        "price": "$45.00 ($0.75 / Count)",
        "listPrice": "",
        "imageUrl": "https://m.media-amazon.com/images/I/41V+ce89Q9L._SL160_.jpg",
        "detailPageURL": "https://www.amazon.com/dp/B089TPYFX3",
        "rating": "4.6",
        "totalReviews": "315",
        "subtitle": "",
        "isPrimeEligible": "1"
    },
    {
        "ASIN": "B07L1DVWT9",
        "title": "Palmer's Coconut Oil Formula Coconut Sugar Facial Scrub Exfoliator, Face Scrub to Gently Exfoliate Away Dirt and Dead Skin Cells with Chamomile to Soften & Calm, 3.17 Ounces (Pack of 1)",
        "price": "$8.99 ($2.84 / Ounce)",
        "listPrice": "$9.88 ($3.12 / Ounce)",
        "imageUrl": "https://m.media-amazon.com/images/I/41mAehFjeXL._SL160_.jpg",
        "detailPageURL": "https://www.amazon.com/dp/B07L1DVWT9",
        "rating": "4.6",
        "totalReviews": "18693",
        "subtitle": "Palmer's",
        "isPrimeEligible": "1"
    },
    {
        "ASIN": "B093VXR48L",
        "title": "Cetaphil Face Wash, Healthy Radiance Gentle Exfoliating Cleanser, Visibly Reduces Look of Dark Spots and Hyperpigmentation, Designed for Sensitive Skin, Hypoallergenic, Fragrance Free, 4.2oz",
        "price": "$7.19 ($1.71 / Fl Oz)",
        "listPrice": "$11.99 ($2.85 / Fl Oz)",
        "imageUrl": "https://m.media-amazon.com/images/I/31zwBVkjo7L._SL160_.jpg",
        "detailPageURL": "https://www.amazon.com/dp/B093VXR48L",
        "rating": "4.4",
        "totalReviews": "1527",
        "subtitle": "Cetaphil",
        "isPrimeEligible": "1"
    },
    {
        "ASIN": "B0C7FPNH48",
        "title": "Orange Exfoliating Whitening Gel, Gmeelan Orange Exfoliating Whitening Gel, Gmeelan Exfoliating Gel, Orange Exfoliating Gel Face Whitening, Gluta Whitening Lazy Cream Korean (2 bottle)",
        "price": "$11.99 ($6.00 / Ounce)",
        "listPrice": "",
        "imageUrl": "https://m.media-amazon.com/images/I/41YVgmfQfjL._SL160_.jpg",
        "detailPageURL": "https://www.amazon.com/dp/B0C7FPNH48",
        "rating": "3.9",
        "totalReviews": "20",
        "subtitle": "Wsrchh",
        "isPrimeEligible": "1"
    },
    {
        "ASIN": "B0B2W4NZ2Y",
        "title": "Vitamin C and Turmeric Face Scrub Cream Organics Microdermabrasion Facial Scrub Exfoliating Clears Blackheads Improve Dark Spot Acne with Strawberry Extract Exfoliator",
        "price": "$11.99 ($2.83 / Ounce)",
        "listPrice": "$14.99 ($3.54 / Ounce)",
        "imageUrl": "https://m.media-amazon.com/images/I/41tSVQpWbPL._SL160_.jpg",
        "detailPageURL": "https://www.amazon.com/dp/B0B2W4NZ2Y",
        "rating": "4.3",
        "totalReviews": "1411",
        "subtitle": "POP MODERN.C",
        "isPrimeEligible": "1"
    },
    {
        "ASIN": "B08MMYW9Q6",
        "title": "InstaNatural Brightening Vitamin C Face Scrub, Gently Exfoliates and Refines for Smooth Skin, Minimizes Lines + Wrinkles, with Green Tea and Aloe Vera, 2 Fl Oz",
        "price": "$16.95 ($8.48 / Fl Oz)",
        "listPrice": "$20.00 ($10.00 / Fl Oz)",
        "imageUrl": "https://m.media-amazon.com/images/I/51kADHAY3HL._SL160_.jpg",
        "detailPageURL": "https://www.amazon.com/dp/B08MMYW9Q6",
        "rating": "4.3",
        "totalReviews": "3594",
        "subtitle": "InstaNatural",
        "isPrimeEligible": "1"
    },
    {
        "ASIN": "B07XDTFQ9V",
        "title": "LILY SADO MATCHA MADE IN HEAVEN Sugar Facial Scrub - Best Daily Facial Exfoliating Cleanser for Women & Men - Vegan Face Wash Exfoliates Skin, Treats Acne, Reduces Pore Size - All Skin Types - 4 oz",
        "price": "$21.95 ($5.49 / Fl Oz)",
        "listPrice": "",
        "imageUrl": "https://m.media-amazon.com/images/I/513htmP7O-S._SL160_.jpg",
        "detailPageURL": "https://www.amazon.com/dp/B07XDTFQ9V",
        "rating": "4.5",
        "totalReviews": "688",
        "subtitle": "LILY SADO",
        "isPrimeEligible": "1"
    },
    {
        "ASIN": "B0B63WB7J3",
        "title": "2Pcs Magic Exfoliating Bath Sponge,3D Super Soft Exfoliating Bath Sponge, Skin Friendly and Reusable for Adults Children and Pregnant Women. (Blue+Pink)",
        "price": "$7.99 ($2.66 / Count)",
        "listPrice": "",
        "imageUrl": "https://m.media-amazon.com/images/I/41gfmktTvFL._SL160_.jpg",
        "detailPageURL": "https://www.amazon.com/dp/B0B63WB7J3",
        "rating": "2.8",
        "totalReviews": "107",
        "subtitle": "Axnzp",
        "isPrimeEligible": "1"
    },
    {
        "ASIN": "B01K8PEZMU",
        "title": "MAJESTIC PURE Himalayan Salt Body Scrub with Lychee Oil, Exfoliating Salt Scrub to Exfoliate & Moisturize Skin, Deep Cleansing - 10 oz",
        "price": "$14.95 ($1.50 / Fl Oz)",
        "listPrice": "$16.45 ($1.64 / Fl Oz)",
        "imageUrl": "https://m.media-amazon.com/images/I/51-1N5Bks9L._SL160_.jpg",
        "detailPageURL": "https://www.amazon.com/dp/B01K8PEZMU",
        "rating": "4.3",
        "totalReviews": "20559",
        "subtitle": "MAJESTIC PURE",
        "isPrimeEligible": "1"
    },
    {
        "ASIN": "B089TPYFX3",
        "title": "StriVectin Advanced Resurfacing Daily Reveal Exfoliating Face Pads, Visibly Smooths & Brightens Skin, Reduces Blackheads 60 ct",
        "price": "$45.00 ($0.75 / Count)",
        "listPrice": "",
        "imageUrl": "https://m.media-amazon.com/images/I/41V+ce89Q9L._SL160_.jpg",
        "detailPageURL": "https://www.amazon.com/dp/B089TPYFX3",
        "rating": "4.6",
        "totalReviews": "315",
        "subtitle": "",
        "isPrimeEligible": "1"
    },
    {
        "ASIN": "B07L1DVWT9",
        "title": "Palmer's Coconut Oil Formula Coconut Sugar Facial Scrub Exfoliator, Face Scrub to Gently Exfoliate Away Dirt and Dead Skin Cells with Chamomile to Soften & Calm, 3.17 Ounces (Pack of 1)",
        "price": "$8.99 ($2.84 / Ounce)",
        "listPrice": "$9.88 ($3.12 / Ounce)",
        "imageUrl": "https://m.media-amazon.com/images/I/41mAehFjeXL._SL160_.jpg",
        "detailPageURL": "https://www.amazon.com/dp/B07L1DVWT9",
        "rating": "4.6",
        "totalReviews": "18693",
        "subtitle": "Palmer's",
        "isPrimeEligible": "1"
    },
    {
        "ASIN": "B093VXR48L",
        "title": "Cetaphil Face Wash, Healthy Radiance Gentle Exfoliating Cleanser, Visibly Reduces Look of Dark Spots and Hyperpigmentation, Designed for Sensitive Skin, Hypoallergenic, Fragrance Free, 4.2oz",
        "price": "$7.19 ($1.71 / Fl Oz)",
        "listPrice": "$11.99 ($2.85 / Fl Oz)",
        "imageUrl": "https://m.media-amazon.com/images/I/31zwBVkjo7L._SL160_.jpg",
        "detailPageURL": "https://www.amazon.com/dp/B093VXR48L",
        "rating": "4.4",
        "totalReviews": "1527",
        "subtitle": "Cetaphil",
        "isPrimeEligible": "1"
    },
    {
        "ASIN": "B0C7FPNH48",
        "title": "Orange Exfoliating Whitening Gel, Gmeelan Orange Exfoliating Whitening Gel, Gmeelan Exfoliating Gel, Orange Exfoliating Gel Face Whitening, Gluta Whitening Lazy Cream Korean (2 bottle)",
        "price": "$11.99 ($6.00 / Ounce)",
        "listPrice": "",
        "imageUrl": "https://m.media-amazon.com/images/I/41YVgmfQfjL._SL160_.jpg",
        "detailPageURL": "https://www.amazon.com/dp/B0C7FPNH48",
        "rating": "3.9",
        "totalReviews": "20",
        "subtitle": "Wsrchh",
        "isPrimeEligible": "1"
    },
    {
        "ASIN": "B0B2W4NZ2Y",
        "title": "Vitamin C and Turmeric Face Scrub Cream Organics Microdermabrasion Facial Scrub Exfoliating Clears Blackheads Improve Dark Spot Acne with Strawberry Extract Exfoliator",
        "price": "$11.99 ($2.83 / Ounce)",
        "listPrice": "$14.99 ($3.54 / Ounce)",
        "imageUrl": "https://m.media-amazon.com/images/I/41tSVQpWbPL._SL160_.jpg",
        "detailPageURL": "https://www.amazon.com/dp/B0B2W4NZ2Y",
        "rating": "4.3",
        "totalReviews": "1411",
        "subtitle": "POP MODERN.C",
        "isPrimeEligible": "1"
    },
    {
        "ASIN": "B08MMYW9Q6",
        "title": "InstaNatural Brightening Vitamin C Face Scrub, Gently Exfoliates and Refines for Smooth Skin, Minimizes Lines + Wrinkles, with Green Tea and Aloe Vera, 2 Fl Oz",
        "price": "$16.95 ($8.48 / Fl Oz)",
        "listPrice": "$20.00 ($10.00 / Fl Oz)",
        "imageUrl": "https://m.media-amazon.com/images/I/51kADHAY3HL._SL160_.jpg",
        "detailPageURL": "https://www.amazon.com/dp/B08MMYW9Q6",
        "rating": "4.3",
        "totalReviews": "3594",
        "subtitle": "InstaNatural",
        "isPrimeEligible": "1"
    },
    {
        "ASIN": "B07XDTFQ9V",
        "title": "LILY SADO MATCHA MADE IN HEAVEN Sugar Facial Scrub - Best Daily Facial Exfoliating Cleanser for Women & Men - Vegan Face Wash Exfoliates Skin, Treats Acne, Reduces Pore Size - All Skin Types - 4 oz",
        "price": "$21.95 ($5.49 / Fl Oz)",
        "listPrice": "",
        "imageUrl": "https://m.media-amazon.com/images/I/513htmP7O-S._SL160_.jpg",
        "detailPageURL": "https://www.amazon.com/dp/B07XDTFQ9V",
        "rating": "4.5",
        "totalReviews": "688",
        "subtitle": "LILY SADO",
        "isPrimeEligible": "1"
    },
    {
        "ASIN": "B0B63WB7J3",
        "title": "2Pcs Magic Exfoliating Bath Sponge,3D Super Soft Exfoliating Bath Sponge, Skin Friendly and Reusable for Adults Children and Pregnant Women. (Blue+Pink)",
        "price": "$7.99 ($2.66 / Count)",
        "listPrice": "",
        "imageUrl": "https://m.media-amazon.com/images/I/41gfmktTvFL._SL160_.jpg",
        "detailPageURL": "https://www.amazon.com/dp/B0B63WB7J3",
        "rating": "2.8",
        "totalReviews": "107",
        "subtitle": "Axnzp",
        "isPrimeEligible": "1"
    },
    {
        "ASIN": "B01K8PEZMU",
        "title": "MAJESTIC PURE Himalayan Salt Body Scrub with Lychee Oil, Exfoliating Salt Scrub to Exfoliate & Moisturize Skin, Deep Cleansing - 10 oz",
        "price": "$14.95 ($1.50 / Fl Oz)",
        "listPrice": "$16.45 ($1.64 / Fl Oz)",
        "imageUrl": "https://m.media-amazon.com/images/I/51-1N5Bks9L._SL160_.jpg",
        "detailPageURL": "https://www.amazon.com/dp/B01K8PEZMU",
        "rating": "4.3",
        "totalReviews": "20559",
        "subtitle": "MAJESTIC PURE",
        "isPrimeEligible": "1"
    },
    {
        "ASIN": "B07TCL68RF",
        "title": "Neutrogena Bright Boost Resurfacing Facial Exfoliator with Glycolic and Mandelic AHAs Gentle Skin Resurfacing Face Cleanser for Bright Smooth Skin, Micro Polish, 2.6 Fl Oz",
        "price": "$9.75 ($3.75 / Fl Oz)",
        "listPrice": "$12.00 ($4.62 / Fl Oz)",
        "imageUrl": "https://m.media-amazon.com/images/I/31zC+rZ9doL._SL160_.jpg",
        "detailPageURL": "https://www.amazon.com/dp/B07TCL68RF",
        "rating": "4.5",
        "totalReviews": "4616",
        "subtitle": "Neutrogena",
        "isPrimeEligible": "1"
    },
    {
        "ASIN": "B07L1DVWT9",
        "title": "Palmer's Coconut Oil Formula Coconut Sugar Facial Scrub Exfoliator, Face Scrub to Gently Exfoliate Away Dirt and Dead Skin Cells with Chamomile to Soften & Calm, 3.17 Ounces (Pack of 1)",
        "price": "$8.99 ($2.84 / Ounce)",
        "listPrice": "$9.88 ($3.12 / Ounce)",
        "imageUrl": "https://m.media-amazon.com/images/I/41mAehFjeXL._SL160_.jpg",
        "detailPageURL": "https://www.amazon.com/dp/B07L1DVWT9",
        "rating": "4.6",
        "totalReviews": "18693",
        "subtitle": "Palmer's",
        "isPrimeEligible": "1"
    },
    {
        "ASIN": "B093VXR48L",
        "title": "Cetaphil Face Wash, Healthy Radiance Gentle Exfoliating Cleanser, Visibly Reduces Look of Dark Spots and Hyperpigmentation, Designed for Sensitive Skin, Hypoallergenic, Fragrance Free, 4.2oz",
        "price": "$7.19 ($1.71 / Fl Oz)",
        "listPrice": "$11.99 ($2.85 / Fl Oz)",
        "imageUrl": "https://m.media-amazon.com/images/I/31zwBVkjo7L._SL160_.jpg",
        "detailPageURL": "https://www.amazon.com/dp/B093VXR48L",
        "rating": "4.4",
        "totalReviews": "1527",
        "subtitle": "Cetaphil",
        "isPrimeEligible": "1"
    },
    {
        "ASIN": "B0C7FPNH48",
        "title": "Orange Exfoliating Whitening Gel, Gmeelan Orange Exfoliating Whitening Gel, Gmeelan Exfoliating Gel, Orange Exfoliating Gel Face Whitening, Gluta Whitening Lazy Cream Korean (2 bottle)",
        "price": "$11.99 ($6.00 / Ounce)",
        "listPrice": "",
        "imageUrl": "https://m.media-amazon.com/images/I/41YVgmfQfjL._SL160_.jpg",
        "detailPageURL": "https://www.amazon.com/dp/B0C7FPNH48",
        "rating": "3.9",
        "totalReviews": "20",
        "subtitle": "Wsrchh",
        "isPrimeEligible": "1"
    },
    {
        "ASIN": "B0B2W4NZ2Y",
        "title": "Vitamin C and Turmeric Face Scrub Cream Organics Microdermabrasion Facial Scrub Exfoliating Clears Blackheads Improve Dark Spot Acne with Strawberry Extract Exfoliator",
        "price": "$11.99 ($2.83 / Ounce)",
        "listPrice": "$14.99 ($3.54 / Ounce)",
        "imageUrl": "https://m.media-amazon.com/images/I/41tSVQpWbPL._SL160_.jpg",
        "detailPageURL": "https://www.amazon.com/dp/B0B2W4NZ2Y",
        "rating": "4.3",
        "totalReviews": "1411",
        "subtitle": "POP MODERN.C",
        "isPrimeEligible": "1"
    },
    {
        "ASIN": "B08MMYW9Q6",
        "title": "InstaNatural Brightening Vitamin C Face Scrub, Gently Exfoliates and Refines for Smooth Skin, Minimizes Lines + Wrinkles, with Green Tea and Aloe Vera, 2 Fl Oz",
        "price": "$16.95 ($8.48 / Fl Oz)",
        "listPrice": "$20.00 ($10.00 / Fl Oz)",
        "imageUrl": "https://m.media-amazon.com/images/I/51kADHAY3HL._SL160_.jpg",
        "detailPageURL": "https://www.amazon.com/dp/B08MMYW9Q6",
        "rating": "4.3",
        "totalReviews": "3594",
        "subtitle": "InstaNatural",
        "isPrimeEligible": "1"
    },
    {
        "ASIN": "B07XDTFQ9V",
        "title": "LILY SADO MATCHA MADE IN HEAVEN Sugar Facial Scrub - Best Daily Facial Exfoliating Cleanser for Women & Men - Vegan Face Wash Exfoliates Skin, Treats Acne, Reduces Pore Size - All Skin Types - 4 oz",
        "price": "$21.95 ($5.49 / Fl Oz)",
        "listPrice": "",
        "imageUrl": "https://m.media-amazon.com/images/I/513htmP7O-S._SL160_.jpg",
        "detailPageURL": "https://www.amazon.com/dp/B07XDTFQ9V",
        "rating": "4.5",
        "totalReviews": "688",
        "subtitle": "LILY SADO",
        "isPrimeEligible": "1"
    },
    {
        "ASIN": "B0B63WB7J3",
        "title": "2Pcs Magic Exfoliating Bath Sponge,3D Super Soft Exfoliating Bath Sponge, Skin Friendly and Reusable for Adults Children and Pregnant Women. (Blue+Pink)",
        "price": "$7.99 ($2.66 / Count)",
        "listPrice": "",
        "imageUrl": "https://m.media-amazon.com/images/I/41gfmktTvFL._SL160_.jpg",
        "detailPageURL": "https://www.amazon.com/dp/B0B63WB7J3",
        "rating": "2.8",
        "totalReviews": "107",
        "subtitle": "Axnzp",
        "isPrimeEligible": "1"
    },
    {
        "ASIN": "B01K8PEZMU",
        "title": "MAJESTIC PURE Himalayan Salt Body Scrub with Lychee Oil, Exfoliating Salt Scrub to Exfoliate & Moisturize Skin, Deep Cleansing - 10 oz",
        "price": "$14.95 ($1.50 / Fl Oz)",
        "listPrice": "$16.45 ($1.64 / Fl Oz)",
        "imageUrl": "https://m.media-amazon.com/images/I/51-1N5Bks9L._SL160_.jpg",
        "detailPageURL": "https://www.amazon.com/dp/B01K8PEZMU",
        "rating": "4.3",
        "totalReviews": "20559",
        "subtitle": "MAJESTIC PURE",
        "isPrimeEligible": "1"
    },
    {
        "ASIN": "B07TCL68RF",
        "title": "Neutrogena Bright Boost Resurfacing Facial Exfoliator with Glycolic and Mandelic AHAs Gentle Skin Resurfacing Face Cleanser for Bright Smooth Skin, Micro Polish, 2.6 Fl Oz",
        "price": "$9.75 ($3.75 / Fl Oz)",
        "listPrice": "$12.00 ($4.62 / Fl Oz)",
        "imageUrl": "https://m.media-amazon.com/images/I/31zC+rZ9doL._SL160_.jpg",
        "detailPageURL": "https://www.amazon.com/dp/B07TCL68RF",
        "rating": "4.5",
        "totalReviews": "4616",
        "subtitle": "Neutrogena",
        "isPrimeEligible": "1"
    },
    {
        "ASIN": "B0B461YNL2",
        "title": "Sibba 2 Pair Bath Gloves for Shower Natural Loofah Exfoliating Wash Gloves for Body and Face, Dead Skin Remover, Double Sided Microfibre Shower Body Gloves for Adults and Kids",
        "price": "$5.59 ($1.40 / Count)",
        "listPrice": "",
        "imageUrl": "https://m.media-amazon.com/images/I/51l5r9yJrCL._SL160_.jpg",
        "detailPageURL": "https://www.amazon.com/dp/B0B461YNL2",
        "rating": "4.5",
        "totalReviews": "281",
        "subtitle": "Sibba",
        "isPrimeEligible": "1"
    },
    {
        "ASIN": "B093VXR48L",
        "title": "Cetaphil Face Wash, Healthy Radiance Gentle Exfoliating Cleanser, Visibly Reduces Look of Dark Spots and Hyperpigmentation, Designed for Sensitive Skin, Hypoallergenic, Fragrance Free, 4.2oz",
        "price": "$7.19 ($1.71 / Fl Oz)",
        "listPrice": "$11.99 ($2.85 / Fl Oz)",
        "imageUrl": "https://m.media-amazon.com/images/I/31zwBVkjo7L._SL160_.jpg",
        "detailPageURL": "https://www.amazon.com/dp/B093VXR48L",
        "rating": "4.4",
        "totalReviews": "1527",
        "subtitle": "Cetaphil",
        "isPrimeEligible": "1"
    },
    {
        "ASIN": "B0C7FPNH48",
        "title": "Orange Exfoliating Whitening Gel, Gmeelan Orange Exfoliating Whitening Gel, Gmeelan Exfoliating Gel, Orange Exfoliating Gel Face Whitening, Gluta Whitening Lazy Cream Korean (2 bottle)",
        "price": "$11.99 ($6.00 / Ounce)",
        "listPrice": "",
        "imageUrl": "https://m.media-amazon.com/images/I/41YVgmfQfjL._SL160_.jpg",
        "detailPageURL": "https://www.amazon.com/dp/B0C7FPNH48",
        "rating": "3.9",
        "totalReviews": "20",
        "subtitle": "Wsrchh",
        "isPrimeEligible": "1"
    },
    {
        "ASIN": "B0B2W4NZ2Y",
        "title": "Vitamin C and Turmeric Face Scrub Cream Organics Microdermabrasion Facial Scrub Exfoliating Clears Blackheads Improve Dark Spot Acne with Strawberry Extract Exfoliator",
        "price": "$11.99 ($2.83 / Ounce)",
        "listPrice": "$14.99 ($3.54 / Ounce)",
        "imageUrl": "https://m.media-amazon.com/images/I/41tSVQpWbPL._SL160_.jpg",
        "detailPageURL": "https://www.amazon.com/dp/B0B2W4NZ2Y",
        "rating": "4.3",
        "totalReviews": "1411",
        "subtitle": "POP MODERN.C",
        "isPrimeEligible": "1"
    },
    {
        "ASIN": "B08MMYW9Q6",
        "title": "InstaNatural Brightening Vitamin C Face Scrub, Gently Exfoliates and Refines for Smooth Skin, Minimizes Lines + Wrinkles, with Green Tea and Aloe Vera, 2 Fl Oz",
        "price": "$16.95 ($8.48 / Fl Oz)",
        "listPrice": "$20.00 ($10.00 / Fl Oz)",
        "imageUrl": "https://m.media-amazon.com/images/I/51kADHAY3HL._SL160_.jpg",
        "detailPageURL": "https://www.amazon.com/dp/B08MMYW9Q6",
        "rating": "4.3",
        "totalReviews": "3594",
        "subtitle": "InstaNatural",
        "isPrimeEligible": "1"
    },
    {
        "ASIN": "B07XDTFQ9V",
        "title": "LILY SADO MATCHA MADE IN HEAVEN Sugar Facial Scrub - Best Daily Facial Exfoliating Cleanser for Women & Men - Vegan Face Wash Exfoliates Skin, Treats Acne, Reduces Pore Size - All Skin Types - 4 oz",
        "price": "$21.95 ($5.49 / Fl Oz)",
        "listPrice": "",
        "imageUrl": "https://m.media-amazon.com/images/I/513htmP7O-S._SL160_.jpg",
        "detailPageURL": "https://www.amazon.com/dp/B07XDTFQ9V",
        "rating": "4.5",
        "totalReviews": "688",
        "subtitle": "LILY SADO",
        "isPrimeEligible": "1"
    },
    {
        "ASIN": "B0B63WB7J3",
        "title": "2Pcs Magic Exfoliating Bath Sponge,3D Super Soft Exfoliating Bath Sponge, Skin Friendly and Reusable for Adults Children and Pregnant Women. (Blue+Pink)",
        "price": "$7.99 ($2.66 / Count)",
        "listPrice": "",
        "imageUrl": "https://m.media-amazon.com/images/I/41gfmktTvFL._SL160_.jpg",
        "detailPageURL": "https://www.amazon.com/dp/B0B63WB7J3",
        "rating": "2.8",
        "totalReviews": "107",
        "subtitle": "Axnzp",
        "isPrimeEligible": "1"
    },
    {
        "ASIN": "B01K8PEZMU",
        "title": "MAJESTIC PURE Himalayan Salt Body Scrub with Lychee Oil, Exfoliating Salt Scrub to Exfoliate & Moisturize Skin, Deep Cleansing - 10 oz",
        "price": "$14.95 ($1.50 / Fl Oz)",
        "listPrice": "$16.45 ($1.64 / Fl Oz)",
        "imageUrl": "https://m.media-amazon.com/images/I/51-1N5Bks9L._SL160_.jpg",
        "detailPageURL": "https://www.amazon.com/dp/B01K8PEZMU",
        "rating": "4.3",
        "totalReviews": "20559",
        "subtitle": "MAJESTIC PURE",
        "isPrimeEligible": "1"
    },
    {
        "ASIN": "B07TCL68RF",
        "title": "Neutrogena Bright Boost Resurfacing Facial Exfoliator with Glycolic and Mandelic AHAs Gentle Skin Resurfacing Face Cleanser for Bright Smooth Skin, Micro Polish, 2.6 Fl Oz",
        "price": "$9.75 ($3.75 / Fl Oz)",
        "listPrice": "$12.00 ($4.62 / Fl Oz)",
        "imageUrl": "https://m.media-amazon.com/images/I/31zC+rZ9doL._SL160_.jpg",
        "detailPageURL": "https://www.amazon.com/dp/B07TCL68RF",
        "rating": "4.5",
        "totalReviews": "4616",
        "subtitle": "Neutrogena",
        "isPrimeEligible": "1"
    },
    {
        "ASIN": "B0B461YNL2",
        "title": "Sibba 2 Pair Bath Gloves for Shower Natural Loofah Exfoliating Wash Gloves for Body and Face, Dead Skin Remover, Double Sided Microfibre Shower Body Gloves for Adults and Kids",
        "price": "$5.59 ($1.40 / Count)",
        "listPrice": "",
        "imageUrl": "https://m.media-amazon.com/images/I/51l5r9yJrCL._SL160_.jpg",
        "detailPageURL": "https://www.amazon.com/dp/B0B461YNL2",
        "rating": "4.5",
        "totalReviews": "281",
        "subtitle": "Sibba",
        "isPrimeEligible": "1"
    },
    {
        "ASIN": "B09CBF7ZCY",
        "title": "Peach Slices | Acne Exfoliating Toner | 2% Salicylic Acid | AHA+BHA Exfoliation | Facial Cleanser | Calms & Soothes | Prevents Breakouts | Alcohol & Sulfate Free | Skin Care for Women & Men | 4 Oz",
        "price": "$10.99 ($2.75 / Fl Oz)",
        "listPrice": "",
        "imageUrl": "https://m.media-amazon.com/images/I/31RIWjJi3+L._SL160_.jpg",
        "detailPageURL": "https://www.amazon.com/dp/B09CBF7ZCY",
        "rating": "4.5",
        "totalReviews": "1613",
        "subtitle": "",
        "isPrimeEligible": "1"
    },
    {
        "ASIN": "B0C7FPNH48",
        "title": "Orange Exfoliating Whitening Gel, Gmeelan Orange Exfoliating Whitening Gel, Gmeelan Exfoliating Gel, Orange Exfoliating Gel Face Whitening, Gluta Whitening Lazy Cream Korean (2 bottle)",
        "price": "$11.99 ($6.00 / Ounce)",
        "listPrice": "",
        "imageUrl": "https://m.media-amazon.com/images/I/41YVgmfQfjL._SL160_.jpg",
        "detailPageURL": "https://www.amazon.com/dp/B0C7FPNH48",
        "rating": "3.9",
        "totalReviews": "20",
        "subtitle": "Wsrchh",
        "isPrimeEligible": "1"
    },
    {
        "ASIN": "B0B2W4NZ2Y",
        "title": "Vitamin C and Turmeric Face Scrub Cream Organics Microdermabrasion Facial Scrub Exfoliating Clears Blackheads Improve Dark Spot Acne with Strawberry Extract Exfoliator",
        "price": "$11.99 ($2.83 / Ounce)",
        "listPrice": "$14.99 ($3.54 / Ounce)",
        "imageUrl": "https://m.media-amazon.com/images/I/41tSVQpWbPL._SL160_.jpg",
        "detailPageURL": "https://www.amazon.com/dp/B0B2W4NZ2Y",
        "rating": "4.3",
        "totalReviews": "1411",
        "subtitle": "POP MODERN.C",
        "isPrimeEligible": "1"
    },
    {
        "ASIN": "B08MMYW9Q6",
        "title": "InstaNatural Brightening Vitamin C Face Scrub, Gently Exfoliates and Refines for Smooth Skin, Minimizes Lines + Wrinkles, with Green Tea and Aloe Vera, 2 Fl Oz",
        "price": "$16.95 ($8.48 / Fl Oz)",
        "listPrice": "$20.00 ($10.00 / Fl Oz)",
        "imageUrl": "https://m.media-amazon.com/images/I/51kADHAY3HL._SL160_.jpg",
        "detailPageURL": "https://www.amazon.com/dp/B08MMYW9Q6",
        "rating": "4.3",
        "totalReviews": "3594",
        "subtitle": "InstaNatural",
        "isPrimeEligible": "1"
    },
    {
        "ASIN": "B07XDTFQ9V",
        "title": "LILY SADO MATCHA MADE IN HEAVEN Sugar Facial Scrub - Best Daily Facial Exfoliating Cleanser for Women & Men - Vegan Face Wash Exfoliates Skin, Treats Acne, Reduces Pore Size - All Skin Types - 4 oz",
        "price": "$21.95 ($5.49 / Fl Oz)",
        "listPrice": "",
        "imageUrl": "https://m.media-amazon.com/images/I/513htmP7O-S._SL160_.jpg",
        "detailPageURL": "https://www.amazon.com/dp/B07XDTFQ9V",
        "rating": "4.5",
        "totalReviews": "688",
        "subtitle": "LILY SADO",
        "isPrimeEligible": "1"
    },
    {
        "ASIN": "B0B63WB7J3",
        "title": "2Pcs Magic Exfoliating Bath Sponge,3D Super Soft Exfoliating Bath Sponge, Skin Friendly and Reusable for Adults Children and Pregnant Women. (Blue+Pink)",
        "price": "$7.99 ($2.66 / Count)",
        "listPrice": "",
        "imageUrl": "https://m.media-amazon.com/images/I/41gfmktTvFL._SL160_.jpg",
        "detailPageURL": "https://www.amazon.com/dp/B0B63WB7J3",
        "rating": "2.8",
        "totalReviews": "107",
        "subtitle": "Axnzp",
        "isPrimeEligible": "1"
    },
    {
        "ASIN": "B01K8PEZMU",
        "title": "MAJESTIC PURE Himalayan Salt Body Scrub with Lychee Oil, Exfoliating Salt Scrub to Exfoliate & Moisturize Skin, Deep Cleansing - 10 oz",
        "price": "$14.95 ($1.50 / Fl Oz)",
        "listPrice": "$16.45 ($1.64 / Fl Oz)",
        "imageUrl": "https://m.media-amazon.com/images/I/51-1N5Bks9L._SL160_.jpg",
        "detailPageURL": "https://www.amazon.com/dp/B01K8PEZMU",
        "rating": "4.3",
        "totalReviews": "20559",
        "subtitle": "MAJESTIC PURE",
        "isPrimeEligible": "1"
    },
    {
        "ASIN": "B07TCL68RF",
        "title": "Neutrogena Bright Boost Resurfacing Facial Exfoliator with Glycolic and Mandelic AHAs Gentle Skin Resurfacing Face Cleanser for Bright Smooth Skin, Micro Polish, 2.6 Fl Oz",
        "price": "$9.75 ($3.75 / Fl Oz)",
        "listPrice": "$12.00 ($4.62 / Fl Oz)",
        "imageUrl": "https://m.media-amazon.com/images/I/31zC+rZ9doL._SL160_.jpg",
        "detailPageURL": "https://www.amazon.com/dp/B07TCL68RF",
        "rating": "4.5",
        "totalReviews": "4616",
        "subtitle": "Neutrogena",
        "isPrimeEligible": "1"
    },
    {
        "ASIN": "B0B461YNL2",
        "title": "Sibba 2 Pair Bath Gloves for Shower Natural Loofah Exfoliating Wash Gloves for Body and Face, Dead Skin Remover, Double Sided Microfibre Shower Body Gloves for Adults and Kids",
        "price": "$5.59 ($1.40 / Count)",
        "listPrice": "",
        "imageUrl": "https://m.media-amazon.com/images/I/51l5r9yJrCL._SL160_.jpg",
        "detailPageURL": "https://www.amazon.com/dp/B0B461YNL2",
        "rating": "4.5",
        "totalReviews": "281",
        "subtitle": "Sibba",
        "isPrimeEligible": "1"
    },
    {
        "ASIN": "B09CBF7ZCY",
        "title": "Peach Slices | Acne Exfoliating Toner | 2% Salicylic Acid | AHA+BHA Exfoliation | Facial Cleanser | Calms & Soothes | Prevents Breakouts | Alcohol & Sulfate Free | Skin Care for Women & Men | 4 Oz",
        "price": "$10.99 ($2.75 / Fl Oz)",
        "listPrice": "",
        "imageUrl": "https://m.media-amazon.com/images/I/31RIWjJi3+L._SL160_.jpg",
        "detailPageURL": "https://www.amazon.com/dp/B09CBF7ZCY",
        "rating": "4.5",
        "totalReviews": "1613",
        "subtitle": "",
        "isPrimeEligible": "1"
    },
    {
        "ASIN": "B0BQP7DTTL",
        "title": "Billie Body Buffer - Pre-shave Exfoliating Bar - 3.5 oz",
        "price": "$6.97 ($1.99 / Ounce)",
        "listPrice": "",
        "imageUrl": "https://m.media-amazon.com/images/I/31MU5zkSWVL._SL160_.jpg",
        "detailPageURL": "https://www.amazon.com/dp/B0BQP7DTTL",
        "rating": "4.5",
        "totalReviews": "452",
        "subtitle": "Billie",
        "isPrimeEligible": "1"
    },
    {
        "ASIN": "B0B2W4NZ2Y",
        "title": "Vitamin C and Turmeric Face Scrub Cream Organics Microdermabrasion Facial Scrub Exfoliating Clears Blackheads Improve Dark Spot Acne with Strawberry Extract Exfoliator",
        "price": "$11.99 ($2.83 / Ounce)",
        "listPrice": "$14.99 ($3.54 / Ounce)",
        "imageUrl": "https://m.media-amazon.com/images/I/41tSVQpWbPL._SL160_.jpg",
        "detailPageURL": "https://www.amazon.com/dp/B0B2W4NZ2Y",
        "rating": "4.3",
        "totalReviews": "1411",
        "subtitle": "POP MODERN.C",
        "isPrimeEligible": "1"
    },
    {
        "ASIN": "B08MMYW9Q6",
        "title": "InstaNatural Brightening Vitamin C Face Scrub, Gently Exfoliates and Refines for Smooth Skin, Minimizes Lines + Wrinkles, with Green Tea and Aloe Vera, 2 Fl Oz",
        "price": "$16.95 ($8.48 / Fl Oz)",
        "listPrice": "$20.00 ($10.00 / Fl Oz)",
        "imageUrl": "https://m.media-amazon.com/images/I/51kADHAY3HL._SL160_.jpg",
        "detailPageURL": "https://www.amazon.com/dp/B08MMYW9Q6",
        "rating": "4.3",
        "totalReviews": "3594",
        "subtitle": "InstaNatural",
        "isPrimeEligible": "1"
    },
    {
        "ASIN": "B07XDTFQ9V",
        "title": "LILY SADO MATCHA MADE IN HEAVEN Sugar Facial Scrub - Best Daily Facial Exfoliating Cleanser for Women & Men - Vegan Face Wash Exfoliates Skin, Treats Acne, Reduces Pore Size - All Skin Types - 4 oz",
        "price": "$21.95 ($5.49 / Fl Oz)",
        "listPrice": "",
        "imageUrl": "https://m.media-amazon.com/images/I/513htmP7O-S._SL160_.jpg",
        "detailPageURL": "https://www.amazon.com/dp/B07XDTFQ9V",
        "rating": "4.5",
        "totalReviews": "688",
        "subtitle": "LILY SADO",
        "isPrimeEligible": "1"
    },
    {
        "ASIN": "B0B63WB7J3",
        "title": "2Pcs Magic Exfoliating Bath Sponge,3D Super Soft Exfoliating Bath Sponge, Skin Friendly and Reusable for Adults Children and Pregnant Women. (Blue+Pink)",
        "price": "$7.99 ($2.66 / Count)",
        "listPrice": "",
        "imageUrl": "https://m.media-amazon.com/images/I/41gfmktTvFL._SL160_.jpg",
        "detailPageURL": "https://www.amazon.com/dp/B0B63WB7J3",
        "rating": "2.8",
        "totalReviews": "107",
        "subtitle": "Axnzp",
        "isPrimeEligible": "1"
    },
    {
        "ASIN": "B01K8PEZMU",
        "title": "MAJESTIC PURE Himalayan Salt Body Scrub with Lychee Oil, Exfoliating Salt Scrub to Exfoliate & Moisturize Skin, Deep Cleansing - 10 oz",
        "price": "$14.95 ($1.50 / Fl Oz)",
        "listPrice": "$16.45 ($1.64 / Fl Oz)",
        "imageUrl": "https://m.media-amazon.com/images/I/51-1N5Bks9L._SL160_.jpg",
        "detailPageURL": "https://www.amazon.com/dp/B01K8PEZMU",
        "rating": "4.3",
        "totalReviews": "20559",
        "subtitle": "MAJESTIC PURE",
        "isPrimeEligible": "1"
    },
    {
        "ASIN": "B07TCL68RF",
        "title": "Neutrogena Bright Boost Resurfacing Facial Exfoliator with Glycolic and Mandelic AHAs Gentle Skin Resurfacing Face Cleanser for Bright Smooth Skin, Micro Polish, 2.6 Fl Oz",
        "price": "$9.75 ($3.75 / Fl Oz)",
        "listPrice": "$12.00 ($4.62 / Fl Oz)",
        "imageUrl": "https://m.media-amazon.com/images/I/31zC+rZ9doL._SL160_.jpg",
        "detailPageURL": "https://www.amazon.com/dp/B07TCL68RF",
        "rating": "4.5",
        "totalReviews": "4616",
        "subtitle": "Neutrogena",
        "isPrimeEligible": "1"
    },
    {
        "ASIN": "B0B461YNL2",
        "title": "Sibba 2 Pair Bath Gloves for Shower Natural Loofah Exfoliating Wash Gloves for Body and Face, Dead Skin Remover, Double Sided Microfibre Shower Body Gloves for Adults and Kids",
        "price": "$5.59 ($1.40 / Count)",
        "listPrice": "",
        "imageUrl": "https://m.media-amazon.com/images/I/51l5r9yJrCL._SL160_.jpg",
        "detailPageURL": "https://www.amazon.com/dp/B0B461YNL2",
        "rating": "4.5",
        "totalReviews": "281",
        "subtitle": "Sibba",
        "isPrimeEligible": "1"
    },
    {
        "ASIN": "B09CBF7ZCY",
        "title": "Peach Slices | Acne Exfoliating Toner | 2% Salicylic Acid | AHA+BHA Exfoliation | Facial Cleanser | Calms & Soothes | Prevents Breakouts | Alcohol & Sulfate Free | Skin Care for Women & Men | 4 Oz",
        "price": "$10.99 ($2.75 / Fl Oz)",
        "listPrice": "",
        "imageUrl": "https://m.media-amazon.com/images/I/31RIWjJi3+L._SL160_.jpg",
        "detailPageURL": "https://www.amazon.com/dp/B09CBF7ZCY",
        "rating": "4.5",
        "totalReviews": "1613",
        "subtitle": "",
        "isPrimeEligible": "1"
    },
    {
        "ASIN": "B0BQP7DTTL",
        "title": "Billie Body Buffer - Pre-shave Exfoliating Bar - 3.5 oz",
        "price": "$6.97 ($1.99 / Ounce)",
        "listPrice": "",
        "imageUrl": "https://m.media-amazon.com/images/I/31MU5zkSWVL._SL160_.jpg",
        "detailPageURL": "https://www.amazon.com/dp/B0BQP7DTTL",
        "rating": "4.5",
        "totalReviews": "452",
        "subtitle": "Billie",
        "isPrimeEligible": "1"
    },
    {
        "ASIN": "B07D8DBS7S",
        "title": "Paula's Choice Skin Perfecting 2% BHA Liquid Salicylic Acid Exfoliant Duo, Gentle Exfoliator for Blackheads, Large Pores, Wrinkles & Fine Lines, Includes 1 Full Size Bottle & 1 Travel Size Bottle",
        "price": "$42.00 ($21.00 / Count)",
        "listPrice": "$47.00 ($23.50 / Count)",
        "imageUrl": "https://m.media-amazon.com/images/I/41LzB9ooL8L._SL160_.jpg",
        "detailPageURL": "https://www.amazon.com/dp/B07D8DBS7S",
        "rating": "4.7",
        "totalReviews": "2227",
        "subtitle": "Paula's Choice",
        "isPrimeEligible": "1"
    },
    {
        "ASIN": "B08MMYW9Q6",
        "title": "InstaNatural Brightening Vitamin C Face Scrub, Gently Exfoliates and Refines for Smooth Skin, Minimizes Lines + Wrinkles, with Green Tea and Aloe Vera, 2 Fl Oz",
        "price": "$16.95 ($8.48 / Fl Oz)",
        "listPrice": "$20.00 ($10.00 / Fl Oz)",
        "imageUrl": "https://m.media-amazon.com/images/I/51kADHAY3HL._SL160_.jpg",
        "detailPageURL": "https://www.amazon.com/dp/B08MMYW9Q6",
        "rating": "4.3",
        "totalReviews": "3594",
        "subtitle": "InstaNatural",
        "isPrimeEligible": "1"
    },
    {
        "ASIN": "B07XDTFQ9V",
        "title": "LILY SADO MATCHA MADE IN HEAVEN Sugar Facial Scrub - Best Daily Facial Exfoliating Cleanser for Women & Men - Vegan Face Wash Exfoliates Skin, Treats Acne, Reduces Pore Size - All Skin Types - 4 oz",
        "price": "$21.95 ($5.49 / Fl Oz)",
        "listPrice": "",
        "imageUrl": "https://m.media-amazon.com/images/I/513htmP7O-S._SL160_.jpg",
        "detailPageURL": "https://www.amazon.com/dp/B07XDTFQ9V",
        "rating": "4.5",
        "totalReviews": "688",
        "subtitle": "LILY SADO",
        "isPrimeEligible": "1"
    },
    {
        "ASIN": "B0B63WB7J3",
        "title": "2Pcs Magic Exfoliating Bath Sponge,3D Super Soft Exfoliating Bath Sponge, Skin Friendly and Reusable for Adults Children and Pregnant Women. (Blue+Pink)",
        "price": "$7.99 ($2.66 / Count)",
        "listPrice": "",
        "imageUrl": "https://m.media-amazon.com/images/I/41gfmktTvFL._SL160_.jpg",
        "detailPageURL": "https://www.amazon.com/dp/B0B63WB7J3",
        "rating": "2.8",
        "totalReviews": "107",
        "subtitle": "Axnzp",
        "isPrimeEligible": "1"
    },
    {
        "ASIN": "B01K8PEZMU",
        "title": "MAJESTIC PURE Himalayan Salt Body Scrub with Lychee Oil, Exfoliating Salt Scrub to Exfoliate & Moisturize Skin, Deep Cleansing - 10 oz",
        "price": "$14.95 ($1.50 / Fl Oz)",
        "listPrice": "$16.45 ($1.64 / Fl Oz)",
        "imageUrl": "https://m.media-amazon.com/images/I/51-1N5Bks9L._SL160_.jpg",
        "detailPageURL": "https://www.amazon.com/dp/B01K8PEZMU",
        "rating": "4.3",
        "totalReviews": "20559",
        "subtitle": "MAJESTIC PURE",
        "isPrimeEligible": "1"
    },
    {
        "ASIN": "B07TCL68RF",
        "title": "Neutrogena Bright Boost Resurfacing Facial Exfoliator with Glycolic and Mandelic AHAs Gentle Skin Resurfacing Face Cleanser for Bright Smooth Skin, Micro Polish, 2.6 Fl Oz",
        "price": "$9.75 ($3.75 / Fl Oz)",
        "listPrice": "$12.00 ($4.62 / Fl Oz)",
        "imageUrl": "https://m.media-amazon.com/images/I/31zC+rZ9doL._SL160_.jpg",
        "detailPageURL": "https://www.amazon.com/dp/B07TCL68RF",
        "rating": "4.5",
        "totalReviews": "4616",
        "subtitle": "Neutrogena",
        "isPrimeEligible": "1"
    },
    {
        "ASIN": "B0B461YNL2",
        "title": "Sibba 2 Pair Bath Gloves for Shower Natural Loofah Exfoliating Wash Gloves for Body and Face, Dead Skin Remover, Double Sided Microfibre Shower Body Gloves for Adults and Kids",
        "price": "$5.59 ($1.40 / Count)",
        "listPrice": "",
        "imageUrl": "https://m.media-amazon.com/images/I/51l5r9yJrCL._SL160_.jpg",
        "detailPageURL": "https://www.amazon.com/dp/B0B461YNL2",
        "rating": "4.5",
        "totalReviews": "281",
        "subtitle": "Sibba",
        "isPrimeEligible": "1"
    },
    {
        "ASIN": "B09CBF7ZCY",
        "title": "Peach Slices | Acne Exfoliating Toner | 2% Salicylic Acid | AHA+BHA Exfoliation | Facial Cleanser | Calms & Soothes | Prevents Breakouts | Alcohol & Sulfate Free | Skin Care for Women & Men | 4 Oz",
        "price": "$10.99 ($2.75 / Fl Oz)",
        "listPrice": "",
        "imageUrl": "https://m.media-amazon.com/images/I/31RIWjJi3+L._SL160_.jpg",
        "detailPageURL": "https://www.amazon.com/dp/B09CBF7ZCY",
        "rating": "4.5",
        "totalReviews": "1613",
        "subtitle": "",
        "isPrimeEligible": "1"
    },
    {
        "ASIN": "B0BQP7DTTL",
        "title": "Billie Body Buffer - Pre-shave Exfoliating Bar - 3.5 oz",
        "price": "$6.97 ($1.99 / Ounce)",
        "listPrice": "",
        "imageUrl": "https://m.media-amazon.com/images/I/31MU5zkSWVL._SL160_.jpg",
        "detailPageURL": "https://www.amazon.com/dp/B0BQP7DTTL",
        "rating": "4.5",
        "totalReviews": "452",
        "subtitle": "Billie",
        "isPrimeEligible": "1"
    },
    {
        "ASIN": "B07D8DBS7S",
        "title": "Paula's Choice Skin Perfecting 2% BHA Liquid Salicylic Acid Exfoliant Duo, Gentle Exfoliator for Blackheads, Large Pores, Wrinkles & Fine Lines, Includes 1 Full Size Bottle & 1 Travel Size Bottle",
        "price": "$42.00 ($21.00 / Count)",
        "listPrice": "$47.00 ($23.50 / Count)",
        "imageUrl": "https://m.media-amazon.com/images/I/41LzB9ooL8L._SL160_.jpg",
        "detailPageURL": "https://www.amazon.com/dp/B07D8DBS7S",
        "rating": "4.7",
        "totalReviews": "2227",
        "subtitle": "Paula's Choice",
        "isPrimeEligible": "1"
    },
    {
        "ASIN": "B00AFYAXEO",
        "title": "Paula's Choice CLEAR Regular Strength Exfoliator, 2% Salicylic Acid Exfoliant for Acne, Redness Relief, 4 Ounce",
        "price": "$34.00 ($8.50 / Fl Oz)",
        "listPrice": "",
        "imageUrl": "https://m.media-amazon.com/images/I/31cma3o-FwL._SL160_.jpg",
        "detailPageURL": "https://www.amazon.com/dp/B00AFYAXEO",
        "rating": "4.5",
        "totalReviews": "1414",
        "subtitle": "Paula's Choice",
        "isPrimeEligible": "1"
    },
    {
        "ASIN": "B07XDTFQ9V",
        "title": "LILY SADO MATCHA MADE IN HEAVEN Sugar Facial Scrub - Best Daily Facial Exfoliating Cleanser for Women & Men - Vegan Face Wash Exfoliates Skin, Treats Acne, Reduces Pore Size - All Skin Types - 4 oz",
        "price": "$21.95 ($5.49 / Fl Oz)",
        "listPrice": "",
        "imageUrl": "https://m.media-amazon.com/images/I/513htmP7O-S._SL160_.jpg",
        "detailPageURL": "https://www.amazon.com/dp/B07XDTFQ9V",
        "rating": "4.5",
        "totalReviews": "688",
        "subtitle": "LILY SADO",
        "isPrimeEligible": "1"
    },
    {
        "ASIN": "B0B63WB7J3",
        "title": "2Pcs Magic Exfoliating Bath Sponge,3D Super Soft Exfoliating Bath Sponge, Skin Friendly and Reusable for Adults Children and Pregnant Women. (Blue+Pink)",
        "price": "$7.99 ($2.66 / Count)",
        "listPrice": "",
        "imageUrl": "https://m.media-amazon.com/images/I/41gfmktTvFL._SL160_.jpg",
        "detailPageURL": "https://www.amazon.com/dp/B0B63WB7J3",
        "rating": "2.8",
        "totalReviews": "107",
        "subtitle": "Axnzp",
        "isPrimeEligible": "1"
    },
    {
        "ASIN": "B01K8PEZMU",
        "title": "MAJESTIC PURE Himalayan Salt Body Scrub with Lychee Oil, Exfoliating Salt Scrub to Exfoliate & Moisturize Skin, Deep Cleansing - 10 oz",
        "price": "$14.95 ($1.50 / Fl Oz)",
        "listPrice": "$16.45 ($1.64 / Fl Oz)",
        "imageUrl": "https://m.media-amazon.com/images/I/51-1N5Bks9L._SL160_.jpg",
        "detailPageURL": "https://www.amazon.com/dp/B01K8PEZMU",
        "rating": "4.3",
        "totalReviews": "20559",
        "subtitle": "MAJESTIC PURE",
        "isPrimeEligible": "1"
    },
    {
        "ASIN": "B07TCL68RF",
        "title": "Neutrogena Bright Boost Resurfacing Facial Exfoliator with Glycolic and Mandelic AHAs Gentle Skin Resurfacing Face Cleanser for Bright Smooth Skin, Micro Polish, 2.6 Fl Oz",
        "price": "$9.75 ($3.75 / Fl Oz)",
        "listPrice": "$12.00 ($4.62 / Fl Oz)",
        "imageUrl": "https://m.media-amazon.com/images/I/31zC+rZ9doL._SL160_.jpg",
        "detailPageURL": "https://www.amazon.com/dp/B07TCL68RF",
        "rating": "4.5",
        "totalReviews": "4616",
        "subtitle": "Neutrogena",
        "isPrimeEligible": "1"
    },
    {
        "ASIN": "B0B461YNL2",
        "title": "Sibba 2 Pair Bath Gloves for Shower Natural Loofah Exfoliating Wash Gloves for Body and Face, Dead Skin Remover, Double Sided Microfibre Shower Body Gloves for Adults and Kids",
        "price": "$5.59 ($1.40 / Count)",
        "listPrice": "",
        "imageUrl": "https://m.media-amazon.com/images/I/51l5r9yJrCL._SL160_.jpg",
        "detailPageURL": "https://www.amazon.com/dp/B0B461YNL2",
        "rating": "4.5",
        "totalReviews": "281",
        "subtitle": "Sibba",
        "isPrimeEligible": "1"
    },
    {
        "ASIN": "B09CBF7ZCY",
        "title": "Peach Slices | Acne Exfoliating Toner | 2% Salicylic Acid | AHA+BHA Exfoliation | Facial Cleanser | Calms & Soothes | Prevents Breakouts | Alcohol & Sulfate Free | Skin Care for Women & Men | 4 Oz",
        "price": "$10.99 ($2.75 / Fl Oz)",
        "listPrice": "",
        "imageUrl": "https://m.media-amazon.com/images/I/31RIWjJi3+L._SL160_.jpg",
        "detailPageURL": "https://www.amazon.com/dp/B09CBF7ZCY",
        "rating": "4.5",
        "totalReviews": "1613",
        "subtitle": "",
        "isPrimeEligible": "1"
    },
    {
        "ASIN": "B0BQP7DTTL",
        "title": "Billie Body Buffer - Pre-shave Exfoliating Bar - 3.5 oz",
        "price": "$6.97 ($1.99 / Ounce)",
        "listPrice": "",
        "imageUrl": "https://m.media-amazon.com/images/I/31MU5zkSWVL._SL160_.jpg",
        "detailPageURL": "https://www.amazon.com/dp/B0BQP7DTTL",
        "rating": "4.5",
        "totalReviews": "452",
        "subtitle": "Billie",
        "isPrimeEligible": "1"
    },
    {
        "ASIN": "B07D8DBS7S",
        "title": "Paula's Choice Skin Perfecting 2% BHA Liquid Salicylic Acid Exfoliant Duo, Gentle Exfoliator for Blackheads, Large Pores, Wrinkles & Fine Lines, Includes 1 Full Size Bottle & 1 Travel Size Bottle",
        "price": "$42.00 ($21.00 / Count)",
        "listPrice": "$47.00 ($23.50 / Count)",
        "imageUrl": "https://m.media-amazon.com/images/I/41LzB9ooL8L._SL160_.jpg",
        "detailPageURL": "https://www.amazon.com/dp/B07D8DBS7S",
        "rating": "4.7",
        "totalReviews": "2227",
        "subtitle": "Paula's Choice",
        "isPrimeEligible": "1"
    },
    {
        "ASIN": "B00AFYAXEO",
        "title": "Paula's Choice CLEAR Regular Strength Exfoliator, 2% Salicylic Acid Exfoliant for Acne, Redness Relief, 4 Ounce",
        "price": "$34.00 ($8.50 / Fl Oz)",
        "listPrice": "",
        "imageUrl": "https://m.media-amazon.com/images/I/31cma3o-FwL._SL160_.jpg",
        "detailPageURL": "https://www.amazon.com/dp/B00AFYAXEO",
        "rating": "4.5",
        "totalReviews": "1414",
        "subtitle": "Paula's Choice",
        "isPrimeEligible": "1"
    },
    {
        "ASIN": "B09Z65MN6N",
        "title": "Shower Gloves,24 Pcs Exfoliating Bath Gloves,Body Scrub Gloves with Hanging Loop for Beauty Spa Massage Skin Shower Body Scrubber-12 Colors",
        "price": "$9.99 ($0.42 / Count)",
        "listPrice": "",
        "imageUrl": "https://m.media-amazon.com/images/I/51EX2twPrgL._SL160_.jpg",
        "detailPageURL": "https://www.amazon.com/dp/B09Z65MN6N",
        "rating": "4.4",
        "totalReviews": "4516",
        "subtitle": "CVNDKN",
        "isPrimeEligible": "1"
    },
    {
        "ASIN": "B0B63WB7J3",
        "title": "2Pcs Magic Exfoliating Bath Sponge,3D Super Soft Exfoliating Bath Sponge, Skin Friendly and Reusable for Adults Children and Pregnant Women. (Blue+Pink)",
        "price": "$7.99 ($2.66 / Count)",
        "listPrice": "",
        "imageUrl": "https://m.media-amazon.com/images/I/41gfmktTvFL._SL160_.jpg",
        "detailPageURL": "https://www.amazon.com/dp/B0B63WB7J3",
        "rating": "2.8",
        "totalReviews": "107",
        "subtitle": "Axnzp",
        "isPrimeEligible": "1"
    },
    {
        "ASIN": "B01K8PEZMU",
        "title": "MAJESTIC PURE Himalayan Salt Body Scrub with Lychee Oil, Exfoliating Salt Scrub to Exfoliate & Moisturize Skin, Deep Cleansing - 10 oz",
        "price": "$14.95 ($1.50 / Fl Oz)",
        "listPrice": "$16.45 ($1.64 / Fl Oz)",
        "imageUrl": "https://m.media-amazon.com/images/I/51-1N5Bks9L._SL160_.jpg",
        "detailPageURL": "https://www.amazon.com/dp/B01K8PEZMU",
        "rating": "4.3",
        "totalReviews": "20559",
        "subtitle": "MAJESTIC PURE",
        "isPrimeEligible": "1"
    },
    {
        "ASIN": "B07TCL68RF",
        "title": "Neutrogena Bright Boost Resurfacing Facial Exfoliator with Glycolic and Mandelic AHAs Gentle Skin Resurfacing Face Cleanser for Bright Smooth Skin, Micro Polish, 2.6 Fl Oz",
        "price": "$9.75 ($3.75 / Fl Oz)",
        "listPrice": "$12.00 ($4.62 / Fl Oz)",
        "imageUrl": "https://m.media-amazon.com/images/I/31zC+rZ9doL._SL160_.jpg",
        "detailPageURL": "https://www.amazon.com/dp/B07TCL68RF",
        "rating": "4.5",
        "totalReviews": "4616",
        "subtitle": "Neutrogena",
        "isPrimeEligible": "1"
    },
    {
        "ASIN": "B0B461YNL2",
        "title": "Sibba 2 Pair Bath Gloves for Shower Natural Loofah Exfoliating Wash Gloves for Body and Face, Dead Skin Remover, Double Sided Microfibre Shower Body Gloves for Adults and Kids",
        "price": "$5.59 ($1.40 / Count)",
        "listPrice": "",
        "imageUrl": "https://m.media-amazon.com/images/I/51l5r9yJrCL._SL160_.jpg",
        "detailPageURL": "https://www.amazon.com/dp/B0B461YNL2",
        "rating": "4.5",
        "totalReviews": "281",
        "subtitle": "Sibba",
        "isPrimeEligible": "1"
    },
    {
        "ASIN": "B09CBF7ZCY",
        "title": "Peach Slices | Acne Exfoliating Toner | 2% Salicylic Acid | AHA+BHA Exfoliation | Facial Cleanser | Calms & Soothes | Prevents Breakouts | Alcohol & Sulfate Free | Skin Care for Women & Men | 4 Oz",
        "price": "$10.99 ($2.75 / Fl Oz)",
        "listPrice": "",
        "imageUrl": "https://m.media-amazon.com/images/I/31RIWjJi3+L._SL160_.jpg",
        "detailPageURL": "https://www.amazon.com/dp/B09CBF7ZCY",
        "rating": "4.5",
        "totalReviews": "1613",
        "subtitle": "",
        "isPrimeEligible": "1"
    },
    {
        "ASIN": "B0BQP7DTTL",
        "title": "Billie Body Buffer - Pre-shave Exfoliating Bar - 3.5 oz",
        "price": "$6.97 ($1.99 / Ounce)",
        "listPrice": "",
        "imageUrl": "https://m.media-amazon.com/images/I/31MU5zkSWVL._SL160_.jpg",
        "detailPageURL": "https://www.amazon.com/dp/B0BQP7DTTL",
        "rating": "4.5",
        "totalReviews": "452",
        "subtitle": "Billie",
        "isPrimeEligible": "1"
    },
    {
        "ASIN": "B07D8DBS7S",
        "title": "Paula's Choice Skin Perfecting 2% BHA Liquid Salicylic Acid Exfoliant Duo, Gentle Exfoliator for Blackheads, Large Pores, Wrinkles & Fine Lines, Includes 1 Full Size Bottle & 1 Travel Size Bottle",
        "price": "$42.00 ($21.00 / Count)",
        "listPrice": "$47.00 ($23.50 / Count)",
        "imageUrl": "https://m.media-amazon.com/images/I/41LzB9ooL8L._SL160_.jpg",
        "detailPageURL": "https://www.amazon.com/dp/B07D8DBS7S",
        "rating": "4.7",
        "totalReviews": "2227",
        "subtitle": "Paula's Choice",
        "isPrimeEligible": "1"
    },
    {
        "ASIN": "B00AFYAXEO",
        "title": "Paula's Choice CLEAR Regular Strength Exfoliator, 2% Salicylic Acid Exfoliant for Acne, Redness Relief, 4 Ounce",
        "price": "$34.00 ($8.50 / Fl Oz)",
        "listPrice": "",
        "imageUrl": "https://m.media-amazon.com/images/I/31cma3o-FwL._SL160_.jpg",
        "detailPageURL": "https://www.amazon.com/dp/B00AFYAXEO",
        "rating": "4.5",
        "totalReviews": "1414",
        "subtitle": "Paula's Choice",
        "isPrimeEligible": "1"
    },
    {
        "ASIN": "B09Z65MN6N",
        "title": "Shower Gloves,24 Pcs Exfoliating Bath Gloves,Body Scrub Gloves with Hanging Loop for Beauty Spa Massage Skin Shower Body Scrubber-12 Colors",
        "price": "$9.99 ($0.42 / Count)",
        "listPrice": "",
        "imageUrl": "https://m.media-amazon.com/images/I/51EX2twPrgL._SL160_.jpg",
        "detailPageURL": "https://www.amazon.com/dp/B09Z65MN6N",
        "rating": "4.4",
        "totalReviews": "4516",
        "subtitle": "CVNDKN",
        "isPrimeEligible": "1"
    },
    {
        "ASIN": "B0CGP293GL",
        "title": "\ud835\udfee\ud835\udfec\ud835\udfee\ud835\udfef \ud835\udde8\ud835\uddfd\ud835\uddf4\ud835\uddff\ud835\uddee\ud835\uddf1\ud835\uddf2\ud835\uddf1 Exfoliating Glove & Face Scrubber - 2 IN 1 \ud835\udde7\ud835\uddf5\ud835\uddf6\ud835\uddf0\ud835\uddf8\ud835\uddf2\ud835\uddff Exfoliating Body Scrubber Exfoliator, Exfoliating Mitt Give \ud835\udde0\ud835\uddfc\ud835\uddff\ud835\uddf2 \ud835\uddd6\ud835\uddfc\ud835\uddfb\ud835\ude01\ud835\uddff\ud835\uddfc\ud835\uddf9 Body Scrubbers for Use in Shower",
        "price": "$5.99 ($5.99 / Count)",
        "listPrice": "",
        "imageUrl": "https://m.media-amazon.com/images/I/51imtvlk9zL._SL160_.jpg",
        "detailPageURL": "https://www.amazon.com/dp/B0CGP293GL",
        "rating": "4.7",
        "totalReviews": "3573",
        "subtitle": "",
        "isPrimeEligible": "1"
    },
    {
        "ASIN": "B01K8PEZMU",
        "title": "MAJESTIC PURE Himalayan Salt Body Scrub with Lychee Oil, Exfoliating Salt Scrub to Exfoliate & Moisturize Skin, Deep Cleansing - 10 oz",
        "price": "$14.95 ($1.50 / Fl Oz)",
        "listPrice": "$16.45 ($1.64 / Fl Oz)",
        "imageUrl": "https://m.media-amazon.com/images/I/51-1N5Bks9L._SL160_.jpg",
        "detailPageURL": "https://www.amazon.com/dp/B01K8PEZMU",
        "rating": "4.3",
        "totalReviews": "20559",
        "subtitle": "MAJESTIC PURE",
        "isPrimeEligible": "1"
    },
    {
        "ASIN": "B07TCL68RF",
        "title": "Neutrogena Bright Boost Resurfacing Facial Exfoliator with Glycolic and Mandelic AHAs Gentle Skin Resurfacing Face Cleanser for Bright Smooth Skin, Micro Polish, 2.6 Fl Oz",
        "price": "$9.75 ($3.75 / Fl Oz)",
        "listPrice": "$12.00 ($4.62 / Fl Oz)",
        "imageUrl": "https://m.media-amazon.com/images/I/31zC+rZ9doL._SL160_.jpg",
        "detailPageURL": "https://www.amazon.com/dp/B07TCL68RF",
        "rating": "4.5",
        "totalReviews": "4616",
        "subtitle": "Neutrogena",
        "isPrimeEligible": "1"
    },
    {
        "ASIN": "B0B461YNL2",
        "title": "Sibba 2 Pair Bath Gloves for Shower Natural Loofah Exfoliating Wash Gloves for Body and Face, Dead Skin Remover, Double Sided Microfibre Shower Body Gloves for Adults and Kids",
        "price": "$5.59 ($1.40 / Count)",
        "listPrice": "",
        "imageUrl": "https://m.media-amazon.com/images/I/51l5r9yJrCL._SL160_.jpg",
        "detailPageURL": "https://www.amazon.com/dp/B0B461YNL2",
        "rating": "4.5",
        "totalReviews": "281",
        "subtitle": "Sibba",
        "isPrimeEligible": "1"
    },
    {
        "ASIN": "B09CBF7ZCY",
        "title": "Peach Slices | Acne Exfoliating Toner | 2% Salicylic Acid | AHA+BHA Exfoliation | Facial Cleanser | Calms & Soothes | Prevents Breakouts | Alcohol & Sulfate Free | Skin Care for Women & Men | 4 Oz",
        "price": "$10.99 ($2.75 / Fl Oz)",
        "listPrice": "",
        "imageUrl": "https://m.media-amazon.com/images/I/31RIWjJi3+L._SL160_.jpg",
        "detailPageURL": "https://www.amazon.com/dp/B09CBF7ZCY",
        "rating": "4.5",
        "totalReviews": "1613",
        "subtitle": "",
        "isPrimeEligible": "1"
    },
    {
        "ASIN": "B0BQP7DTTL",
        "title": "Billie Body Buffer - Pre-shave Exfoliating Bar - 3.5 oz",
        "price": "$6.97 ($1.99 / Ounce)",
        "listPrice": "",
        "imageUrl": "https://m.media-amazon.com/images/I/31MU5zkSWVL._SL160_.jpg",
        "detailPageURL": "https://www.amazon.com/dp/B0BQP7DTTL",
        "rating": "4.5",
        "totalReviews": "452",
        "subtitle": "Billie",
        "isPrimeEligible": "1"
    },
    {
        "ASIN": "B07D8DBS7S",
        "title": "Paula's Choice Skin Perfecting 2% BHA Liquid Salicylic Acid Exfoliant Duo, Gentle Exfoliator for Blackheads, Large Pores, Wrinkles & Fine Lines, Includes 1 Full Size Bottle & 1 Travel Size Bottle",
        "price": "$42.00 ($21.00 / Count)",
        "listPrice": "$47.00 ($23.50 / Count)",
        "imageUrl": "https://m.media-amazon.com/images/I/41LzB9ooL8L._SL160_.jpg",
        "detailPageURL": "https://www.amazon.com/dp/B07D8DBS7S",
        "rating": "4.7",
        "totalReviews": "2227",
        "subtitle": "Paula's Choice",
        "isPrimeEligible": "1"
    },
    {
        "ASIN": "B00AFYAXEO",
        "title": "Paula's Choice CLEAR Regular Strength Exfoliator, 2% Salicylic Acid Exfoliant for Acne, Redness Relief, 4 Ounce",
        "price": "$34.00 ($8.50 / Fl Oz)",
        "listPrice": "",
        "imageUrl": "https://m.media-amazon.com/images/I/31cma3o-FwL._SL160_.jpg",
        "detailPageURL": "https://www.amazon.com/dp/B00AFYAXEO",
        "rating": "4.5",
        "totalReviews": "1414",
        "subtitle": "Paula's Choice",
        "isPrimeEligible": "1"
    },
    {
        "ASIN": "B09Z65MN6N",
        "title": "Shower Gloves,24 Pcs Exfoliating Bath Gloves,Body Scrub Gloves with Hanging Loop for Beauty Spa Massage Skin Shower Body Scrubber-12 Colors",
        "price": "$9.99 ($0.42 / Count)",
        "listPrice": "",
        "imageUrl": "https://m.media-amazon.com/images/I/51EX2twPrgL._SL160_.jpg",
        "detailPageURL": "https://www.amazon.com/dp/B09Z65MN6N",
        "rating": "4.4",
        "totalReviews": "4516",
        "subtitle": "CVNDKN",
        "isPrimeEligible": "1"
    },
    {
        "ASIN": "B0CGP293GL",
        "title": "\ud835\udfee\ud835\udfec\ud835\udfee\ud835\udfef \ud835\udde8\ud835\uddfd\ud835\uddf4\ud835\uddff\ud835\uddee\ud835\uddf1\ud835\uddf2\ud835\uddf1 Exfoliating Glove & Face Scrubber - 2 IN 1 \ud835\udde7\ud835\uddf5\ud835\uddf6\ud835\uddf0\ud835\uddf8\ud835\uddf2\ud835\uddff Exfoliating Body Scrubber Exfoliator, Exfoliating Mitt Give \ud835\udde0\ud835\uddfc\ud835\uddff\ud835\uddf2 \ud835\uddd6\ud835\uddfc\ud835\uddfb\ud835\ude01\ud835\uddff\ud835\uddfc\ud835\uddf9 Body Scrubbers for Use in Shower",
        "price": "$5.99 ($5.99 / Count)",
        "listPrice": "",
        "imageUrl": "https://m.media-amazon.com/images/I/51imtvlk9zL._SL160_.jpg",
        "detailPageURL": "https://www.amazon.com/dp/B0CGP293GL",
        "rating": "4.7",
        "totalReviews": "3573",
        "subtitle": "",
        "isPrimeEligible": "1"
    },
    {
        "ASIN": "B0BGD1QQNR",
        "title": "Bikini Area Exfoliator, Exfoliating Scrub for Bikini Area, Ingrown Hair Treatment for Bikini Area, Razor Bump Treatment for Bikini Area, Sugar Scrub for Bikini Area, Shaving Exfoliator Scrub for Women",
        "price": "$24.99",
        "listPrice": "$34.99",
        "imageUrl": "https://m.media-amazon.com/images/I/4174h14yQCL._SL160_.jpg",
        "detailPageURL": "https://www.amazon.com/dp/B0BGD1QQNR",
        "rating": "4.5",
        "totalReviews": "561",
        "subtitle": "CIZ",
        "isPrimeEligible": "1"
    },
    {
        "ASIN": "B07TCL68RF",
        "title": "Neutrogena Bright Boost Resurfacing Facial Exfoliator with Glycolic and Mandelic AHAs Gentle Skin Resurfacing Face Cleanser for Bright Smooth Skin, Micro Polish, 2.6 Fl Oz",
        "price": "$9.75 ($3.75 / Fl Oz)",
        "listPrice": "$12.00 ($4.62 / Fl Oz)",
        "imageUrl": "https://m.media-amazon.com/images/I/31zC+rZ9doL._SL160_.jpg",
        "detailPageURL": "https://www.amazon.com/dp/B07TCL68RF",
        "rating": "4.5",
        "totalReviews": "4616",
        "subtitle": "Neutrogena",
        "isPrimeEligible": "1"
    },
    {
        "ASIN": "B0B461YNL2",
        "title": "Sibba 2 Pair Bath Gloves for Shower Natural Loofah Exfoliating Wash Gloves for Body and Face, Dead Skin Remover, Double Sided Microfibre Shower Body Gloves for Adults and Kids",
        "price": "$5.59 ($1.40 / Count)",
        "listPrice": "",
        "imageUrl": "https://m.media-amazon.com/images/I/51l5r9yJrCL._SL160_.jpg",
        "detailPageURL": "https://www.amazon.com/dp/B0B461YNL2",
        "rating": "4.5",
        "totalReviews": "281",
        "subtitle": "Sibba",
        "isPrimeEligible": "1"
    },
    {
        "ASIN": "B09CBF7ZCY",
        "title": "Peach Slices | Acne Exfoliating Toner | 2% Salicylic Acid | AHA+BHA Exfoliation | Facial Cleanser | Calms & Soothes | Prevents Breakouts | Alcohol & Sulfate Free | Skin Care for Women & Men | 4 Oz",
        "price": "$10.99 ($2.75 / Fl Oz)",
        "listPrice": "",
        "imageUrl": "https://m.media-amazon.com/images/I/31RIWjJi3+L._SL160_.jpg",
        "detailPageURL": "https://www.amazon.com/dp/B09CBF7ZCY",
        "rating": "4.5",
        "totalReviews": "1613",
        "subtitle": "",
        "isPrimeEligible": "1"
    },
    {
        "ASIN": "B0BQP7DTTL",
        "title": "Billie Body Buffer - Pre-shave Exfoliating Bar - 3.5 oz",
        "price": "$6.97 ($1.99 / Ounce)",
        "listPrice": "",
        "imageUrl": "https://m.media-amazon.com/images/I/31MU5zkSWVL._SL160_.jpg",
        "detailPageURL": "https://www.amazon.com/dp/B0BQP7DTTL",
        "rating": "4.5",
        "totalReviews": "452",
        "subtitle": "Billie",
        "isPrimeEligible": "1"
    },
    {
        "ASIN": "B07D8DBS7S",
        "title": "Paula's Choice Skin Perfecting 2% BHA Liquid Salicylic Acid Exfoliant Duo, Gentle Exfoliator for Blackheads, Large Pores, Wrinkles & Fine Lines, Includes 1 Full Size Bottle & 1 Travel Size Bottle",
        "price": "$42.00 ($21.00 / Count)",
        "listPrice": "$47.00 ($23.50 / Count)",
        "imageUrl": "https://m.media-amazon.com/images/I/41LzB9ooL8L._SL160_.jpg",
        "detailPageURL": "https://www.amazon.com/dp/B07D8DBS7S",
        "rating": "4.7",
        "totalReviews": "2227",
        "subtitle": "Paula's Choice",
        "isPrimeEligible": "1"
    },
    {
        "ASIN": "B00AFYAXEO",
        "title": "Paula's Choice CLEAR Regular Strength Exfoliator, 2% Salicylic Acid Exfoliant for Acne, Redness Relief, 4 Ounce",
        "price": "$34.00 ($8.50 / Fl Oz)",
        "listPrice": "",
        "imageUrl": "https://m.media-amazon.com/images/I/31cma3o-FwL._SL160_.jpg",
        "detailPageURL": "https://www.amazon.com/dp/B00AFYAXEO",
        "rating": "4.5",
        "totalReviews": "1414",
        "subtitle": "Paula's Choice",
        "isPrimeEligible": "1"
    },
    {
        "ASIN": "B09Z65MN6N",
        "title": "Shower Gloves,24 Pcs Exfoliating Bath Gloves,Body Scrub Gloves with Hanging Loop for Beauty Spa Massage Skin Shower Body Scrubber-12 Colors",
        "price": "$9.99 ($0.42 / Count)",
        "listPrice": "",
        "imageUrl": "https://m.media-amazon.com/images/I/51EX2twPrgL._SL160_.jpg",
        "detailPageURL": "https://www.amazon.com/dp/B09Z65MN6N",
        "rating": "4.4",
        "totalReviews": "4516",
        "subtitle": "CVNDKN",
        "isPrimeEligible": "1"
    },
    {
        "ASIN": "B0CGP293GL",
        "title": "\ud835\udfee\ud835\udfec\ud835\udfee\ud835\udfef \ud835\udde8\ud835\uddfd\ud835\uddf4\ud835\uddff\ud835\uddee\ud835\uddf1\ud835\uddf2\ud835\uddf1 Exfoliating Glove & Face Scrubber - 2 IN 1 \ud835\udde7\ud835\uddf5\ud835\uddf6\ud835\uddf0\ud835\uddf8\ud835\uddf2\ud835\uddff Exfoliating Body Scrubber Exfoliator, Exfoliating Mitt Give \ud835\udde0\ud835\uddfc\ud835\uddff\ud835\uddf2 \ud835\uddd6\ud835\uddfc\ud835\uddfb\ud835\ude01\ud835\uddff\ud835\uddfc\ud835\uddf9 Body Scrubbers for Use in Shower",
        "price": "$5.99 ($5.99 / Count)",
        "listPrice": "",
        "imageUrl": "https://m.media-amazon.com/images/I/51imtvlk9zL._SL160_.jpg",
        "detailPageURL": "https://www.amazon.com/dp/B0CGP293GL",
        "rating": "4.7",
        "totalReviews": "3573",
        "subtitle": "",
        "isPrimeEligible": "1"
    },
    {
        "ASIN": "B0BGD1QQNR",
        "title": "Bikini Area Exfoliator, Exfoliating Scrub for Bikini Area, Ingrown Hair Treatment for Bikini Area, Razor Bump Treatment for Bikini Area, Sugar Scrub for Bikini Area, Shaving Exfoliator Scrub for Women",
        "price": "$24.99",
        "listPrice": "$34.99",
        "imageUrl": "https://m.media-amazon.com/images/I/4174h14yQCL._SL160_.jpg",
        "detailPageURL": "https://www.amazon.com/dp/B0BGD1QQNR",
        "rating": "4.5",
        "totalReviews": "561",
        "subtitle": "CIZ",
        "isPrimeEligible": "1"
    },
    {
        "ASIN": "B0BT6ZYDK1",
        "title": "Deep Exfoliating Mitt for Body Scrub. 2 Pack Plant-Based Exfoliating Gloves - Great for Dead Skin Removal, Keratosis Pilaris and Self Tanning",
        "price": "$5.89 ($2.94 / Count)",
        "listPrice": "$7.97 ($3.98 / Count)",
        "imageUrl": "https://m.media-amazon.com/images/I/51g9a7sR5ZL._SL160_.jpg",
        "detailPageURL": "https://www.amazon.com/dp/B0BT6ZYDK1",
        "rating": "4.3",
        "totalReviews": "183",
        "subtitle": "SimpleField",
        "isPrimeEligible": "1"
    },
    {
        "ASIN": "B0B461YNL2",
        "title": "Sibba 2 Pair Bath Gloves for Shower Natural Loofah Exfoliating Wash Gloves for Body and Face, Dead Skin Remover, Double Sided Microfibre Shower Body Gloves for Adults and Kids",
        "price": "$5.59 ($1.40 / Count)",
        "listPrice": "",
        "imageUrl": "https://m.media-amazon.com/images/I/51l5r9yJrCL._SL160_.jpg",
        "detailPageURL": "https://www.amazon.com/dp/B0B461YNL2",
        "rating": "4.5",
        "totalReviews": "281",
        "subtitle": "Sibba",
        "isPrimeEligible": "1"
    },
    {
        "ASIN": "B09CBF7ZCY",
        "title": "Peach Slices | Acne Exfoliating Toner | 2% Salicylic Acid | AHA+BHA Exfoliation | Facial Cleanser | Calms & Soothes | Prevents Breakouts | Alcohol & Sulfate Free | Skin Care for Women & Men | 4 Oz",
        "price": "$10.99 ($2.75 / Fl Oz)",
        "listPrice": "",
        "imageUrl": "https://m.media-amazon.com/images/I/31RIWjJi3+L._SL160_.jpg",
        "detailPageURL": "https://www.amazon.com/dp/B09CBF7ZCY",
        "rating": "4.5",
        "totalReviews": "1613",
        "subtitle": "",
        "isPrimeEligible": "1"
    },
    {
        "ASIN": "B0BQP7DTTL",
        "title": "Billie Body Buffer - Pre-shave Exfoliating Bar - 3.5 oz",
        "price": "$6.97 ($1.99 / Ounce)",
        "listPrice": "",
        "imageUrl": "https://m.media-amazon.com/images/I/31MU5zkSWVL._SL160_.jpg",
        "detailPageURL": "https://www.amazon.com/dp/B0BQP7DTTL",
        "rating": "4.5",
        "totalReviews": "452",
        "subtitle": "Billie",
        "isPrimeEligible": "1"
    },
    {
        "ASIN": "B07D8DBS7S",
        "title": "Paula's Choice Skin Perfecting 2% BHA Liquid Salicylic Acid Exfoliant Duo, Gentle Exfoliator for Blackheads, Large Pores, Wrinkles & Fine Lines, Includes 1 Full Size Bottle & 1 Travel Size Bottle",
        "price": "$42.00 ($21.00 / Count)",
        "listPrice": "$47.00 ($23.50 / Count)",
        "imageUrl": "https://m.media-amazon.com/images/I/41LzB9ooL8L._SL160_.jpg",
        "detailPageURL": "https://www.amazon.com/dp/B07D8DBS7S",
        "rating": "4.7",
        "totalReviews": "2227",
        "subtitle": "Paula's Choice",
        "isPrimeEligible": "1"
    },
    {
        "ASIN": "B00AFYAXEO",
        "title": "Paula's Choice CLEAR Regular Strength Exfoliator, 2% Salicylic Acid Exfoliant for Acne, Redness Relief, 4 Ounce",
        "price": "$34.00 ($8.50 / Fl Oz)",
        "listPrice": "",
        "imageUrl": "https://m.media-amazon.com/images/I/31cma3o-FwL._SL160_.jpg",
        "detailPageURL": "https://www.amazon.com/dp/B00AFYAXEO",
        "rating": "4.5",
        "totalReviews": "1414",
        "subtitle": "Paula's Choice",
        "isPrimeEligible": "1"
    },
    {
        "ASIN": "B09Z65MN6N",
        "title": "Shower Gloves,24 Pcs Exfoliating Bath Gloves,Body Scrub Gloves with Hanging Loop for Beauty Spa Massage Skin Shower Body Scrubber-12 Colors",
        "price": "$9.99 ($0.42 / Count)",
        "listPrice": "",
        "imageUrl": "https://m.media-amazon.com/images/I/51EX2twPrgL._SL160_.jpg",
        "detailPageURL": "https://www.amazon.com/dp/B09Z65MN6N",
        "rating": "4.4",
        "totalReviews": "4516",
        "subtitle": "CVNDKN",
        "isPrimeEligible": "1"
    },
    {
        "ASIN": "B0CGP293GL",
        "title": "\ud835\udfee\ud835\udfec\ud835\udfee\ud835\udfef \ud835\udde8\ud835\uddfd\ud835\uddf4\ud835\uddff\ud835\uddee\ud835\uddf1\ud835\uddf2\ud835\uddf1 Exfoliating Glove & Face Scrubber - 2 IN 1 \ud835\udde7\ud835\uddf5\ud835\uddf6\ud835\uddf0\ud835\uddf8\ud835\uddf2\ud835\uddff Exfoliating Body Scrubber Exfoliator, Exfoliating Mitt Give \ud835\udde0\ud835\uddfc\ud835\uddff\ud835\uddf2 \ud835\uddd6\ud835\uddfc\ud835\uddfb\ud835\ude01\ud835\uddff\ud835\uddfc\ud835\uddf9 Body Scrubbers for Use in Shower",
        "price": "$5.99 ($5.99 / Count)",
        "listPrice": "",
        "imageUrl": "https://m.media-amazon.com/images/I/51imtvlk9zL._SL160_.jpg",
        "detailPageURL": "https://www.amazon.com/dp/B0CGP293GL",
        "rating": "4.7",
        "totalReviews": "3573",
        "subtitle": "",
        "isPrimeEligible": "1"
    },
    {
        "ASIN": "B0BGD1QQNR",
        "title": "Bikini Area Exfoliator, Exfoliating Scrub for Bikini Area, Ingrown Hair Treatment for Bikini Area, Razor Bump Treatment for Bikini Area, Sugar Scrub for Bikini Area, Shaving Exfoliator Scrub for Women",
        "price": "$24.99",
        "listPrice": "$34.99",
        "imageUrl": "https://m.media-amazon.com/images/I/4174h14yQCL._SL160_.jpg",
        "detailPageURL": "https://www.amazon.com/dp/B0BGD1QQNR",
        "rating": "4.5",
        "totalReviews": "561",
        "subtitle": "CIZ",
        "isPrimeEligible": "1"
    },
    {
        "ASIN": "B0BT6ZYDK1",
        "title": "Deep Exfoliating Mitt for Body Scrub. 2 Pack Plant-Based Exfoliating Gloves - Great for Dead Skin Removal, Keratosis Pilaris and Self Tanning",
        "price": "$5.89 ($2.94 / Count)",
        "listPrice": "$7.97 ($3.98 / Count)",
        "imageUrl": "https://m.media-amazon.com/images/I/51g9a7sR5ZL._SL160_.jpg",
        "detailPageURL": "https://www.amazon.com/dp/B0BT6ZYDK1",
        "rating": "4.3",
        "totalReviews": "183",
        "subtitle": "SimpleField",
        "isPrimeEligible": "1"
    },
    {
        "ASIN": "B0BRKNN8SB",
        "title": "Korean Exfoliating Mitt, Korintin 1Pcs Exfoliating Body Gloves Clean Dead Skin at Home, Great for Spray Tan Removal or Keratosis Pilaris",
        "price": "$3.29 ($3.29 / Count)",
        "listPrice": "",
        "imageUrl": "https://m.media-amazon.com/images/I/415flS06nuL._SL160_.jpg",
        "detailPageURL": "https://www.amazon.com/dp/B0BRKNN8SB",
        "rating": "3.7",
        "totalReviews": "58",
        "subtitle": "Korintin",
        "isPrimeEligible": "1"
    },
    {
        "ASIN": "B09CBF7ZCY",
        "title": "Peach Slices | Acne Exfoliating Toner | 2% Salicylic Acid | AHA+BHA Exfoliation | Facial Cleanser | Calms & Soothes | Prevents Breakouts | Alcohol & Sulfate Free | Skin Care for Women & Men | 4 Oz",
        "price": "$10.99 ($2.75 / Fl Oz)",
        "listPrice": "",
        "imageUrl": "https://m.media-amazon.com/images/I/31RIWjJi3+L._SL160_.jpg",
        "detailPageURL": "https://www.amazon.com/dp/B09CBF7ZCY",
        "rating": "4.5",
        "totalReviews": "1613",
        "subtitle": "",
        "isPrimeEligible": "1"
    },
    {
        "ASIN": "B0BQP7DTTL",
        "title": "Billie Body Buffer - Pre-shave Exfoliating Bar - 3.5 oz",
        "price": "$6.97 ($1.99 / Ounce)",
        "listPrice": "",
        "imageUrl": "https://m.media-amazon.com/images/I/31MU5zkSWVL._SL160_.jpg",
        "detailPageURL": "https://www.amazon.com/dp/B0BQP7DTTL",
        "rating": "4.5",
        "totalReviews": "452",
        "subtitle": "Billie",
        "isPrimeEligible": "1"
    },
    {
        "ASIN": "B07D8DBS7S",
        "title": "Paula's Choice Skin Perfecting 2% BHA Liquid Salicylic Acid Exfoliant Duo, Gentle Exfoliator for Blackheads, Large Pores, Wrinkles & Fine Lines, Includes 1 Full Size Bottle & 1 Travel Size Bottle",
        "price": "$42.00 ($21.00 / Count)",
        "listPrice": "$47.00 ($23.50 / Count)",
        "imageUrl": "https://m.media-amazon.com/images/I/41LzB9ooL8L._SL160_.jpg",
        "detailPageURL": "https://www.amazon.com/dp/B07D8DBS7S",
        "rating": "4.7",
        "totalReviews": "2227",
        "subtitle": "Paula's Choice",
        "isPrimeEligible": "1"
    },
    {
        "ASIN": "B00AFYAXEO",
        "title": "Paula's Choice CLEAR Regular Strength Exfoliator, 2% Salicylic Acid Exfoliant for Acne, Redness Relief, 4 Ounce",
        "price": "$34.00 ($8.50 / Fl Oz)",
        "listPrice": "",
        "imageUrl": "https://m.media-amazon.com/images/I/31cma3o-FwL._SL160_.jpg",
        "detailPageURL": "https://www.amazon.com/dp/B00AFYAXEO",
        "rating": "4.5",
        "totalReviews": "1414",
        "subtitle": "Paula's Choice",
        "isPrimeEligible": "1"
    },
    {
        "ASIN": "B09Z65MN6N",
        "title": "Shower Gloves,24 Pcs Exfoliating Bath Gloves,Body Scrub Gloves with Hanging Loop for Beauty Spa Massage Skin Shower Body Scrubber-12 Colors",
        "price": "$9.99 ($0.42 / Count)",
        "listPrice": "",
        "imageUrl": "https://m.media-amazon.com/images/I/51EX2twPrgL._SL160_.jpg",
        "detailPageURL": "https://www.amazon.com/dp/B09Z65MN6N",
        "rating": "4.4",
        "totalReviews": "4516",
        "subtitle": "CVNDKN",
        "isPrimeEligible": "1"
    },
    {
        "ASIN": "B0CGP293GL",
        "title": "\ud835\udfee\ud835\udfec\ud835\udfee\ud835\udfef \ud835\udde8\ud835\uddfd\ud835\uddf4\ud835\uddff\ud835\uddee\ud835\uddf1\ud835\uddf2\ud835\uddf1 Exfoliating Glove & Face Scrubber - 2 IN 1 \ud835\udde7\ud835\uddf5\ud835\uddf6\ud835\uddf0\ud835\uddf8\ud835\uddf2\ud835\uddff Exfoliating Body Scrubber Exfoliator, Exfoliating Mitt Give \ud835\udde0\ud835\uddfc\ud835\uddff\ud835\uddf2 \ud835\uddd6\ud835\uddfc\ud835\uddfb\ud835\ude01\ud835\uddff\ud835\uddfc\ud835\uddf9 Body Scrubbers for Use in Shower",
        "price": "$5.99 ($5.99 / Count)",
        "listPrice": "",
        "imageUrl": "https://m.media-amazon.com/images/I/51imtvlk9zL._SL160_.jpg",
        "detailPageURL": "https://www.amazon.com/dp/B0CGP293GL",
        "rating": "4.7",
        "totalReviews": "3573",
        "subtitle": "",
        "isPrimeEligible": "1"
    },
    {
        "ASIN": "B0BGD1QQNR",
        "title": "Bikini Area Exfoliator, Exfoliating Scrub for Bikini Area, Ingrown Hair Treatment for Bikini Area, Razor Bump Treatment for Bikini Area, Sugar Scrub for Bikini Area, Shaving Exfoliator Scrub for Women",
        "price": "$24.99",
        "listPrice": "$34.99",
        "imageUrl": "https://m.media-amazon.com/images/I/4174h14yQCL._SL160_.jpg",
        "detailPageURL": "https://www.amazon.com/dp/B0BGD1QQNR",
        "rating": "4.5",
        "totalReviews": "561",
        "subtitle": "CIZ",
        "isPrimeEligible": "1"
    },
    {
        "ASIN": "B0BT6ZYDK1",
        "title": "Deep Exfoliating Mitt for Body Scrub. 2 Pack Plant-Based Exfoliating Gloves - Great for Dead Skin Removal, Keratosis Pilaris and Self Tanning",
        "price": "$5.89 ($2.94 / Count)",
        "listPrice": "$7.97 ($3.98 / Count)",
        "imageUrl": "https://m.media-amazon.com/images/I/51g9a7sR5ZL._SL160_.jpg",
        "detailPageURL": "https://www.amazon.com/dp/B0BT6ZYDK1",
        "rating": "4.3",
        "totalReviews": "183",
        "subtitle": "SimpleField",
        "isPrimeEligible": "1"
    },
    {
        "ASIN": "B0BRKNN8SB",
        "title": "Korean Exfoliating Mitt, Korintin 1Pcs Exfoliating Body Gloves Clean Dead Skin at Home, Great for Spray Tan Removal or Keratosis Pilaris",
        "price": "$3.29 ($3.29 / Count)",
        "listPrice": "",
        "imageUrl": "https://m.media-amazon.com/images/I/415flS06nuL._SL160_.jpg",
        "detailPageURL": "https://www.amazon.com/dp/B0BRKNN8SB",
        "rating": "3.7",
        "totalReviews": "58",
        "subtitle": "Korintin",
        "isPrimeEligible": "1"
    },
    {
        "ASIN": "B0BCG1PMM2",
        "title": "2 in 1 Exfoliating Glove & Back Scrubber for Shower - \ud835\ude49\ud835\ude64 \ud835\ude49\ud835\ude5a\ud835\ude5a\ud835\ude59 \ud835\ude3c\ud835\ude68\ud835\ude60 \ud835\ude43\ud835\ude5a\ud835\ude61\ud835\ude65 Exfoliating Body Scrubber for Soft Skin, Dead Skin Remover for Body Exfoliator, Korean Exfoliating Mitt for Body",
        "price": "$8.99 ($8.99 / Count)",
        "listPrice": "$9.99 ($9.99 / Count)",
        "imageUrl": "https://m.media-amazon.com/images/I/41FwF4dwDAL._SL160_.jpg",
        "detailPageURL": "https://www.amazon.com/dp/B0BCG1PMM2",
        "rating": "4.4",
        "totalReviews": "358",
        "subtitle": "LECOMAY",
        "isPrimeEligible": "1"
    },
    {
        "ASIN": "B0BQP7DTTL",
        "title": "Billie Body Buffer - Pre-shave Exfoliating Bar - 3.5 oz",
        "price": "$6.97 ($1.99 / Ounce)",
        "listPrice": "",
        "imageUrl": "https://m.media-amazon.com/images/I/31MU5zkSWVL._SL160_.jpg",
        "detailPageURL": "https://www.amazon.com/dp/B0BQP7DTTL",
        "rating": "4.5",
        "totalReviews": "452",
        "subtitle": "Billie",
        "isPrimeEligible": "1"
    },
    {
        "ASIN": "B07D8DBS7S",
        "title": "Paula's Choice Skin Perfecting 2% BHA Liquid Salicylic Acid Exfoliant Duo, Gentle Exfoliator for Blackheads, Large Pores, Wrinkles & Fine Lines, Includes 1 Full Size Bottle & 1 Travel Size Bottle",
        "price": "$42.00 ($21.00 / Count)",
        "listPrice": "$47.00 ($23.50 / Count)",
        "imageUrl": "https://m.media-amazon.com/images/I/41LzB9ooL8L._SL160_.jpg",
        "detailPageURL": "https://www.amazon.com/dp/B07D8DBS7S",
        "rating": "4.7",
        "totalReviews": "2227",
        "subtitle": "Paula's Choice",
        "isPrimeEligible": "1"
    },
    {
        "ASIN": "B00AFYAXEO",
        "title": "Paula's Choice CLEAR Regular Strength Exfoliator, 2% Salicylic Acid Exfoliant for Acne, Redness Relief, 4 Ounce",
        "price": "$34.00 ($8.50 / Fl Oz)",
        "listPrice": "",
        "imageUrl": "https://m.media-amazon.com/images/I/31cma3o-FwL._SL160_.jpg",
        "detailPageURL": "https://www.amazon.com/dp/B00AFYAXEO",
        "rating": "4.5",
        "totalReviews": "1414",
        "subtitle": "Paula's Choice",
        "isPrimeEligible": "1"
    },
    {
        "ASIN": "B09Z65MN6N",
        "title": "Shower Gloves,24 Pcs Exfoliating Bath Gloves,Body Scrub Gloves with Hanging Loop for Beauty Spa Massage Skin Shower Body Scrubber-12 Colors",
        "price": "$9.99 ($0.42 / Count)",
        "listPrice": "",
        "imageUrl": "https://m.media-amazon.com/images/I/51EX2twPrgL._SL160_.jpg",
        "detailPageURL": "https://www.amazon.com/dp/B09Z65MN6N",
        "rating": "4.4",
        "totalReviews": "4516",
        "subtitle": "CVNDKN",
        "isPrimeEligible": "1"
    },
    {
        "ASIN": "B0CGP293GL",
        "title": "\ud835\udfee\ud835\udfec\ud835\udfee\ud835\udfef \ud835\udde8\ud835\uddfd\ud835\uddf4\ud835\uddff\ud835\uddee\ud835\uddf1\ud835\uddf2\ud835\uddf1 Exfoliating Glove & Face Scrubber - 2 IN 1 \ud835\udde7\ud835\uddf5\ud835\uddf6\ud835\uddf0\ud835\uddf8\ud835\uddf2\ud835\uddff Exfoliating Body Scrubber Exfoliator, Exfoliating Mitt Give \ud835\udde0\ud835\uddfc\ud835\uddff\ud835\uddf2 \ud835\uddd6\ud835\uddfc\ud835\uddfb\ud835\ude01\ud835\uddff\ud835\uddfc\ud835\uddf9 Body Scrubbers for Use in Shower",
        "price": "$5.99 ($5.99 / Count)",
        "listPrice": "",
        "imageUrl": "https://m.media-amazon.com/images/I/51imtvlk9zL._SL160_.jpg",
        "detailPageURL": "https://www.amazon.com/dp/B0CGP293GL",
        "rating": "4.7",
        "totalReviews": "3573",
        "subtitle": "",
        "isPrimeEligible": "1"
    },
    {
        "ASIN": "B0BGD1QQNR",
        "title": "Bikini Area Exfoliator, Exfoliating Scrub for Bikini Area, Ingrown Hair Treatment for Bikini Area, Razor Bump Treatment for Bikini Area, Sugar Scrub for Bikini Area, Shaving Exfoliator Scrub for Women",
        "price": "$24.99",
        "listPrice": "$34.99",
        "imageUrl": "https://m.media-amazon.com/images/I/4174h14yQCL._SL160_.jpg",
        "detailPageURL": "https://www.amazon.com/dp/B0BGD1QQNR",
        "rating": "4.5",
        "totalReviews": "561",
        "subtitle": "CIZ",
        "isPrimeEligible": "1"
    },
    {
        "ASIN": "B0BT6ZYDK1",
        "title": "Deep Exfoliating Mitt for Body Scrub. 2 Pack Plant-Based Exfoliating Gloves - Great for Dead Skin Removal, Keratosis Pilaris and Self Tanning",
        "price": "$5.89 ($2.94 / Count)",
        "listPrice": "$7.97 ($3.98 / Count)",
        "imageUrl": "https://m.media-amazon.com/images/I/51g9a7sR5ZL._SL160_.jpg",
        "detailPageURL": "https://www.amazon.com/dp/B0BT6ZYDK1",
        "rating": "4.3",
        "totalReviews": "183",
        "subtitle": "SimpleField",
        "isPrimeEligible": "1"
    },
    {
        "ASIN": "B0BRKNN8SB",
        "title": "Korean Exfoliating Mitt, Korintin 1Pcs Exfoliating Body Gloves Clean Dead Skin at Home, Great for Spray Tan Removal or Keratosis Pilaris",
        "price": "$3.29 ($3.29 / Count)",
        "listPrice": "",
        "imageUrl": "https://m.media-amazon.com/images/I/415flS06nuL._SL160_.jpg",
        "detailPageURL": "https://www.amazon.com/dp/B0BRKNN8SB",
        "rating": "3.7",
        "totalReviews": "58",
        "subtitle": "Korintin",
        "isPrimeEligible": "1"
    },
    {
        "ASIN": "B0BCG1PMM2",
        "title": "2 in 1 Exfoliating Glove & Back Scrubber for Shower - \ud835\ude49\ud835\ude64 \ud835\ude49\ud835\ude5a\ud835\ude5a\ud835\ude59 \ud835\ude3c\ud835\ude68\ud835\ude60 \ud835\ude43\ud835\ude5a\ud835\ude61\ud835\ude65 Exfoliating Body Scrubber for Soft Skin, Dead Skin Remover for Body Exfoliator, Korean Exfoliating Mitt for Body",
        "price": "$8.99 ($8.99 / Count)",
        "listPrice": "$9.99 ($9.99 / Count)",
        "imageUrl": "https://m.media-amazon.com/images/I/41FwF4dwDAL._SL160_.jpg",
        "detailPageURL": "https://www.amazon.com/dp/B0BCG1PMM2",
        "rating": "4.4",
        "totalReviews": "358",
        "subtitle": "LECOMAY",
        "isPrimeEligible": "1"
    },
    {
        "ASIN": "B0C9R2WNPS",
        "title": "2 Pcs Orange Exfoliating Gel, Face and Body Exfoliating Scrub Gel, Deep Cleansing Moisturizing Facial Exfoliator.",
        "price": "$13.99 ($7.00 / Ounce)",
        "listPrice": "",
        "imageUrl": "https://m.media-amazon.com/images/I/31+oeNTd6vL._SL160_.jpg",
        "detailPageURL": "https://www.amazon.com/dp/B0C9R2WNPS",
        "rating": "3.8",
        "totalReviews": "6",
        "subtitle": "JISKG",
        "isPrimeEligible": "1"
    },
    {
        "ASIN": "B07D8DBS7S",
        "title": "Paula's Choice Skin Perfecting 2% BHA Liquid Salicylic Acid Exfoliant Duo, Gentle Exfoliator for Blackheads, Large Pores, Wrinkles & Fine Lines, Includes 1 Full Size Bottle & 1 Travel Size Bottle",
        "price": "$42.00 ($21.00 / Count)",
        "listPrice": "$47.00 ($23.50 / Count)",
        "imageUrl": "https://m.media-amazon.com/images/I/41LzB9ooL8L._SL160_.jpg",
        "detailPageURL": "https://www.amazon.com/dp/B07D8DBS7S",
        "rating": "4.7",
        "totalReviews": "2227",
        "subtitle": "Paula's Choice",
        "isPrimeEligible": "1"
    },
    {
        "ASIN": "B00AFYAXEO",
        "title": "Paula's Choice CLEAR Regular Strength Exfoliator, 2% Salicylic Acid Exfoliant for Acne, Redness Relief, 4 Ounce",
        "price": "$34.00 ($8.50 / Fl Oz)",
        "listPrice": "",
        "imageUrl": "https://m.media-amazon.com/images/I/31cma3o-FwL._SL160_.jpg",
        "detailPageURL": "https://www.amazon.com/dp/B00AFYAXEO",
        "rating": "4.5",
        "totalReviews": "1414",
        "subtitle": "Paula's Choice",
        "isPrimeEligible": "1"
    },
    {
        "ASIN": "B09Z65MN6N",
        "title": "Shower Gloves,24 Pcs Exfoliating Bath Gloves,Body Scrub Gloves with Hanging Loop for Beauty Spa Massage Skin Shower Body Scrubber-12 Colors",
        "price": "$9.99 ($0.42 / Count)",
        "listPrice": "",
        "imageUrl": "https://m.media-amazon.com/images/I/51EX2twPrgL._SL160_.jpg",
        "detailPageURL": "https://www.amazon.com/dp/B09Z65MN6N",
        "rating": "4.4",
        "totalReviews": "4516",
        "subtitle": "CVNDKN",
        "isPrimeEligible": "1"
    },
    {
        "ASIN": "B0CGP293GL",
        "title": "\ud835\udfee\ud835\udfec\ud835\udfee\ud835\udfef \ud835\udde8\ud835\uddfd\ud835\uddf4\ud835\uddff\ud835\uddee\ud835\uddf1\ud835\uddf2\ud835\uddf1 Exfoliating Glove & Face Scrubber - 2 IN 1 \ud835\udde7\ud835\uddf5\ud835\uddf6\ud835\uddf0\ud835\uddf8\ud835\uddf2\ud835\uddff Exfoliating Body Scrubber Exfoliator, Exfoliating Mitt Give \ud835\udde0\ud835\uddfc\ud835\uddff\ud835\uddf2 \ud835\uddd6\ud835\uddfc\ud835\uddfb\ud835\ude01\ud835\uddff\ud835\uddfc\ud835\uddf9 Body Scrubbers for Use in Shower",
        "price": "$5.99 ($5.99 / Count)",
        "listPrice": "",
        "imageUrl": "https://m.media-amazon.com/images/I/51imtvlk9zL._SL160_.jpg",
        "detailPageURL": "https://www.amazon.com/dp/B0CGP293GL",
        "rating": "4.7",
        "totalReviews": "3573",
        "subtitle": "",
        "isPrimeEligible": "1"
    },
    {
        "ASIN": "B0BGD1QQNR",
        "title": "Bikini Area Exfoliator, Exfoliating Scrub for Bikini Area, Ingrown Hair Treatment for Bikini Area, Razor Bump Treatment for Bikini Area, Sugar Scrub for Bikini Area, Shaving Exfoliator Scrub for Women",
        "price": "$24.99",
        "listPrice": "$34.99",
        "imageUrl": "https://m.media-amazon.com/images/I/4174h14yQCL._SL160_.jpg",
        "detailPageURL": "https://www.amazon.com/dp/B0BGD1QQNR",
        "rating": "4.5",
        "totalReviews": "561",
        "subtitle": "CIZ",
        "isPrimeEligible": "1"
    },
    {
        "ASIN": "B0BT6ZYDK1",
        "title": "Deep Exfoliating Mitt for Body Scrub. 2 Pack Plant-Based Exfoliating Gloves - Great for Dead Skin Removal, Keratosis Pilaris and Self Tanning",
        "price": "$5.89 ($2.94 / Count)",
        "listPrice": "$7.97 ($3.98 / Count)",
        "imageUrl": "https://m.media-amazon.com/images/I/51g9a7sR5ZL._SL160_.jpg",
        "detailPageURL": "https://www.amazon.com/dp/B0BT6ZYDK1",
        "rating": "4.3",
        "totalReviews": "183",
        "subtitle": "SimpleField",
        "isPrimeEligible": "1"
    },
    {
        "ASIN": "B0BRKNN8SB",
        "title": "Korean Exfoliating Mitt, Korintin 1Pcs Exfoliating Body Gloves Clean Dead Skin at Home, Great for Spray Tan Removal or Keratosis Pilaris",
        "price": "$3.29 ($3.29 / Count)",
        "listPrice": "",
        "imageUrl": "https://m.media-amazon.com/images/I/415flS06nuL._SL160_.jpg",
        "detailPageURL": "https://www.amazon.com/dp/B0BRKNN8SB",
        "rating": "3.7",
        "totalReviews": "58",
        "subtitle": "Korintin",
        "isPrimeEligible": "1"
    },
    {
        "ASIN": "B0BCG1PMM2",
        "title": "2 in 1 Exfoliating Glove & Back Scrubber for Shower - \ud835\ude49\ud835\ude64 \ud835\ude49\ud835\ude5a\ud835\ude5a\ud835\ude59 \ud835\ude3c\ud835\ude68\ud835\ude60 \ud835\ude43\ud835\ude5a\ud835\ude61\ud835\ude65 Exfoliating Body Scrubber for Soft Skin, Dead Skin Remover for Body Exfoliator, Korean Exfoliating Mitt for Body",
        "price": "$8.99 ($8.99 / Count)",
        "listPrice": "$9.99 ($9.99 / Count)",
        "imageUrl": "https://m.media-amazon.com/images/I/41FwF4dwDAL._SL160_.jpg",
        "detailPageURL": "https://www.amazon.com/dp/B0BCG1PMM2",
        "rating": "4.4",
        "totalReviews": "358",
        "subtitle": "LECOMAY",
        "isPrimeEligible": "1"
    },
    {
        "ASIN": "B0C9R2WNPS",
        "title": "2 Pcs Orange Exfoliating Gel, Face and Body Exfoliating Scrub Gel, Deep Cleansing Moisturizing Facial Exfoliator.",
        "price": "$13.99 ($7.00 / Ounce)",
        "listPrice": "",
        "imageUrl": "https://m.media-amazon.com/images/I/31+oeNTd6vL._SL160_.jpg",
        "detailPageURL": "https://www.amazon.com/dp/B0C9R2WNPS",
        "rating": "3.8",
        "totalReviews": "6",
        "subtitle": "JISKG",
        "isPrimeEligible": "1"
    },
    {
        "ASIN": "B017L8ZUJE",
        "title": "Tea Tree Oil Exfoliating Scrub with Bamboo Charcoal, Neem Oil & Natural Pumice by Oleavine TheraTree",
        "price": "$14.70 ($2.45 / Fl Oz)",
        "listPrice": "",
        "imageUrl": "https://m.media-amazon.com/images/I/41c56XcqytL._SL160_.jpg",
        "detailPageURL": "https://www.amazon.com/dp/B017L8ZUJE",
        "rating": "4.6",
        "totalReviews": "3129",
        "subtitle": "Oleavine",
        "isPrimeEligible": "1"
    },
    {
        "ASIN": "B00AFYAXEO",
        "title": "Paula's Choice CLEAR Regular Strength Exfoliator, 2% Salicylic Acid Exfoliant for Acne, Redness Relief, 4 Ounce",
        "price": "$34.00 ($8.50 / Fl Oz)",
        "listPrice": "",
        "imageUrl": "https://m.media-amazon.com/images/I/31cma3o-FwL._SL160_.jpg",
        "detailPageURL": "https://www.amazon.com/dp/B00AFYAXEO",
        "rating": "4.5",
        "totalReviews": "1414",
        "subtitle": "Paula's Choice",
        "isPrimeEligible": "1"
    },
    {
        "ASIN": "B09Z65MN6N",
        "title": "Shower Gloves,24 Pcs Exfoliating Bath Gloves,Body Scrub Gloves with Hanging Loop for Beauty Spa Massage Skin Shower Body Scrubber-12 Colors",
        "price": "$9.99 ($0.42 / Count)",
        "listPrice": "",
        "imageUrl": "https://m.media-amazon.com/images/I/51EX2twPrgL._SL160_.jpg",
        "detailPageURL": "https://www.amazon.com/dp/B09Z65MN6N",
        "rating": "4.4",
        "totalReviews": "4516",
        "subtitle": "CVNDKN",
        "isPrimeEligible": "1"
    },
    {
        "ASIN": "B0CGP293GL",
        "title": "\ud835\udfee\ud835\udfec\ud835\udfee\ud835\udfef \ud835\udde8\ud835\uddfd\ud835\uddf4\ud835\uddff\ud835\uddee\ud835\uddf1\ud835\uddf2\ud835\uddf1 Exfoliating Glove & Face Scrubber - 2 IN 1 \ud835\udde7\ud835\uddf5\ud835\uddf6\ud835\uddf0\ud835\uddf8\ud835\uddf2\ud835\uddff Exfoliating Body Scrubber Exfoliator, Exfoliating Mitt Give \ud835\udde0\ud835\uddfc\ud835\uddff\ud835\uddf2 \ud835\uddd6\ud835\uddfc\ud835\uddfb\ud835\ude01\ud835\uddff\ud835\uddfc\ud835\uddf9 Body Scrubbers for Use in Shower",
        "price": "$5.99 ($5.99 / Count)",
        "listPrice": "",
        "imageUrl": "https://m.media-amazon.com/images/I/51imtvlk9zL._SL160_.jpg",
        "detailPageURL": "https://www.amazon.com/dp/B0CGP293GL",
        "rating": "4.7",
        "totalReviews": "3573",
        "subtitle": "",
        "isPrimeEligible": "1"
    },
    {
        "ASIN": "B0BGD1QQNR",
        "title": "Bikini Area Exfoliator, Exfoliating Scrub for Bikini Area, Ingrown Hair Treatment for Bikini Area, Razor Bump Treatment for Bikini Area, Sugar Scrub for Bikini Area, Shaving Exfoliator Scrub for Women",
        "price": "$24.99",
        "listPrice": "$34.99",
        "imageUrl": "https://m.media-amazon.com/images/I/4174h14yQCL._SL160_.jpg",
        "detailPageURL": "https://www.amazon.com/dp/B0BGD1QQNR",
        "rating": "4.5",
        "totalReviews": "561",
        "subtitle": "CIZ",
        "isPrimeEligible": "1"
    },
    {
        "ASIN": "B0BT6ZYDK1",
        "title": "Deep Exfoliating Mitt for Body Scrub. 2 Pack Plant-Based Exfoliating Gloves - Great for Dead Skin Removal, Keratosis Pilaris and Self Tanning",
        "price": "$5.89 ($2.94 / Count)",
        "listPrice": "$7.97 ($3.98 / Count)",
        "imageUrl": "https://m.media-amazon.com/images/I/51g9a7sR5ZL._SL160_.jpg",
        "detailPageURL": "https://www.amazon.com/dp/B0BT6ZYDK1",
        "rating": "4.3",
        "totalReviews": "183",
        "subtitle": "SimpleField",
        "isPrimeEligible": "1"
    },
    {
        "ASIN": "B0BRKNN8SB",
        "title": "Korean Exfoliating Mitt, Korintin 1Pcs Exfoliating Body Gloves Clean Dead Skin at Home, Great for Spray Tan Removal or Keratosis Pilaris",
        "price": "$3.29 ($3.29 / Count)",
        "listPrice": "",
        "imageUrl": "https://m.media-amazon.com/images/I/415flS06nuL._SL160_.jpg",
        "detailPageURL": "https://www.amazon.com/dp/B0BRKNN8SB",
        "rating": "3.7",
        "totalReviews": "58",
        "subtitle": "Korintin",
        "isPrimeEligible": "1"
    },
    {
        "ASIN": "B0BCG1PMM2",
        "title": "2 in 1 Exfoliating Glove & Back Scrubber for Shower - \ud835\ude49\ud835\ude64 \ud835\ude49\ud835\ude5a\ud835\ude5a\ud835\ude59 \ud835\ude3c\ud835\ude68\ud835\ude60 \ud835\ude43\ud835\ude5a\ud835\ude61\ud835\ude65 Exfoliating Body Scrubber for Soft Skin, Dead Skin Remover for Body Exfoliator, Korean Exfoliating Mitt for Body",
        "price": "$8.99 ($8.99 / Count)",
        "listPrice": "$9.99 ($9.99 / Count)",
        "imageUrl": "https://m.media-amazon.com/images/I/41FwF4dwDAL._SL160_.jpg",
        "detailPageURL": "https://www.amazon.com/dp/B0BCG1PMM2",
        "rating": "4.4",
        "totalReviews": "358",
        "subtitle": "LECOMAY",
        "isPrimeEligible": "1"
    },
    {
        "ASIN": "B0C9R2WNPS",
        "title": "2 Pcs Orange Exfoliating Gel, Face and Body Exfoliating Scrub Gel, Deep Cleansing Moisturizing Facial Exfoliator.",
        "price": "$13.99 ($7.00 / Ounce)",
        "listPrice": "",
        "imageUrl": "https://m.media-amazon.com/images/I/31+oeNTd6vL._SL160_.jpg",
        "detailPageURL": "https://www.amazon.com/dp/B0C9R2WNPS",
        "rating": "3.8",
        "totalReviews": "6",
        "subtitle": "JISKG",
        "isPrimeEligible": "1"
    },
    {
        "ASIN": "B017L8ZUJE",
        "title": "Tea Tree Oil Exfoliating Scrub with Bamboo Charcoal, Neem Oil & Natural Pumice by Oleavine TheraTree",
        "price": "$14.70 ($2.45 / Fl Oz)",
        "listPrice": "",
        "imageUrl": "https://m.media-amazon.com/images/I/41c56XcqytL._SL160_.jpg",
        "detailPageURL": "https://www.amazon.com/dp/B017L8ZUJE",
        "rating": "4.6",
        "totalReviews": "3129",
        "subtitle": "Oleavine",
        "isPrimeEligible": "1"
    },
    {
        "ASIN": "B085J3T4WL",
        "title": "Dry Brushing Body Brush SCALA Natural Bristle Body Brush, Soft Body Exfoliating Brush Scrub for Dead Skin, Cellulite, Lymphatic Drainage, Blood Flow \u2013 Thicker & Stronger Medium Strength",
        "price": "$9.99",
        "listPrice": "",
        "imageUrl": "https://m.media-amazon.com/images/I/41YGYfWy07S._SL160_.jpg",
        "detailPageURL": "https://www.amazon.com/dp/B085J3T4WL",
        "rating": "4.6",
        "totalReviews": "5089",
        "subtitle": "Scala",
        "isPrimeEligible": "1"
    },
    {
        "ASIN": "B09Z65MN6N",
        "title": "Shower Gloves,24 Pcs Exfoliating Bath Gloves,Body Scrub Gloves with Hanging Loop for Beauty Spa Massage Skin Shower Body Scrubber-12 Colors",
        "price": "$9.99 ($0.42 / Count)",
        "listPrice": "",
        "imageUrl": "https://m.media-amazon.com/images/I/51EX2twPrgL._SL160_.jpg",
        "detailPageURL": "https://www.amazon.com/dp/B09Z65MN6N",
        "rating": "4.4",
        "totalReviews": "4516",
        "subtitle": "CVNDKN",
        "isPrimeEligible": "1"
    },
    {
        "ASIN": "B0CGP293GL",
        "title": "\ud835\udfee\ud835\udfec\ud835\udfee\ud835\udfef \ud835\udde8\ud835\uddfd\ud835\uddf4\ud835\uddff\ud835\uddee\ud835\uddf1\ud835\uddf2\ud835\uddf1 Exfoliating Glove & Face Scrubber - 2 IN 1 \ud835\udde7\ud835\uddf5\ud835\uddf6\ud835\uddf0\ud835\uddf8\ud835\uddf2\ud835\uddff Exfoliating Body Scrubber Exfoliator, Exfoliating Mitt Give \ud835\udde0\ud835\uddfc\ud835\uddff\ud835\uddf2 \ud835\uddd6\ud835\uddfc\ud835\uddfb\ud835\ude01\ud835\uddff\ud835\uddfc\ud835\uddf9 Body Scrubbers for Use in Shower",
        "price": "$5.99 ($5.99 / Count)",
        "listPrice": "",
        "imageUrl": "https://m.media-amazon.com/images/I/51imtvlk9zL._SL160_.jpg",
        "detailPageURL": "https://www.amazon.com/dp/B0CGP293GL",
        "rating": "4.7",
        "totalReviews": "3573",
        "subtitle": "",
        "isPrimeEligible": "1"
    },
    {
        "ASIN": "B0BGD1QQNR",
        "title": "Bikini Area Exfoliator, Exfoliating Scrub for Bikini Area, Ingrown Hair Treatment for Bikini Area, Razor Bump Treatment for Bikini Area, Sugar Scrub for Bikini Area, Shaving Exfoliator Scrub for Women",
        "price": "$24.99",
        "listPrice": "$34.99",
        "imageUrl": "https://m.media-amazon.com/images/I/4174h14yQCL._SL160_.jpg",
        "detailPageURL": "https://www.amazon.com/dp/B0BGD1QQNR",
        "rating": "4.5",
        "totalReviews": "561",
        "subtitle": "CIZ",
        "isPrimeEligible": "1"
    },
    {
        "ASIN": "B0BT6ZYDK1",
        "title": "Deep Exfoliating Mitt for Body Scrub. 2 Pack Plant-Based Exfoliating Gloves - Great for Dead Skin Removal, Keratosis Pilaris and Self Tanning",
        "price": "$5.89 ($2.94 / Count)",
        "listPrice": "$7.97 ($3.98 / Count)",
        "imageUrl": "https://m.media-amazon.com/images/I/51g9a7sR5ZL._SL160_.jpg",
        "detailPageURL": "https://www.amazon.com/dp/B0BT6ZYDK1",
        "rating": "4.3",
        "totalReviews": "183",
        "subtitle": "SimpleField",
        "isPrimeEligible": "1"
    },
    {
        "ASIN": "B0BRKNN8SB",
        "title": "Korean Exfoliating Mitt, Korintin 1Pcs Exfoliating Body Gloves Clean Dead Skin at Home, Great for Spray Tan Removal or Keratosis Pilaris",
        "price": "$3.29 ($3.29 / Count)",
        "listPrice": "",
        "imageUrl": "https://m.media-amazon.com/images/I/415flS06nuL._SL160_.jpg",
        "detailPageURL": "https://www.amazon.com/dp/B0BRKNN8SB",
        "rating": "3.7",
        "totalReviews": "58",
        "subtitle": "Korintin",
        "isPrimeEligible": "1"
    },
    {
        "ASIN": "B0BCG1PMM2",
        "title": "2 in 1 Exfoliating Glove & Back Scrubber for Shower - \ud835\ude49\ud835\ude64 \ud835\ude49\ud835\ude5a\ud835\ude5a\ud835\ude59 \ud835\ude3c\ud835\ude68\ud835\ude60 \ud835\ude43\ud835\ude5a\ud835\ude61\ud835\ude65 Exfoliating Body Scrubber for Soft Skin, Dead Skin Remover for Body Exfoliator, Korean Exfoliating Mitt for Body",
        "price": "$8.99 ($8.99 / Count)",
        "listPrice": "$9.99 ($9.99 / Count)",
        "imageUrl": "https://m.media-amazon.com/images/I/41FwF4dwDAL._SL160_.jpg",
        "detailPageURL": "https://www.amazon.com/dp/B0BCG1PMM2",
        "rating": "4.4",
        "totalReviews": "358",
        "subtitle": "LECOMAY",
        "isPrimeEligible": "1"
    },
    {
        "ASIN": "B0C9R2WNPS",
        "title": "2 Pcs Orange Exfoliating Gel, Face and Body Exfoliating Scrub Gel, Deep Cleansing Moisturizing Facial Exfoliator.",
        "price": "$13.99 ($7.00 / Ounce)",
        "listPrice": "",
        "imageUrl": "https://m.media-amazon.com/images/I/31+oeNTd6vL._SL160_.jpg",
        "detailPageURL": "https://www.amazon.com/dp/B0C9R2WNPS",
        "rating": "3.8",
        "totalReviews": "6",
        "subtitle": "JISKG",
        "isPrimeEligible": "1"
    },
    {
        "ASIN": "B017L8ZUJE",
        "title": "Tea Tree Oil Exfoliating Scrub with Bamboo Charcoal, Neem Oil & Natural Pumice by Oleavine TheraTree",
        "price": "$14.70 ($2.45 / Fl Oz)",
        "listPrice": "",
        "imageUrl": "https://m.media-amazon.com/images/I/41c56XcqytL._SL160_.jpg",
        "detailPageURL": "https://www.amazon.com/dp/B017L8ZUJE",
        "rating": "4.6",
        "totalReviews": "3129",
        "subtitle": "Oleavine",
        "isPrimeEligible": "1"
    },
    {
        "ASIN": "B085J3T4WL",
        "title": "Dry Brushing Body Brush SCALA Natural Bristle Body Brush, Soft Body Exfoliating Brush Scrub for Dead Skin, Cellulite, Lymphatic Drainage, Blood Flow \u2013 Thicker & Stronger Medium Strength",
        "price": "$9.99",
        "listPrice": "",
        "imageUrl": "https://m.media-amazon.com/images/I/41YGYfWy07S._SL160_.jpg",
        "detailPageURL": "https://www.amazon.com/dp/B085J3T4WL",
        "rating": "4.6",
        "totalReviews": "5089",
        "subtitle": "Scala",
        "isPrimeEligible": "1"
    },
    {
        "ASIN": "B0C9XCQRXV",
        "title": "Extra Rough Exfoliating Washcloth-Extreme Body & Back Scrubber for Shower, Extra Long, Hygienic Rough Exfoliator, Men & Women, 2 Count Pack, Black & Grey, Killer Exfoliator",
        "price": "$7.99 ($7.99 / Count)",
        "listPrice": "$15.94 ($15.94 / Count)",
        "imageUrl": "https://m.media-amazon.com/images/I/51ZbGFAj6eL._SL160_.jpg",
        "detailPageURL": "https://www.amazon.com/dp/B0C9XCQRXV",
        "rating": "4.3",
        "totalReviews": "26",
        "subtitle": "Killer Exfoliator",
        "isPrimeEligible": "1"
    },
    {
        "ASIN": "B0CGP293GL",
        "title": "\ud835\udfee\ud835\udfec\ud835\udfee\ud835\udfef \ud835\udde8\ud835\uddfd\ud835\uddf4\ud835\uddff\ud835\uddee\ud835\uddf1\ud835\uddf2\ud835\uddf1 Exfoliating Glove & Face Scrubber - 2 IN 1 \ud835\udde7\ud835\uddf5\ud835\uddf6\ud835\uddf0\ud835\uddf8\ud835\uddf2\ud835\uddff Exfoliating Body Scrubber Exfoliator, Exfoliating Mitt Give \ud835\udde0\ud835\uddfc\ud835\uddff\ud835\uddf2 \ud835\uddd6\ud835\uddfc\ud835\uddfb\ud835\ude01\ud835\uddff\ud835\uddfc\ud835\uddf9 Body Scrubbers for Use in Shower",
        "price": "$5.99 ($5.99 / Count)",
        "listPrice": "",
        "imageUrl": "https://m.media-amazon.com/images/I/51imtvlk9zL._SL160_.jpg",
        "detailPageURL": "https://www.amazon.com/dp/B0CGP293GL",
        "rating": "4.7",
        "totalReviews": "3573",
        "subtitle": "",
        "isPrimeEligible": "1"
    },
    {
        "ASIN": "B0BGD1QQNR",
        "title": "Bikini Area Exfoliator, Exfoliating Scrub for Bikini Area, Ingrown Hair Treatment for Bikini Area, Razor Bump Treatment for Bikini Area, Sugar Scrub for Bikini Area, Shaving Exfoliator Scrub for Women",
        "price": "$24.99",
        "listPrice": "$34.99",
        "imageUrl": "https://m.media-amazon.com/images/I/4174h14yQCL._SL160_.jpg",
        "detailPageURL": "https://www.amazon.com/dp/B0BGD1QQNR",
        "rating": "4.5",
        "totalReviews": "561",
        "subtitle": "CIZ",
        "isPrimeEligible": "1"
    },
    {
        "ASIN": "B0BT6ZYDK1",
        "title": "Deep Exfoliating Mitt for Body Scrub. 2 Pack Plant-Based Exfoliating Gloves - Great for Dead Skin Removal, Keratosis Pilaris and Self Tanning",
        "price": "$5.89 ($2.94 / Count)",
        "listPrice": "$7.97 ($3.98 / Count)",
        "imageUrl": "https://m.media-amazon.com/images/I/51g9a7sR5ZL._SL160_.jpg",
        "detailPageURL": "https://www.amazon.com/dp/B0BT6ZYDK1",
        "rating": "4.3",
        "totalReviews": "183",
        "subtitle": "SimpleField",
        "isPrimeEligible": "1"
    },
    {
        "ASIN": "B0BRKNN8SB",
        "title": "Korean Exfoliating Mitt, Korintin 1Pcs Exfoliating Body Gloves Clean Dead Skin at Home, Great for Spray Tan Removal or Keratosis Pilaris",
        "price": "$3.29 ($3.29 / Count)",
        "listPrice": "",
        "imageUrl": "https://m.media-amazon.com/images/I/415flS06nuL._SL160_.jpg",
        "detailPageURL": "https://www.amazon.com/dp/B0BRKNN8SB",
        "rating": "3.7",
        "totalReviews": "58",
        "subtitle": "Korintin",
        "isPrimeEligible": "1"
    },
    {
        "ASIN": "B0BCG1PMM2",
        "title": "2 in 1 Exfoliating Glove & Back Scrubber for Shower - \ud835\ude49\ud835\ude64 \ud835\ude49\ud835\ude5a\ud835\ude5a\ud835\ude59 \ud835\ude3c\ud835\ude68\ud835\ude60 \ud835\ude43\ud835\ude5a\ud835\ude61\ud835\ude65 Exfoliating Body Scrubber for Soft Skin, Dead Skin Remover for Body Exfoliator, Korean Exfoliating Mitt for Body",
        "price": "$8.99 ($8.99 / Count)",
        "listPrice": "$9.99 ($9.99 / Count)",
        "imageUrl": "https://m.media-amazon.com/images/I/41FwF4dwDAL._SL160_.jpg",
        "detailPageURL": "https://www.amazon.com/dp/B0BCG1PMM2",
        "rating": "4.4",
        "totalReviews": "358",
        "subtitle": "LECOMAY",
        "isPrimeEligible": "1"
    },
    {
        "ASIN": "B0C9R2WNPS",
        "title": "2 Pcs Orange Exfoliating Gel, Face and Body Exfoliating Scrub Gel, Deep Cleansing Moisturizing Facial Exfoliator.",
        "price": "$13.99 ($7.00 / Ounce)",
        "listPrice": "",
        "imageUrl": "https://m.media-amazon.com/images/I/31+oeNTd6vL._SL160_.jpg",
        "detailPageURL": "https://www.amazon.com/dp/B0C9R2WNPS",
        "rating": "3.8",
        "totalReviews": "6",
        "subtitle": "JISKG",
        "isPrimeEligible": "1"
    },
    {
        "ASIN": "B017L8ZUJE",
        "title": "Tea Tree Oil Exfoliating Scrub with Bamboo Charcoal, Neem Oil & Natural Pumice by Oleavine TheraTree",
        "price": "$14.70 ($2.45 / Fl Oz)",
        "listPrice": "",
        "imageUrl": "https://m.media-amazon.com/images/I/41c56XcqytL._SL160_.jpg",
        "detailPageURL": "https://www.amazon.com/dp/B017L8ZUJE",
        "rating": "4.6",
        "totalReviews": "3129",
        "subtitle": "Oleavine",
        "isPrimeEligible": "1"
    },
    {
        "ASIN": "B085J3T4WL",
        "title": "Dry Brushing Body Brush SCALA Natural Bristle Body Brush, Soft Body Exfoliating Brush Scrub for Dead Skin, Cellulite, Lymphatic Drainage, Blood Flow \u2013 Thicker & Stronger Medium Strength",
        "price": "$9.99",
        "listPrice": "",
        "imageUrl": "https://m.media-amazon.com/images/I/41YGYfWy07S._SL160_.jpg",
        "detailPageURL": "https://www.amazon.com/dp/B085J3T4WL",
        "rating": "4.6",
        "totalReviews": "5089",
        "subtitle": "Scala",
        "isPrimeEligible": "1"
    },
    {
        "ASIN": "B0C9XCQRXV",
        "title": "Extra Rough Exfoliating Washcloth-Extreme Body & Back Scrubber for Shower, Extra Long, Hygienic Rough Exfoliator, Men & Women, 2 Count Pack, Black & Grey, Killer Exfoliator",
        "price": "$7.99 ($7.99 / Count)",
        "listPrice": "$15.94 ($15.94 / Count)",
        "imageUrl": "https://m.media-amazon.com/images/I/51ZbGFAj6eL._SL160_.jpg",
        "detailPageURL": "https://www.amazon.com/dp/B0C9XCQRXV",
        "rating": "4.3",
        "totalReviews": "26",
        "subtitle": "Killer Exfoliator",
        "isPrimeEligible": "1"
    },
    {
        "ASIN": "B0BZ4R1P5N",
        "title": "30 Pcs Exfoliating Gloves for Shower, 15 Colors Body Exfoliator Glove with Hanging Loop, Scrub Exfoliate Glove Mitt Bath Face Spa Hand Scrubber Wash Deep Scrubbing Dead Skin for Women Men, by Aisuly",
        "price": "$9.99 ($0.33 / Count)",
        "listPrice": "$12.49 ($0.42 / Count)",
        "imageUrl": "https://m.media-amazon.com/images/I/51fQR2BJ4qL._SL160_.jpg",
        "detailPageURL": "https://www.amazon.com/dp/B0BZ4R1P5N",
        "rating": "4.6",
        "totalReviews": "55",
        "subtitle": "Aisuly",
        "isPrimeEligible": "1"
    },
    {
        "ASIN": "B0BGD1QQNR",
        "title": "Bikini Area Exfoliator, Exfoliating Scrub for Bikini Area, Ingrown Hair Treatment for Bikini Area, Razor Bump Treatment for Bikini Area, Sugar Scrub for Bikini Area, Shaving Exfoliator Scrub for Women",
        "price": "$24.99",
        "listPrice": "$34.99",
        "imageUrl": "https://m.media-amazon.com/images/I/4174h14yQCL._SL160_.jpg",
        "detailPageURL": "https://www.amazon.com/dp/B0BGD1QQNR",
        "rating": "4.5",
        "totalReviews": "561",
        "subtitle": "CIZ",
        "isPrimeEligible": "1"
    },
    {
        "ASIN": "B0BT6ZYDK1",
        "title": "Deep Exfoliating Mitt for Body Scrub. 2 Pack Plant-Based Exfoliating Gloves - Great for Dead Skin Removal, Keratosis Pilaris and Self Tanning",
        "price": "$5.89 ($2.94 / Count)",
        "listPrice": "$7.97 ($3.98 / Count)",
        "imageUrl": "https://m.media-amazon.com/images/I/51g9a7sR5ZL._SL160_.jpg",
        "detailPageURL": "https://www.amazon.com/dp/B0BT6ZYDK1",
        "rating": "4.3",
        "totalReviews": "183",
        "subtitle": "SimpleField",
        "isPrimeEligible": "1"
    },
    {
        "ASIN": "B0BRKNN8SB",
        "title": "Korean Exfoliating Mitt, Korintin 1Pcs Exfoliating Body Gloves Clean Dead Skin at Home, Great for Spray Tan Removal or Keratosis Pilaris",
        "price": "$3.29 ($3.29 / Count)",
        "listPrice": "",
        "imageUrl": "https://m.media-amazon.com/images/I/415flS06nuL._SL160_.jpg",
        "detailPageURL": "https://www.amazon.com/dp/B0BRKNN8SB",
        "rating": "3.7",
        "totalReviews": "58",
        "subtitle": "Korintin",
        "isPrimeEligible": "1"
    },
    {
        "ASIN": "B0BCG1PMM2",
        "title": "2 in 1 Exfoliating Glove & Back Scrubber for Shower - \ud835\ude49\ud835\ude64 \ud835\ude49\ud835\ude5a\ud835\ude5a\ud835\ude59 \ud835\ude3c\ud835\ude68\ud835\ude60 \ud835\ude43\ud835\ude5a\ud835\ude61\ud835\ude65 Exfoliating Body Scrubber for Soft Skin, Dead Skin Remover for Body Exfoliator, Korean Exfoliating Mitt for Body",
        "price": "$8.99 ($8.99 / Count)",
        "listPrice": "$9.99 ($9.99 / Count)",
        "imageUrl": "https://m.media-amazon.com/images/I/41FwF4dwDAL._SL160_.jpg",
        "detailPageURL": "https://www.amazon.com/dp/B0BCG1PMM2",
        "rating": "4.4",
        "totalReviews": "358",
        "subtitle": "LECOMAY",
        "isPrimeEligible": "1"
    },
    {
        "ASIN": "B0C9R2WNPS",
        "title": "2 Pcs Orange Exfoliating Gel, Face and Body Exfoliating Scrub Gel, Deep Cleansing Moisturizing Facial Exfoliator.",
        "price": "$13.99 ($7.00 / Ounce)",
        "listPrice": "",
        "imageUrl": "https://m.media-amazon.com/images/I/31+oeNTd6vL._SL160_.jpg",
        "detailPageURL": "https://www.amazon.com/dp/B0C9R2WNPS",
        "rating": "3.8",
        "totalReviews": "6",
        "subtitle": "JISKG",
        "isPrimeEligible": "1"
    },
    {
        "ASIN": "B017L8ZUJE",
        "title": "Tea Tree Oil Exfoliating Scrub with Bamboo Charcoal, Neem Oil & Natural Pumice by Oleavine TheraTree",
        "price": "$14.70 ($2.45 / Fl Oz)",
        "listPrice": "",
        "imageUrl": "https://m.media-amazon.com/images/I/41c56XcqytL._SL160_.jpg",
        "detailPageURL": "https://www.amazon.com/dp/B017L8ZUJE",
        "rating": "4.6",
        "totalReviews": "3129",
        "subtitle": "Oleavine",
        "isPrimeEligible": "1"
    },
    {
        "ASIN": "B085J3T4WL",
        "title": "Dry Brushing Body Brush SCALA Natural Bristle Body Brush, Soft Body Exfoliating Brush Scrub for Dead Skin, Cellulite, Lymphatic Drainage, Blood Flow \u2013 Thicker & Stronger Medium Strength",
        "price": "$9.99",
        "listPrice": "",
        "imageUrl": "https://m.media-amazon.com/images/I/41YGYfWy07S._SL160_.jpg",
        "detailPageURL": "https://www.amazon.com/dp/B085J3T4WL",
        "rating": "4.6",
        "totalReviews": "5089",
        "subtitle": "Scala",
        "isPrimeEligible": "1"
    },
    {
        "ASIN": "B0C9XCQRXV",
        "title": "Extra Rough Exfoliating Washcloth-Extreme Body & Back Scrubber for Shower, Extra Long, Hygienic Rough Exfoliator, Men & Women, 2 Count Pack, Black & Grey, Killer Exfoliator",
        "price": "$7.99 ($7.99 / Count)",
        "listPrice": "$15.94 ($15.94 / Count)",
        "imageUrl": "https://m.media-amazon.com/images/I/51ZbGFAj6eL._SL160_.jpg",
        "detailPageURL": "https://www.amazon.com/dp/B0C9XCQRXV",
        "rating": "4.3",
        "totalReviews": "26",
        "subtitle": "Killer Exfoliator",
        "isPrimeEligible": "1"
    },
    {
        "ASIN": "B0BZ4R1P5N",
        "title": "30 Pcs Exfoliating Gloves for Shower, 15 Colors Body Exfoliator Glove with Hanging Loop, Scrub Exfoliate Glove Mitt Bath Face Spa Hand Scrubber Wash Deep Scrubbing Dead Skin for Women Men, by Aisuly",
        "price": "$9.99 ($0.33 / Count)",
        "listPrice": "$12.49 ($0.42 / Count)",
        "imageUrl": "https://m.media-amazon.com/images/I/51fQR2BJ4qL._SL160_.jpg",
        "detailPageURL": "https://www.amazon.com/dp/B0BZ4R1P5N",
        "rating": "4.6",
        "totalReviews": "55",
        "subtitle": "Aisuly",
        "isPrimeEligible": "1"
    },
    {
        "ASIN": "B071JC2CGM",
        "title": "Earth Therapeutics Exfoliating Body Sponge",
        "price": "$8.99",
        "listPrice": "",
        "imageUrl": "https://m.media-amazon.com/images/I/41Hm+r0nmIL._SL160_.jpg",
        "detailPageURL": "https://www.amazon.com/dp/B071JC2CGM",
        "rating": "4.3",
        "totalReviews": "70",
        "subtitle": "Earth Therapeutics",
        "isPrimeEligible": "0"
    },
    {
        "ASIN": "B0BT6ZYDK1",
        "title": "Deep Exfoliating Mitt for Body Scrub. 2 Pack Plant-Based Exfoliating Gloves - Great for Dead Skin Removal, Keratosis Pilaris and Self Tanning",
        "price": "$5.89 ($2.94 / Count)",
        "listPrice": "$7.97 ($3.98 / Count)",
        "imageUrl": "https://m.media-amazon.com/images/I/51g9a7sR5ZL._SL160_.jpg",
        "detailPageURL": "https://www.amazon.com/dp/B0BT6ZYDK1",
        "rating": "4.3",
        "totalReviews": "183",
        "subtitle": "SimpleField",
        "isPrimeEligible": "1"
    },
    {
        "ASIN": "B0BRKNN8SB",
        "title": "Korean Exfoliating Mitt, Korintin 1Pcs Exfoliating Body Gloves Clean Dead Skin at Home, Great for Spray Tan Removal or Keratosis Pilaris",
        "price": "$3.29 ($3.29 / Count)",
        "listPrice": "",
        "imageUrl": "https://m.media-amazon.com/images/I/415flS06nuL._SL160_.jpg",
        "detailPageURL": "https://www.amazon.com/dp/B0BRKNN8SB",
        "rating": "3.7",
        "totalReviews": "58",
        "subtitle": "Korintin",
        "isPrimeEligible": "1"
    },
    {
        "ASIN": "B0BCG1PMM2",
        "title": "2 in 1 Exfoliating Glove & Back Scrubber for Shower - \ud835\ude49\ud835\ude64 \ud835\ude49\ud835\ude5a\ud835\ude5a\ud835\ude59 \ud835\ude3c\ud835\ude68\ud835\ude60 \ud835\ude43\ud835\ude5a\ud835\ude61\ud835\ude65 Exfoliating Body Scrubber for Soft Skin, Dead Skin Remover for Body Exfoliator, Korean Exfoliating Mitt for Body",
        "price": "$8.99 ($8.99 / Count)",
        "listPrice": "$9.99 ($9.99 / Count)",
        "imageUrl": "https://m.media-amazon.com/images/I/41FwF4dwDAL._SL160_.jpg",
        "detailPageURL": "https://www.amazon.com/dp/B0BCG1PMM2",
        "rating": "4.4",
        "totalReviews": "358",
        "subtitle": "LECOMAY",
        "isPrimeEligible": "1"
    },
    {
        "ASIN": "B0C9R2WNPS",
        "title": "2 Pcs Orange Exfoliating Gel, Face and Body Exfoliating Scrub Gel, Deep Cleansing Moisturizing Facial Exfoliator.",
        "price": "$13.99 ($7.00 / Ounce)",
        "listPrice": "",
        "imageUrl": "https://m.media-amazon.com/images/I/31+oeNTd6vL._SL160_.jpg",
        "detailPageURL": "https://www.amazon.com/dp/B0C9R2WNPS",
        "rating": "3.8",
        "totalReviews": "6",
        "subtitle": "JISKG",
        "isPrimeEligible": "1"
    },
    {
        "ASIN": "B017L8ZUJE",
        "title": "Tea Tree Oil Exfoliating Scrub with Bamboo Charcoal, Neem Oil & Natural Pumice by Oleavine TheraTree",
        "price": "$14.70 ($2.45 / Fl Oz)",
        "listPrice": "",
        "imageUrl": "https://m.media-amazon.com/images/I/41c56XcqytL._SL160_.jpg",
        "detailPageURL": "https://www.amazon.com/dp/B017L8ZUJE",
        "rating": "4.6",
        "totalReviews": "3129",
        "subtitle": "Oleavine",
        "isPrimeEligible": "1"
    },
    {
        "ASIN": "B085J3T4WL",
        "title": "Dry Brushing Body Brush SCALA Natural Bristle Body Brush, Soft Body Exfoliating Brush Scrub for Dead Skin, Cellulite, Lymphatic Drainage, Blood Flow \u2013 Thicker & Stronger Medium Strength",
        "price": "$9.99",
        "listPrice": "",
        "imageUrl": "https://m.media-amazon.com/images/I/41YGYfWy07S._SL160_.jpg",
        "detailPageURL": "https://www.amazon.com/dp/B085J3T4WL",
        "rating": "4.6",
        "totalReviews": "5089",
        "subtitle": "Scala",
        "isPrimeEligible": "1"
    },
    {
        "ASIN": "B0C9XCQRXV",
        "title": "Extra Rough Exfoliating Washcloth-Extreme Body & Back Scrubber for Shower, Extra Long, Hygienic Rough Exfoliator, Men & Women, 2 Count Pack, Black & Grey, Killer Exfoliator",
        "price": "$7.99 ($7.99 / Count)",
        "listPrice": "$15.94 ($15.94 / Count)",
        "imageUrl": "https://m.media-amazon.com/images/I/51ZbGFAj6eL._SL160_.jpg",
        "detailPageURL": "https://www.amazon.com/dp/B0C9XCQRXV",
        "rating": "4.3",
        "totalReviews": "26",
        "subtitle": "Killer Exfoliator",
        "isPrimeEligible": "1"
    },
    {
        "ASIN": "B0BZ4R1P5N",
        "title": "30 Pcs Exfoliating Gloves for Shower, 15 Colors Body Exfoliator Glove with Hanging Loop, Scrub Exfoliate Glove Mitt Bath Face Spa Hand Scrubber Wash Deep Scrubbing Dead Skin for Women Men, by Aisuly",
        "price": "$9.99 ($0.33 / Count)",
        "listPrice": "$12.49 ($0.42 / Count)",
        "imageUrl": "https://m.media-amazon.com/images/I/51fQR2BJ4qL._SL160_.jpg",
        "detailPageURL": "https://www.amazon.com/dp/B0BZ4R1P5N",
        "rating": "4.6",
        "totalReviews": "55",
        "subtitle": "Aisuly",
        "isPrimeEligible": "1"
    },
    {
        "ASIN": "B071JC2CGM",
        "title": "Earth Therapeutics Exfoliating Body Sponge",
        "price": "$8.99",
        "listPrice": "",
        "imageUrl": "https://m.media-amazon.com/images/I/41Hm+r0nmIL._SL160_.jpg",
        "detailPageURL": "https://www.amazon.com/dp/B071JC2CGM",
        "rating": "4.3",
        "totalReviews": "70",
        "subtitle": "Earth Therapeutics",
        "isPrimeEligible": "0"
    },
    {
        "ASIN": "B07N16N8N5",
        "title": "Bliss Jelly Glow Peel\u2122 Gentle Non-Abrasive Cleanser and Exfoliator With Fruit Enzymes - 4 Oz - Nourishes and Hydrates Skin - Clean - Vegan & Cruelty Free",
        "price": "$10.00 ($2.50 / Fl Oz)",
        "listPrice": "$14.99 ($3.75 / Fl Oz)",
        "imageUrl": "https://m.media-amazon.com/images/I/41Lmb++dNiL._SL160_.jpg",
        "detailPageURL": "https://www.amazon.com/dp/B07N16N8N5",
        "rating": "4.4",
        "totalReviews": "3848",
        "subtitle": "Bliss",
        "isPrimeEligible": "1"
    },
    {
        "ASIN": "B0BRKNN8SB",
        "title": "Korean Exfoliating Mitt, Korintin 1Pcs Exfoliating Body Gloves Clean Dead Skin at Home, Great for Spray Tan Removal or Keratosis Pilaris",
        "price": "$3.29 ($3.29 / Count)",
        "listPrice": "",
        "imageUrl": "https://m.media-amazon.com/images/I/415flS06nuL._SL160_.jpg",
        "detailPageURL": "https://www.amazon.com/dp/B0BRKNN8SB",
        "rating": "3.7",
        "totalReviews": "58",
        "subtitle": "Korintin",
        "isPrimeEligible": "1"
    },
    {
        "ASIN": "B0BCG1PMM2",
        "title": "2 in 1 Exfoliating Glove & Back Scrubber for Shower - \ud835\ude49\ud835\ude64 \ud835\ude49\ud835\ude5a\ud835\ude5a\ud835\ude59 \ud835\ude3c\ud835\ude68\ud835\ude60 \ud835\ude43\ud835\ude5a\ud835\ude61\ud835\ude65 Exfoliating Body Scrubber for Soft Skin, Dead Skin Remover for Body Exfoliator, Korean Exfoliating Mitt for Body",
        "price": "$8.99 ($8.99 / Count)",
        "listPrice": "$9.99 ($9.99 / Count)",
        "imageUrl": "https://m.media-amazon.com/images/I/41FwF4dwDAL._SL160_.jpg",
        "detailPageURL": "https://www.amazon.com/dp/B0BCG1PMM2",
        "rating": "4.4",
        "totalReviews": "358",
        "subtitle": "LECOMAY",
        "isPrimeEligible": "1"
    },
    {
        "ASIN": "B0C9R2WNPS",
        "title": "2 Pcs Orange Exfoliating Gel, Face and Body Exfoliating Scrub Gel, Deep Cleansing Moisturizing Facial Exfoliator.",
        "price": "$13.99 ($7.00 / Ounce)",
        "listPrice": "",
        "imageUrl": "https://m.media-amazon.com/images/I/31+oeNTd6vL._SL160_.jpg",
        "detailPageURL": "https://www.amazon.com/dp/B0C9R2WNPS",
        "rating": "3.8",
        "totalReviews": "6",
        "subtitle": "JISKG",
        "isPrimeEligible": "1"
    },
    {
        "ASIN": "B017L8ZUJE",
        "title": "Tea Tree Oil Exfoliating Scrub with Bamboo Charcoal, Neem Oil & Natural Pumice by Oleavine TheraTree",
        "price": "$14.70 ($2.45 / Fl Oz)",
        "listPrice": "",
        "imageUrl": "https://m.media-amazon.com/images/I/41c56XcqytL._SL160_.jpg",
        "detailPageURL": "https://www.amazon.com/dp/B017L8ZUJE",
        "rating": "4.6",
        "totalReviews": "3129",
        "subtitle": "Oleavine",
        "isPrimeEligible": "1"
    },
    {
        "ASIN": "B085J3T4WL",
        "title": "Dry Brushing Body Brush SCALA Natural Bristle Body Brush, Soft Body Exfoliating Brush Scrub for Dead Skin, Cellulite, Lymphatic Drainage, Blood Flow \u2013 Thicker & Stronger Medium Strength",
        "price": "$9.99",
        "listPrice": "",
        "imageUrl": "https://m.media-amazon.com/images/I/41YGYfWy07S._SL160_.jpg",
        "detailPageURL": "https://www.amazon.com/dp/B085J3T4WL",
        "rating": "4.6",
        "totalReviews": "5089",
        "subtitle": "Scala",
        "isPrimeEligible": "1"
    },
    {
        "ASIN": "B0C9XCQRXV",
        "title": "Extra Rough Exfoliating Washcloth-Extreme Body & Back Scrubber for Shower, Extra Long, Hygienic Rough Exfoliator, Men & Women, 2 Count Pack, Black & Grey, Killer Exfoliator",
        "price": "$7.99 ($7.99 / Count)",
        "listPrice": "$15.94 ($15.94 / Count)",
        "imageUrl": "https://m.media-amazon.com/images/I/51ZbGFAj6eL._SL160_.jpg",
        "detailPageURL": "https://www.amazon.com/dp/B0C9XCQRXV",
        "rating": "4.3",
        "totalReviews": "26",
        "subtitle": "Killer Exfoliator",
        "isPrimeEligible": "1"
    },
    {
        "ASIN": "B0BZ4R1P5N",
        "title": "30 Pcs Exfoliating Gloves for Shower, 15 Colors Body Exfoliator Glove with Hanging Loop, Scrub Exfoliate Glove Mitt Bath Face Spa Hand Scrubber Wash Deep Scrubbing Dead Skin for Women Men, by Aisuly",
        "price": "$9.99 ($0.33 / Count)",
        "listPrice": "$12.49 ($0.42 / Count)",
        "imageUrl": "https://m.media-amazon.com/images/I/51fQR2BJ4qL._SL160_.jpg",
        "detailPageURL": "https://www.amazon.com/dp/B0BZ4R1P5N",
        "rating": "4.6",
        "totalReviews": "55",
        "subtitle": "Aisuly",
        "isPrimeEligible": "1"
    },
    {
        "ASIN": "B071JC2CGM",
        "title": "Earth Therapeutics Exfoliating Body Sponge",
        "price": "$8.99",
        "listPrice": "",
        "imageUrl": "https://m.media-amazon.com/images/I/41Hm+r0nmIL._SL160_.jpg",
        "detailPageURL": "https://www.amazon.com/dp/B071JC2CGM",
        "rating": "4.3",
        "totalReviews": "70",
        "subtitle": "Earth Therapeutics",
        "isPrimeEligible": "0"
    },
    {
        "ASIN": "B07N16N8N5",
        "title": "Bliss Jelly Glow Peel\u2122 Gentle Non-Abrasive Cleanser and Exfoliator With Fruit Enzymes - 4 Oz - Nourishes and Hydrates Skin - Clean - Vegan & Cruelty Free",
        "price": "$10.00 ($2.50 / Fl Oz)",
        "listPrice": "$14.99 ($3.75 / Fl Oz)",
        "imageUrl": "https://m.media-amazon.com/images/I/41Lmb++dNiL._SL160_.jpg",
        "detailPageURL": "https://www.amazon.com/dp/B07N16N8N5",
        "rating": "4.4",
        "totalReviews": "3848",
        "subtitle": "Bliss",
        "isPrimeEligible": "1"
    },
    {
        "ASIN": "B093VT7R7T",
        "title": "Differin Face Scrub Daily Brightening Exfoliator, Improves Tone and Texture for Acne Prone Skin, Green, 6 Fl Oz (Packaging May Vary)",
        "price": "$10.97 ($1.83 / Fl Oz)",
        "listPrice": "",
        "imageUrl": "https://m.media-amazon.com/images/I/41FGWMgKtZL._SL160_.jpg",
        "detailPageURL": "https://www.amazon.com/dp/B093VT7R7T",
        "rating": "4.5",
        "totalReviews": "1042",
        "subtitle": "Differin",
        "isPrimeEligible": "1"
    },
    {
        "ASIN": "B0BCG1PMM2",
        "title": "2 in 1 Exfoliating Glove & Back Scrubber for Shower - \ud835\ude49\ud835\ude64 \ud835\ude49\ud835\ude5a\ud835\ude5a\ud835\ude59 \ud835\ude3c\ud835\ude68\ud835\ude60 \ud835\ude43\ud835\ude5a\ud835\ude61\ud835\ude65 Exfoliating Body Scrubber for Soft Skin, Dead Skin Remover for Body Exfoliator, Korean Exfoliating Mitt for Body",
        "price": "$8.99 ($8.99 / Count)",
        "listPrice": "$9.99 ($9.99 / Count)",
        "imageUrl": "https://m.media-amazon.com/images/I/41FwF4dwDAL._SL160_.jpg",
        "detailPageURL": "https://www.amazon.com/dp/B0BCG1PMM2",
        "rating": "4.4",
        "totalReviews": "358",
        "subtitle": "LECOMAY",
        "isPrimeEligible": "1"
    },
    {
        "ASIN": "B0C9R2WNPS",
        "title": "2 Pcs Orange Exfoliating Gel, Face and Body Exfoliating Scrub Gel, Deep Cleansing Moisturizing Facial Exfoliator.",
        "price": "$13.99 ($7.00 / Ounce)",
        "listPrice": "",
        "imageUrl": "https://m.media-amazon.com/images/I/31+oeNTd6vL._SL160_.jpg",
        "detailPageURL": "https://www.amazon.com/dp/B0C9R2WNPS",
        "rating": "3.8",
        "totalReviews": "6",
        "subtitle": "JISKG",
        "isPrimeEligible": "1"
    },
    {
        "ASIN": "B017L8ZUJE",
        "title": "Tea Tree Oil Exfoliating Scrub with Bamboo Charcoal, Neem Oil & Natural Pumice by Oleavine TheraTree",
        "price": "$14.70 ($2.45 / Fl Oz)",
        "listPrice": "",
        "imageUrl": "https://m.media-amazon.com/images/I/41c56XcqytL._SL160_.jpg",
        "detailPageURL": "https://www.amazon.com/dp/B017L8ZUJE",
        "rating": "4.6",
        "totalReviews": "3129",
        "subtitle": "Oleavine",
        "isPrimeEligible": "1"
    },
    {
        "ASIN": "B085J3T4WL",
        "title": "Dry Brushing Body Brush SCALA Natural Bristle Body Brush, Soft Body Exfoliating Brush Scrub for Dead Skin, Cellulite, Lymphatic Drainage, Blood Flow \u2013 Thicker & Stronger Medium Strength",
        "price": "$9.99",
        "listPrice": "",
        "imageUrl": "https://m.media-amazon.com/images/I/41YGYfWy07S._SL160_.jpg",
        "detailPageURL": "https://www.amazon.com/dp/B085J3T4WL",
        "rating": "4.6",
        "totalReviews": "5089",
        "subtitle": "Scala",
        "isPrimeEligible": "1"
    },
    {
        "ASIN": "B0C9XCQRXV",
        "title": "Extra Rough Exfoliating Washcloth-Extreme Body & Back Scrubber for Shower, Extra Long, Hygienic Rough Exfoliator, Men & Women, 2 Count Pack, Black & Grey, Killer Exfoliator",
        "price": "$7.99 ($7.99 / Count)",
        "listPrice": "$15.94 ($15.94 / Count)",
        "imageUrl": "https://m.media-amazon.com/images/I/51ZbGFAj6eL._SL160_.jpg",
        "detailPageURL": "https://www.amazon.com/dp/B0C9XCQRXV",
        "rating": "4.3",
        "totalReviews": "26",
        "subtitle": "Killer Exfoliator",
        "isPrimeEligible": "1"
    },
    {
        "ASIN": "B0BZ4R1P5N",
        "title": "30 Pcs Exfoliating Gloves for Shower, 15 Colors Body Exfoliator Glove with Hanging Loop, Scrub Exfoliate Glove Mitt Bath Face Spa Hand Scrubber Wash Deep Scrubbing Dead Skin for Women Men, by Aisuly",
        "price": "$9.99 ($0.33 / Count)",
        "listPrice": "$12.49 ($0.42 / Count)",
        "imageUrl": "https://m.media-amazon.com/images/I/51fQR2BJ4qL._SL160_.jpg",
        "detailPageURL": "https://www.amazon.com/dp/B0BZ4R1P5N",
        "rating": "4.6",
        "totalReviews": "55",
        "subtitle": "Aisuly",
        "isPrimeEligible": "1"
    },
    {
        "ASIN": "B071JC2CGM",
        "title": "Earth Therapeutics Exfoliating Body Sponge",
        "price": "$8.99",
        "listPrice": "",
        "imageUrl": "https://m.media-amazon.com/images/I/41Hm+r0nmIL._SL160_.jpg",
        "detailPageURL": "https://www.amazon.com/dp/B071JC2CGM",
        "rating": "4.3",
        "totalReviews": "70",
        "subtitle": "Earth Therapeutics",
        "isPrimeEligible": "0"
    },
    {
        "ASIN": "B07N16N8N5",
        "title": "Bliss Jelly Glow Peel\u2122 Gentle Non-Abrasive Cleanser and Exfoliator With Fruit Enzymes - 4 Oz - Nourishes and Hydrates Skin - Clean - Vegan & Cruelty Free",
        "price": "$10.00 ($2.50 / Fl Oz)",
        "listPrice": "$14.99 ($3.75 / Fl Oz)",
        "imageUrl": "https://m.media-amazon.com/images/I/41Lmb++dNiL._SL160_.jpg",
        "detailPageURL": "https://www.amazon.com/dp/B07N16N8N5",
        "rating": "4.4",
        "totalReviews": "3848",
        "subtitle": "Bliss",
        "isPrimeEligible": "1"
    },
    {
        "ASIN": "B093VT7R7T",
        "title": "Differin Face Scrub Daily Brightening Exfoliator, Improves Tone and Texture for Acne Prone Skin, Green, 6 Fl Oz (Packaging May Vary)",
        "price": "$10.97 ($1.83 / Fl Oz)",
        "listPrice": "",
        "imageUrl": "https://m.media-amazon.com/images/I/41FGWMgKtZL._SL160_.jpg",
        "detailPageURL": "https://www.amazon.com/dp/B093VT7R7T",
        "rating": "4.5",
        "totalReviews": "1042",
        "subtitle": "Differin",
        "isPrimeEligible": "1"
    },
    {
        "ASIN": "B002VWL2FW",
        "title": "Burt's Bees Peach and Willow Bark Deep Pore Exfoliating Facial Scrub, Package May Vary, 4 Oz",
        "price": "$6.88 ($1.72 / Ounce)",
        "listPrice": "$7.99 ($2.00 / Ounce)",
        "imageUrl": "https://m.media-amazon.com/images/I/413d5smB14L._SL160_.jpg",
        "detailPageURL": "https://www.amazon.com/dp/B002VWL2FW",
        "rating": "4.5",
        "totalReviews": "2996",
        "subtitle": "Burt's Bees",
        "isPrimeEligible": "1"
    },
    {
        "ASIN": "B0C9R2WNPS",
        "title": "2 Pcs Orange Exfoliating Gel, Face and Body Exfoliating Scrub Gel, Deep Cleansing Moisturizing Facial Exfoliator.",
        "price": "$13.99 ($7.00 / Ounce)",
        "listPrice": "",
        "imageUrl": "https://m.media-amazon.com/images/I/31+oeNTd6vL._SL160_.jpg",
        "detailPageURL": "https://www.amazon.com/dp/B0C9R2WNPS",
        "rating": "3.8",
        "totalReviews": "6",
        "subtitle": "JISKG",
        "isPrimeEligible": "1"
    },
    {
        "ASIN": "B017L8ZUJE",
        "title": "Tea Tree Oil Exfoliating Scrub with Bamboo Charcoal, Neem Oil & Natural Pumice by Oleavine TheraTree",
        "price": "$14.70 ($2.45 / Fl Oz)",
        "listPrice": "",
        "imageUrl": "https://m.media-amazon.com/images/I/41c56XcqytL._SL160_.jpg",
        "detailPageURL": "https://www.amazon.com/dp/B017L8ZUJE",
        "rating": "4.6",
        "totalReviews": "3129",
        "subtitle": "Oleavine",
        "isPrimeEligible": "1"
    },
    {
        "ASIN": "B085J3T4WL",
        "title": "Dry Brushing Body Brush SCALA Natural Bristle Body Brush, Soft Body Exfoliating Brush Scrub for Dead Skin, Cellulite, Lymphatic Drainage, Blood Flow \u2013 Thicker & Stronger Medium Strength",
        "price": "$9.99",
        "listPrice": "",
        "imageUrl": "https://m.media-amazon.com/images/I/41YGYfWy07S._SL160_.jpg",
        "detailPageURL": "https://www.amazon.com/dp/B085J3T4WL",
        "rating": "4.6",
        "totalReviews": "5089",
        "subtitle": "Scala",
        "isPrimeEligible": "1"
    },
    {
        "ASIN": "B0C9XCQRXV",
        "title": "Extra Rough Exfoliating Washcloth-Extreme Body & Back Scrubber for Shower, Extra Long, Hygienic Rough Exfoliator, Men & Women, 2 Count Pack, Black & Grey, Killer Exfoliator",
        "price": "$7.99 ($7.99 / Count)",
        "listPrice": "$15.94 ($15.94 / Count)",
        "imageUrl": "https://m.media-amazon.com/images/I/51ZbGFAj6eL._SL160_.jpg",
        "detailPageURL": "https://www.amazon.com/dp/B0C9XCQRXV",
        "rating": "4.3",
        "totalReviews": "26",
        "subtitle": "Killer Exfoliator",
        "isPrimeEligible": "1"
    },
    {
        "ASIN": "B0BZ4R1P5N",
        "title": "30 Pcs Exfoliating Gloves for Shower, 15 Colors Body Exfoliator Glove with Hanging Loop, Scrub Exfoliate Glove Mitt Bath Face Spa Hand Scrubber Wash Deep Scrubbing Dead Skin for Women Men, by Aisuly",
        "price": "$9.99 ($0.33 / Count)",
        "listPrice": "$12.49 ($0.42 / Count)",
        "imageUrl": "https://m.media-amazon.com/images/I/51fQR2BJ4qL._SL160_.jpg",
        "detailPageURL": "https://www.amazon.com/dp/B0BZ4R1P5N",
        "rating": "4.6",
        "totalReviews": "55",
        "subtitle": "Aisuly",
        "isPrimeEligible": "1"
    },
    {
        "ASIN": "B071JC2CGM",
        "title": "Earth Therapeutics Exfoliating Body Sponge",
        "price": "$8.99",
        "listPrice": "",
        "imageUrl": "https://m.media-amazon.com/images/I/41Hm+r0nmIL._SL160_.jpg",
        "detailPageURL": "https://www.amazon.com/dp/B071JC2CGM",
        "rating": "4.3",
        "totalReviews": "70",
        "subtitle": "Earth Therapeutics",
        "isPrimeEligible": "0"
    },
    {
        "ASIN": "B07N16N8N5",
        "title": "Bliss Jelly Glow Peel\u2122 Gentle Non-Abrasive Cleanser and Exfoliator With Fruit Enzymes - 4 Oz - Nourishes and Hydrates Skin - Clean - Vegan & Cruelty Free",
        "price": "$10.00 ($2.50 / Fl Oz)",
        "listPrice": "$14.99 ($3.75 / Fl Oz)",
        "imageUrl": "https://m.media-amazon.com/images/I/41Lmb++dNiL._SL160_.jpg",
        "detailPageURL": "https://www.amazon.com/dp/B07N16N8N5",
        "rating": "4.4",
        "totalReviews": "3848",
        "subtitle": "Bliss",
        "isPrimeEligible": "1"
    },
    {
        "ASIN": "B093VT7R7T",
        "title": "Differin Face Scrub Daily Brightening Exfoliator, Improves Tone and Texture for Acne Prone Skin, Green, 6 Fl Oz (Packaging May Vary)",
        "price": "$10.97 ($1.83 / Fl Oz)",
        "listPrice": "",
        "imageUrl": "https://m.media-amazon.com/images/I/41FGWMgKtZL._SL160_.jpg",
        "detailPageURL": "https://www.amazon.com/dp/B093VT7R7T",
        "rating": "4.5",
        "totalReviews": "1042",
        "subtitle": "Differin",
        "isPrimeEligible": "1"
    },
    {
        "ASIN": "B002VWL2FW",
        "title": "Burt's Bees Peach and Willow Bark Deep Pore Exfoliating Facial Scrub, Package May Vary, 4 Oz",
        "price": "$6.88 ($1.72 / Ounce)",
        "listPrice": "$7.99 ($2.00 / Ounce)",
        "imageUrl": "https://m.media-amazon.com/images/I/413d5smB14L._SL160_.jpg",
        "detailPageURL": "https://www.amazon.com/dp/B002VWL2FW",
        "rating": "4.5",
        "totalReviews": "2996",
        "subtitle": "Burt's Bees",
        "isPrimeEligible": "1"
    },
    {
        "ASIN": "B07GBYWW3S",
        "title": "e.l.f, Lip Exfoliator, Smoothing, Conditioning, Easy To Apply, Removes Dry, Chapped Skin, Coconut, Infused with Vitamin E, Shea Butter, Avocado, Grape and Jojoba Oils, 0.11 Oz",
        "price": "$5.00",
        "listPrice": "",
        "imageUrl": "https://m.media-amazon.com/images/I/31S8liIxRJL._SL160_.jpg",
        "detailPageURL": "https://www.amazon.com/dp/B07GBYWW3S",
        "rating": "4.3",
        "totalReviews": "7017",
        "subtitle": "e.l.f.",
        "isPrimeEligible": "1"
    },
    {
        "ASIN": "B017L8ZUJE",
        "title": "Tea Tree Oil Exfoliating Scrub with Bamboo Charcoal, Neem Oil & Natural Pumice by Oleavine TheraTree",
        "price": "$14.70 ($2.45 / Fl Oz)",
        "listPrice": "",
        "imageUrl": "https://m.media-amazon.com/images/I/41c56XcqytL._SL160_.jpg",
        "detailPageURL": "https://www.amazon.com/dp/B017L8ZUJE",
        "rating": "4.6",
        "totalReviews": "3129",
        "subtitle": "Oleavine",
        "isPrimeEligible": "1"
    },
    {
        "ASIN": "B085J3T4WL",
        "title": "Dry Brushing Body Brush SCALA Natural Bristle Body Brush, Soft Body Exfoliating Brush Scrub for Dead Skin, Cellulite, Lymphatic Drainage, Blood Flow \u2013 Thicker & Stronger Medium Strength",
        "price": "$9.99",
        "listPrice": "",
        "imageUrl": "https://m.media-amazon.com/images/I/41YGYfWy07S._SL160_.jpg",
        "detailPageURL": "https://www.amazon.com/dp/B085J3T4WL",
        "rating": "4.6",
        "totalReviews": "5089",
        "subtitle": "Scala",
        "isPrimeEligible": "1"
    },
    {
        "ASIN": "B0C9XCQRXV",
        "title": "Extra Rough Exfoliating Washcloth-Extreme Body & Back Scrubber for Shower, Extra Long, Hygienic Rough Exfoliator, Men & Women, 2 Count Pack, Black & Grey, Killer Exfoliator",
        "price": "$7.99 ($7.99 / Count)",
        "listPrice": "$15.94 ($15.94 / Count)",
        "imageUrl": "https://m.media-amazon.com/images/I/51ZbGFAj6eL._SL160_.jpg",
        "detailPageURL": "https://www.amazon.com/dp/B0C9XCQRXV",
        "rating": "4.3",
        "totalReviews": "26",
        "subtitle": "Killer Exfoliator",
        "isPrimeEligible": "1"
    },
    {
        "ASIN": "B0BZ4R1P5N",
        "title": "30 Pcs Exfoliating Gloves for Shower, 15 Colors Body Exfoliator Glove with Hanging Loop, Scrub Exfoliate Glove Mitt Bath Face Spa Hand Scrubber Wash Deep Scrubbing Dead Skin for Women Men, by Aisuly",
        "price": "$9.99 ($0.33 / Count)",
        "listPrice": "$12.49 ($0.42 / Count)",
        "imageUrl": "https://m.media-amazon.com/images/I/51fQR2BJ4qL._SL160_.jpg",
        "detailPageURL": "https://www.amazon.com/dp/B0BZ4R1P5N",
        "rating": "4.6",
        "totalReviews": "55",
        "subtitle": "Aisuly",
        "isPrimeEligible": "1"
    },
    {
        "ASIN": "B071JC2CGM",
        "title": "Earth Therapeutics Exfoliating Body Sponge",
        "price": "$8.99",
        "listPrice": "",
        "imageUrl": "https://m.media-amazon.com/images/I/41Hm+r0nmIL._SL160_.jpg",
        "detailPageURL": "https://www.amazon.com/dp/B071JC2CGM",
        "rating": "4.3",
        "totalReviews": "70",
        "subtitle": "Earth Therapeutics",
        "isPrimeEligible": "0"
    },
    {
        "ASIN": "B07N16N8N5",
        "title": "Bliss Jelly Glow Peel\u2122 Gentle Non-Abrasive Cleanser and Exfoliator With Fruit Enzymes - 4 Oz - Nourishes and Hydrates Skin - Clean - Vegan & Cruelty Free",
        "price": "$10.00 ($2.50 / Fl Oz)",
        "listPrice": "$14.99 ($3.75 / Fl Oz)",
        "imageUrl": "https://m.media-amazon.com/images/I/41Lmb++dNiL._SL160_.jpg",
        "detailPageURL": "https://www.amazon.com/dp/B07N16N8N5",
        "rating": "4.4",
        "totalReviews": "3848",
        "subtitle": "Bliss",
        "isPrimeEligible": "1"
    },
    {
        "ASIN": "B093VT7R7T",
        "title": "Differin Face Scrub Daily Brightening Exfoliator, Improves Tone and Texture for Acne Prone Skin, Green, 6 Fl Oz (Packaging May Vary)",
        "price": "$10.97 ($1.83 / Fl Oz)",
        "listPrice": "",
        "imageUrl": "https://m.media-amazon.com/images/I/41FGWMgKtZL._SL160_.jpg",
        "detailPageURL": "https://www.amazon.com/dp/B093VT7R7T",
        "rating": "4.5",
        "totalReviews": "1042",
        "subtitle": "Differin",
        "isPrimeEligible": "1"
    },
    {
        "ASIN": "B002VWL2FW",
        "title": "Burt's Bees Peach and Willow Bark Deep Pore Exfoliating Facial Scrub, Package May Vary, 4 Oz",
        "price": "$6.88 ($1.72 / Ounce)",
        "listPrice": "$7.99 ($2.00 / Ounce)",
        "imageUrl": "https://m.media-amazon.com/images/I/413d5smB14L._SL160_.jpg",
        "detailPageURL": "https://www.amazon.com/dp/B002VWL2FW",
        "rating": "4.5",
        "totalReviews": "2996",
        "subtitle": "Burt's Bees",
        "isPrimeEligible": "1"
    },
    {
        "ASIN": "B07GBYWW3S",
        "title": "e.l.f, Lip Exfoliator, Smoothing, Conditioning, Easy To Apply, Removes Dry, Chapped Skin, Coconut, Infused with Vitamin E, Shea Butter, Avocado, Grape and Jojoba Oils, 0.11 Oz",
        "price": "$5.00",
        "listPrice": "",
        "imageUrl": "https://m.media-amazon.com/images/I/31S8liIxRJL._SL160_.jpg",
        "detailPageURL": "https://www.amazon.com/dp/B07GBYWW3S",
        "rating": "4.3",
        "totalReviews": "7017",
        "subtitle": "e.l.f.",
        "isPrimeEligible": "1"
    },
    {
        "ASIN": "B08F81CCNR",
        "title": "Exfoliating Glove (4 Pcs, 2 Pairs) - Heavy Exfoliate Glove for Dead Skin Bath Exfoliating Gloves for Shower Spa Massage & Body Scrub - Shower Gloves Exfoliating for Women & Men",
        "price": "$11.99 ($6.00 / Count)",
        "listPrice": "",
        "imageUrl": "https://m.media-amazon.com/images/I/51m-S+RbwBL._SL160_.jpg",
        "detailPageURL": "https://www.amazon.com/dp/B08F81CCNR",
        "rating": "4.5",
        "totalReviews": "5168",
        "subtitle": "Beauty by Earth",
        "isPrimeEligible": "1"
    },
    {
        "ASIN": "B085J3T4WL",
        "title": "Dry Brushing Body Brush SCALA Natural Bristle Body Brush, Soft Body Exfoliating Brush Scrub for Dead Skin, Cellulite, Lymphatic Drainage, Blood Flow \u2013 Thicker & Stronger Medium Strength",
        "price": "$9.99",
        "listPrice": "",
        "imageUrl": "https://m.media-amazon.com/images/I/41YGYfWy07S._SL160_.jpg",
        "detailPageURL": "https://www.amazon.com/dp/B085J3T4WL",
        "rating": "4.6",
        "totalReviews": "5089",
        "subtitle": "Scala",
        "isPrimeEligible": "1"
    },
    {
        "ASIN": "B0C9XCQRXV",
        "title": "Extra Rough Exfoliating Washcloth-Extreme Body & Back Scrubber for Shower, Extra Long, Hygienic Rough Exfoliator, Men & Women, 2 Count Pack, Black & Grey, Killer Exfoliator",
        "price": "$7.99 ($7.99 / Count)",
        "listPrice": "$15.94 ($15.94 / Count)",
        "imageUrl": "https://m.media-amazon.com/images/I/51ZbGFAj6eL._SL160_.jpg",
        "detailPageURL": "https://www.amazon.com/dp/B0C9XCQRXV",
        "rating": "4.3",
        "totalReviews": "26",
        "subtitle": "Killer Exfoliator",
        "isPrimeEligible": "1"
    },
    {
        "ASIN": "B0BZ4R1P5N",
        "title": "30 Pcs Exfoliating Gloves for Shower, 15 Colors Body Exfoliator Glove with Hanging Loop, Scrub Exfoliate Glove Mitt Bath Face Spa Hand Scrubber Wash Deep Scrubbing Dead Skin for Women Men, by Aisuly",
        "price": "$9.99 ($0.33 / Count)",
        "listPrice": "$12.49 ($0.42 / Count)",
        "imageUrl": "https://m.media-amazon.com/images/I/51fQR2BJ4qL._SL160_.jpg",
        "detailPageURL": "https://www.amazon.com/dp/B0BZ4R1P5N",
        "rating": "4.6",
        "totalReviews": "55",
        "subtitle": "Aisuly",
        "isPrimeEligible": "1"
    },
    {
        "ASIN": "B071JC2CGM",
        "title": "Earth Therapeutics Exfoliating Body Sponge",
        "price": "$8.99",
        "listPrice": "",
        "imageUrl": "https://m.media-amazon.com/images/I/41Hm+r0nmIL._SL160_.jpg",
        "detailPageURL": "https://www.amazon.com/dp/B071JC2CGM",
        "rating": "4.3",
        "totalReviews": "70",
        "subtitle": "Earth Therapeutics",
        "isPrimeEligible": "0"
    },
    {
        "ASIN": "B07N16N8N5",
        "title": "Bliss Jelly Glow Peel\u2122 Gentle Non-Abrasive Cleanser and Exfoliator With Fruit Enzymes - 4 Oz - Nourishes and Hydrates Skin - Clean - Vegan & Cruelty Free",
        "price": "$10.00 ($2.50 / Fl Oz)",
        "listPrice": "$14.99 ($3.75 / Fl Oz)",
        "imageUrl": "https://m.media-amazon.com/images/I/41Lmb++dNiL._SL160_.jpg",
        "detailPageURL": "https://www.amazon.com/dp/B07N16N8N5",
        "rating": "4.4",
        "totalReviews": "3848",
        "subtitle": "Bliss",
        "isPrimeEligible": "1"
    },
    {
        "ASIN": "B093VT7R7T",
        "title": "Differin Face Scrub Daily Brightening Exfoliator, Improves Tone and Texture for Acne Prone Skin, Green, 6 Fl Oz (Packaging May Vary)",
        "price": "$10.97 ($1.83 / Fl Oz)",
        "listPrice": "",
        "imageUrl": "https://m.media-amazon.com/images/I/41FGWMgKtZL._SL160_.jpg",
        "detailPageURL": "https://www.amazon.com/dp/B093VT7R7T",
        "rating": "4.5",
        "totalReviews": "1042",
        "subtitle": "Differin",
        "isPrimeEligible": "1"
    },
    {
        "ASIN": "B002VWL2FW",
        "title": "Burt's Bees Peach and Willow Bark Deep Pore Exfoliating Facial Scrub, Package May Vary, 4 Oz",
        "price": "$6.88 ($1.72 / Ounce)",
        "listPrice": "$7.99 ($2.00 / Ounce)",
        "imageUrl": "https://m.media-amazon.com/images/I/413d5smB14L._SL160_.jpg",
        "detailPageURL": "https://www.amazon.com/dp/B002VWL2FW",
        "rating": "4.5",
        "totalReviews": "2996",
        "subtitle": "Burt's Bees",
        "isPrimeEligible": "1"
    },
    {
        "ASIN": "B07GBYWW3S",
        "title": "e.l.f, Lip Exfoliator, Smoothing, Conditioning, Easy To Apply, Removes Dry, Chapped Skin, Coconut, Infused with Vitamin E, Shea Butter, Avocado, Grape and Jojoba Oils, 0.11 Oz",
        "price": "$5.00",
        "listPrice": "",
        "imageUrl": "https://m.media-amazon.com/images/I/31S8liIxRJL._SL160_.jpg",
        "detailPageURL": "https://www.amazon.com/dp/B07GBYWW3S",
        "rating": "4.3",
        "totalReviews": "7017",
        "subtitle": "e.l.f.",
        "isPrimeEligible": "1"
    },
    {
        "ASIN": "B08F81CCNR",
        "title": "Exfoliating Glove (4 Pcs, 2 Pairs) - Heavy Exfoliate Glove for Dead Skin Bath Exfoliating Gloves for Shower Spa Massage & Body Scrub - Shower Gloves Exfoliating for Women & Men",
        "price": "$11.99 ($6.00 / Count)",
        "listPrice": "",
        "imageUrl": "https://m.media-amazon.com/images/I/51m-S+RbwBL._SL160_.jpg",
        "detailPageURL": "https://www.amazon.com/dp/B08F81CCNR",
        "rating": "4.5",
        "totalReviews": "5168",
        "subtitle": "Beauty by Earth",
        "isPrimeEligible": "1"
    },
    {
        "ASIN": "B0CF1R2Z5C",
        "title": "KP Bump Eraser Body Scrub, Exfoliating Body Scrub, Body Exfoliator Scrub, KP Body Scrub for Women Strawberry Legs, Effective Body Scrubs for Women Exfoliation Bump Eraser",
        "price": "$19.99 ($2.46 / Fl Oz)",
        "listPrice": "",
        "imageUrl": "https://m.media-amazon.com/images/I/41kK5Dp830L._SL160_.jpg",
        "detailPageURL": "https://www.amazon.com/dp/B0CF1R2Z5C",
        "rating": "4.8",
        "totalReviews": "243",
        "subtitle": "CIZ",
        "isPrimeEligible": "1"
    },
    {
        "ASIN": "B0C9XCQRXV",
        "title": "Extra Rough Exfoliating Washcloth-Extreme Body & Back Scrubber for Shower, Extra Long, Hygienic Rough Exfoliator, Men & Women, 2 Count Pack, Black & Grey, Killer Exfoliator",
        "price": "$7.99 ($7.99 / Count)",
        "listPrice": "$15.94 ($15.94 / Count)",
        "imageUrl": "https://m.media-amazon.com/images/I/51ZbGFAj6eL._SL160_.jpg",
        "detailPageURL": "https://www.amazon.com/dp/B0C9XCQRXV",
        "rating": "4.3",
        "totalReviews": "26",
        "subtitle": "Killer Exfoliator",
        "isPrimeEligible": "1"
    },
    {
        "ASIN": "B0BZ4R1P5N",
        "title": "30 Pcs Exfoliating Gloves for Shower, 15 Colors Body Exfoliator Glove with Hanging Loop, Scrub Exfoliate Glove Mitt Bath Face Spa Hand Scrubber Wash Deep Scrubbing Dead Skin for Women Men, by Aisuly",
        "price": "$9.99 ($0.33 / Count)",
        "listPrice": "$12.49 ($0.42 / Count)",
        "imageUrl": "https://m.media-amazon.com/images/I/51fQR2BJ4qL._SL160_.jpg",
        "detailPageURL": "https://www.amazon.com/dp/B0BZ4R1P5N",
        "rating": "4.6",
        "totalReviews": "55",
        "subtitle": "Aisuly",
        "isPrimeEligible": "1"
    },
    {
        "ASIN": "B071JC2CGM",
        "title": "Earth Therapeutics Exfoliating Body Sponge",
        "price": "$8.99",
        "listPrice": "",
        "imageUrl": "https://m.media-amazon.com/images/I/41Hm+r0nmIL._SL160_.jpg",
        "detailPageURL": "https://www.amazon.com/dp/B071JC2CGM",
        "rating": "4.3",
        "totalReviews": "70",
        "subtitle": "Earth Therapeutics",
        "isPrimeEligible": "0"
    },
    {
        "ASIN": "B07N16N8N5",
        "title": "Bliss Jelly Glow Peel\u2122 Gentle Non-Abrasive Cleanser and Exfoliator With Fruit Enzymes - 4 Oz - Nourishes and Hydrates Skin - Clean - Vegan & Cruelty Free",
        "price": "$10.00 ($2.50 / Fl Oz)",
        "listPrice": "$14.99 ($3.75 / Fl Oz)",
        "imageUrl": "https://m.media-amazon.com/images/I/41Lmb++dNiL._SL160_.jpg",
        "detailPageURL": "https://www.amazon.com/dp/B07N16N8N5",
        "rating": "4.4",
        "totalReviews": "3848",
        "subtitle": "Bliss",
        "isPrimeEligible": "1"
    },
    {
        "ASIN": "B093VT7R7T",
        "title": "Differin Face Scrub Daily Brightening Exfoliator, Improves Tone and Texture for Acne Prone Skin, Green, 6 Fl Oz (Packaging May Vary)",
        "price": "$10.97 ($1.83 / Fl Oz)",
        "listPrice": "",
        "imageUrl": "https://m.media-amazon.com/images/I/41FGWMgKtZL._SL160_.jpg",
        "detailPageURL": "https://www.amazon.com/dp/B093VT7R7T",
        "rating": "4.5",
        "totalReviews": "1042",
        "subtitle": "Differin",
        "isPrimeEligible": "1"
    },
    {
        "ASIN": "B002VWL2FW",
        "title": "Burt's Bees Peach and Willow Bark Deep Pore Exfoliating Facial Scrub, Package May Vary, 4 Oz",
        "price": "$6.88 ($1.72 / Ounce)",
        "listPrice": "$7.99 ($2.00 / Ounce)",
        "imageUrl": "https://m.media-amazon.com/images/I/413d5smB14L._SL160_.jpg",
        "detailPageURL": "https://www.amazon.com/dp/B002VWL2FW",
        "rating": "4.5",
        "totalReviews": "2996",
        "subtitle": "Burt's Bees",
        "isPrimeEligible": "1"
    },
    {
        "ASIN": "B07GBYWW3S",
        "title": "e.l.f, Lip Exfoliator, Smoothing, Conditioning, Easy To Apply, Removes Dry, Chapped Skin, Coconut, Infused with Vitamin E, Shea Butter, Avocado, Grape and Jojoba Oils, 0.11 Oz",
        "price": "$5.00",
        "listPrice": "",
        "imageUrl": "https://m.media-amazon.com/images/I/31S8liIxRJL._SL160_.jpg",
        "detailPageURL": "https://www.amazon.com/dp/B07GBYWW3S",
        "rating": "4.3",
        "totalReviews": "7017",
        "subtitle": "e.l.f.",
        "isPrimeEligible": "1"
    },
    {
        "ASIN": "B08F81CCNR",
        "title": "Exfoliating Glove (4 Pcs, 2 Pairs) - Heavy Exfoliate Glove for Dead Skin Bath Exfoliating Gloves for Shower Spa Massage & Body Scrub - Shower Gloves Exfoliating for Women & Men",
        "price": "$11.99 ($6.00 / Count)",
        "listPrice": "",
        "imageUrl": "https://m.media-amazon.com/images/I/51m-S+RbwBL._SL160_.jpg",
        "detailPageURL": "https://www.amazon.com/dp/B08F81CCNR",
        "rating": "4.5",
        "totalReviews": "5168",
        "subtitle": "Beauty by Earth",
        "isPrimeEligible": "1"
    },
    {
        "ASIN": "B0CF1R2Z5C",
        "title": "KP Bump Eraser Body Scrub, Exfoliating Body Scrub, Body Exfoliator Scrub, KP Body Scrub for Women Strawberry Legs, Effective Body Scrubs for Women Exfoliation Bump Eraser",
        "price": "$19.99 ($2.46 / Fl Oz)",
        "listPrice": "",
        "imageUrl": "https://m.media-amazon.com/images/I/41kK5Dp830L._SL160_.jpg",
        "detailPageURL": "https://www.amazon.com/dp/B0CF1R2Z5C",
        "rating": "4.8",
        "totalReviews": "243",
        "subtitle": "CIZ",
        "isPrimeEligible": "1"
    },
    {
        "ASIN": "B0BXKS1HXW",
        "title": "Facial Cleansing Brush Face Scrubber: COSLUS 3in1 JBK-D Electric Exfoliating Spin Cleanser Device Waterproof Deep Cleaning Exfoliation Rotating Spa Machine - Electronic Acne Skin Wash Spinning System",
        "price": "$13.99 ($13.99 / Count)",
        "listPrice": "",
        "imageUrl": "https://m.media-amazon.com/images/I/41Q8QiRHsiL._SL160_.jpg",
        "detailPageURL": "https://www.amazon.com/dp/B0BXKS1HXW",
        "rating": "4.4",
        "totalReviews": "7753",
        "subtitle": "COSLUS",
        "isPrimeEligible": "1"
    },
    {
        "ASIN": "B0BZ4R1P5N",
        "title": "30 Pcs Exfoliating Gloves for Shower, 15 Colors Body Exfoliator Glove with Hanging Loop, Scrub Exfoliate Glove Mitt Bath Face Spa Hand Scrubber Wash Deep Scrubbing Dead Skin for Women Men, by Aisuly",
        "price": "$9.99 ($0.33 / Count)",
        "listPrice": "$12.49 ($0.42 / Count)",
        "imageUrl": "https://m.media-amazon.com/images/I/51fQR2BJ4qL._SL160_.jpg",
        "detailPageURL": "https://www.amazon.com/dp/B0BZ4R1P5N",
        "rating": "4.6",
        "totalReviews": "55",
        "subtitle": "Aisuly",
        "isPrimeEligible": "1"
    },
    {
        "ASIN": "B071JC2CGM",
        "title": "Earth Therapeutics Exfoliating Body Sponge",
        "price": "$8.99",
        "listPrice": "",
        "imageUrl": "https://m.media-amazon.com/images/I/41Hm+r0nmIL._SL160_.jpg",
        "detailPageURL": "https://www.amazon.com/dp/B071JC2CGM",
        "rating": "4.3",
        "totalReviews": "70",
        "subtitle": "Earth Therapeutics",
        "isPrimeEligible": "0"
    },
    {
        "ASIN": "B07N16N8N5",
        "title": "Bliss Jelly Glow Peel\u2122 Gentle Non-Abrasive Cleanser and Exfoliator With Fruit Enzymes - 4 Oz - Nourishes and Hydrates Skin - Clean - Vegan & Cruelty Free",
        "price": "$10.00 ($2.50 / Fl Oz)",
        "listPrice": "$14.99 ($3.75 / Fl Oz)",
        "imageUrl": "https://m.media-amazon.com/images/I/41Lmb++dNiL._SL160_.jpg",
        "detailPageURL": "https://www.amazon.com/dp/B07N16N8N5",
        "rating": "4.4",
        "totalReviews": "3848",
        "subtitle": "Bliss",
        "isPrimeEligible": "1"
    },
    {
        "ASIN": "B093VT7R7T",
        "title": "Differin Face Scrub Daily Brightening Exfoliator, Improves Tone and Texture for Acne Prone Skin, Green, 6 Fl Oz (Packaging May Vary)",
        "price": "$10.97 ($1.83 / Fl Oz)",
        "listPrice": "",
        "imageUrl": "https://m.media-amazon.com/images/I/41FGWMgKtZL._SL160_.jpg",
        "detailPageURL": "https://www.amazon.com/dp/B093VT7R7T",
        "rating": "4.5",
        "totalReviews": "1042",
        "subtitle": "Differin",
        "isPrimeEligible": "1"
    },
    {
        "ASIN": "B002VWL2FW",
        "title": "Burt's Bees Peach and Willow Bark Deep Pore Exfoliating Facial Scrub, Package May Vary, 4 Oz",
        "price": "$6.88 ($1.72 / Ounce)",
        "listPrice": "$7.99 ($2.00 / Ounce)",
        "imageUrl": "https://m.media-amazon.com/images/I/413d5smB14L._SL160_.jpg",
        "detailPageURL": "https://www.amazon.com/dp/B002VWL2FW",
        "rating": "4.5",
        "totalReviews": "2996",
        "subtitle": "Burt's Bees",
        "isPrimeEligible": "1"
    },
    {
        "ASIN": "B07GBYWW3S",
        "title": "e.l.f, Lip Exfoliator, Smoothing, Conditioning, Easy To Apply, Removes Dry, Chapped Skin, Coconut, Infused with Vitamin E, Shea Butter, Avocado, Grape and Jojoba Oils, 0.11 Oz",
        "price": "$5.00",
        "listPrice": "",
        "imageUrl": "https://m.media-amazon.com/images/I/31S8liIxRJL._SL160_.jpg",
        "detailPageURL": "https://www.amazon.com/dp/B07GBYWW3S",
        "rating": "4.3",
        "totalReviews": "7017",
        "subtitle": "e.l.f.",
        "isPrimeEligible": "1"
    },
    {
        "ASIN": "B08F81CCNR",
        "title": "Exfoliating Glove (4 Pcs, 2 Pairs) - Heavy Exfoliate Glove for Dead Skin Bath Exfoliating Gloves for Shower Spa Massage & Body Scrub - Shower Gloves Exfoliating for Women & Men",
        "price": "$11.99 ($6.00 / Count)",
        "listPrice": "",
        "imageUrl": "https://m.media-amazon.com/images/I/51m-S+RbwBL._SL160_.jpg",
        "detailPageURL": "https://www.amazon.com/dp/B08F81CCNR",
        "rating": "4.5",
        "totalReviews": "5168",
        "subtitle": "Beauty by Earth",
        "isPrimeEligible": "1"
    },
    {
        "ASIN": "B0CF1R2Z5C",
        "title": "KP Bump Eraser Body Scrub, Exfoliating Body Scrub, Body Exfoliator Scrub, KP Body Scrub for Women Strawberry Legs, Effective Body Scrubs for Women Exfoliation Bump Eraser",
        "price": "$19.99 ($2.46 / Fl Oz)",
        "listPrice": "",
        "imageUrl": "https://m.media-amazon.com/images/I/41kK5Dp830L._SL160_.jpg",
        "detailPageURL": "https://www.amazon.com/dp/B0CF1R2Z5C",
        "rating": "4.8",
        "totalReviews": "243",
        "subtitle": "CIZ",
        "isPrimeEligible": "1"
    },
    {
        "ASIN": "B0BXKS1HXW",
        "title": "Facial Cleansing Brush Face Scrubber: COSLUS 3in1 JBK-D Electric Exfoliating Spin Cleanser Device Waterproof Deep Cleaning Exfoliation Rotating Spa Machine - Electronic Acne Skin Wash Spinning System",
        "price": "$13.99 ($13.99 / Count)",
        "listPrice": "",
        "imageUrl": "https://m.media-amazon.com/images/I/41Q8QiRHsiL._SL160_.jpg",
        "detailPageURL": "https://www.amazon.com/dp/B0BXKS1HXW",
        "rating": "4.4",
        "totalReviews": "7753",
        "subtitle": "COSLUS",
        "isPrimeEligible": "1"
    },
    {
        "ASIN": "B0BJ19LLWJ",
        "title": "Aveeno Stress Relief Body Scrub, Exfoliating Body Wash for Softer, Smoother Skin, Formulated with Prebiotic Oat & Lavender Scent to Calm & Relax, Sulfate-Free & Soap-Free, 8 fl. Oz",
        "price": "$7.99 ($1.00 / Ounce)",
        "listPrice": "",
        "imageUrl": "https://m.media-amazon.com/images/I/31vjDb54kmL._SL160_.jpg",
        "detailPageURL": "https://www.amazon.com/dp/B0BJ19LLWJ",
        "rating": "4.7",
        "totalReviews": "105",
        "subtitle": "Aveeno",
        "isPrimeEligible": "1"
    },
    {
        "ASIN": "B071JC2CGM",
        "title": "Earth Therapeutics Exfoliating Body Sponge",
        "price": "$8.99",
        "listPrice": "",
        "imageUrl": "https://m.media-amazon.com/images/I/41Hm+r0nmIL._SL160_.jpg",
        "detailPageURL": "https://www.amazon.com/dp/B071JC2CGM",
        "rating": "4.3",
        "totalReviews": "70",
        "subtitle": "Earth Therapeutics",
        "isPrimeEligible": "0"
    },
    {
        "ASIN": "B07N16N8N5",
        "title": "Bliss Jelly Glow Peel\u2122 Gentle Non-Abrasive Cleanser and Exfoliator With Fruit Enzymes - 4 Oz - Nourishes and Hydrates Skin - Clean - Vegan & Cruelty Free",
        "price": "$10.00 ($2.50 / Fl Oz)",
        "listPrice": "$14.99 ($3.75 / Fl Oz)",
        "imageUrl": "https://m.media-amazon.com/images/I/41Lmb++dNiL._SL160_.jpg",
        "detailPageURL": "https://www.amazon.com/dp/B07N16N8N5",
        "rating": "4.4",
        "totalReviews": "3848",
        "subtitle": "Bliss",
        "isPrimeEligible": "1"
    },
    {
        "ASIN": "B093VT7R7T",
        "title": "Differin Face Scrub Daily Brightening Exfoliator, Improves Tone and Texture for Acne Prone Skin, Green, 6 Fl Oz (Packaging May Vary)",
        "price": "$10.97 ($1.83 / Fl Oz)",
        "listPrice": "",
        "imageUrl": "https://m.media-amazon.com/images/I/41FGWMgKtZL._SL160_.jpg",
        "detailPageURL": "https://www.amazon.com/dp/B093VT7R7T",
        "rating": "4.5",
        "totalReviews": "1042",
        "subtitle": "Differin",
        "isPrimeEligible": "1"
    },
    {
        "ASIN": "B002VWL2FW",
        "title": "Burt's Bees Peach and Willow Bark Deep Pore Exfoliating Facial Scrub, Package May Vary, 4 Oz",
        "price": "$6.88 ($1.72 / Ounce)",
        "listPrice": "$7.99 ($2.00 / Ounce)",
        "imageUrl": "https://m.media-amazon.com/images/I/413d5smB14L._SL160_.jpg",
        "detailPageURL": "https://www.amazon.com/dp/B002VWL2FW",
        "rating": "4.5",
        "totalReviews": "2996",
        "subtitle": "Burt's Bees",
        "isPrimeEligible": "1"
    },
    {
        "ASIN": "B07GBYWW3S",
        "title": "e.l.f, Lip Exfoliator, Smoothing, Conditioning, Easy To Apply, Removes Dry, Chapped Skin, Coconut, Infused with Vitamin E, Shea Butter, Avocado, Grape and Jojoba Oils, 0.11 Oz",
        "price": "$5.00",
        "listPrice": "",
        "imageUrl": "https://m.media-amazon.com/images/I/31S8liIxRJL._SL160_.jpg",
        "detailPageURL": "https://www.amazon.com/dp/B07GBYWW3S",
        "rating": "4.3",
        "totalReviews": "7017",
        "subtitle": "e.l.f.",
        "isPrimeEligible": "1"
    },
    {
        "ASIN": "B08F81CCNR",
        "title": "Exfoliating Glove (4 Pcs, 2 Pairs) - Heavy Exfoliate Glove for Dead Skin Bath Exfoliating Gloves for Shower Spa Massage & Body Scrub - Shower Gloves Exfoliating for Women & Men",
        "price": "$11.99 ($6.00 / Count)",
        "listPrice": "",
        "imageUrl": "https://m.media-amazon.com/images/I/51m-S+RbwBL._SL160_.jpg",
        "detailPageURL": "https://www.amazon.com/dp/B08F81CCNR",
        "rating": "4.5",
        "totalReviews": "5168",
        "subtitle": "Beauty by Earth",
        "isPrimeEligible": "1"
    },
    {
        "ASIN": "B0CF1R2Z5C",
        "title": "KP Bump Eraser Body Scrub, Exfoliating Body Scrub, Body Exfoliator Scrub, KP Body Scrub for Women Strawberry Legs, Effective Body Scrubs for Women Exfoliation Bump Eraser",
        "price": "$19.99 ($2.46 / Fl Oz)",
        "listPrice": "",
        "imageUrl": "https://m.media-amazon.com/images/I/41kK5Dp830L._SL160_.jpg",
        "detailPageURL": "https://www.amazon.com/dp/B0CF1R2Z5C",
        "rating": "4.8",
        "totalReviews": "243",
        "subtitle": "CIZ",
        "isPrimeEligible": "1"
    },
    {
        "ASIN": "B0BXKS1HXW",
        "title": "Facial Cleansing Brush Face Scrubber: COSLUS 3in1 JBK-D Electric Exfoliating Spin Cleanser Device Waterproof Deep Cleaning Exfoliation Rotating Spa Machine - Electronic Acne Skin Wash Spinning System",
        "price": "$13.99 ($13.99 / Count)",
        "listPrice": "",
        "imageUrl": "https://m.media-amazon.com/images/I/41Q8QiRHsiL._SL160_.jpg",
        "detailPageURL": "https://www.amazon.com/dp/B0BXKS1HXW",
        "rating": "4.4",
        "totalReviews": "7753",
        "subtitle": "COSLUS",
        "isPrimeEligible": "1"
    },
    {
        "ASIN": "B0BJ19LLWJ",
        "title": "Aveeno Stress Relief Body Scrub, Exfoliating Body Wash for Softer, Smoother Skin, Formulated with Prebiotic Oat & Lavender Scent to Calm & Relax, Sulfate-Free & Soap-Free, 8 fl. Oz",
        "price": "$7.99 ($1.00 / Ounce)",
        "listPrice": "",
        "imageUrl": "https://m.media-amazon.com/images/I/31vjDb54kmL._SL160_.jpg",
        "detailPageURL": "https://www.amazon.com/dp/B0BJ19LLWJ",
        "rating": "4.7",
        "totalReviews": "105",
        "subtitle": "Aveeno",
        "isPrimeEligible": "1"
    },
    {
        "ASIN": "B08QV3V4QS",
        "title": "Natural Loofah Sponge Exfoliating Body Scrubber (3 Pack),Made with Eco-Friendly and Biodegradable Shower Luffa Sponge, Loofah for Women and Men, Beige",
        "price": "$11.99 ($4.00 / Count)",
        "listPrice": "$13.99 ($4.66 / Count)",
        "imageUrl": "https://m.media-amazon.com/images/I/51R1xzl29HL._SL160_.jpg",
        "detailPageURL": "https://www.amazon.com/dp/B08QV3V4QS",
        "rating": "4.1",
        "totalReviews": "2918",
        "subtitle": "",
        "isPrimeEligible": "1"
    }
]