[
    {
        "ASIN": "B0B3GCCRVH",
        "title": "CeraVe Eye Cream for Wrinkles | Under Eye Cream with Caffeine, Peptides, Hyaluronic Acid, Niacinamide, and Ceramides for Fine Lines | Fragrance Free & Ophthalmologist Tested |0.5 Ounces",
        "price": "$18.49 ($36.98 / Ounce)",
        "listPrice": "$21.99 ($43.98 / Ounce)",
        "imageUrl": "https://m.media-amazon.com/images/I/417F7zqDlCL._SL160_.jpg",
        "detailPageURL": "https://www.amazon.com/dp/B0B3GCCRVH",
        "rating": "4.5",
        "totalReviews": "3734",
        "subtitle": "CeraVe",
        "isPrimeEligible": "1"
    },
    {
        "ASIN": "B000KOLXKM",
        "title": "L'Or\u00e9al Paris Revitalift Anti-Wrinkle and Firming Eye Cream, Reduce Dark Circles, Pro Retinol, Fragrance Free 1.7 oz",
        "price": "$9.99 ($5.88 / Fl Oz)",
        "listPrice": "$18.99 ($11.17 / Fl Oz)",
        "imageUrl": "https://m.media-amazon.com/images/I/31AyRPc8dQL._SL160_.jpg",
        "detailPageURL": "https://www.amazon.com/dp/B000KOLXKM",
        "rating": "4.5",
        "totalReviews": "6822",
        "subtitle": "L\u2019Or\u00e9al Paris",
        "isPrimeEligible": "1"
    },
    {
        "ASIN": "B0CHJQ2589",
        "title": "Under Eye Cream for Dark Circles and Puffiness - Korean Skin Care Formula With Niacinamide, Squalane, Peptide Complex, Caffeine Eye Cream Anti Aging - Compact Tube with Zinc Massager, Cooling Effect - Lightweight Treatment, Fragrance-Free, 0.7 Fl Oz",
        "price": "$19.99 ($28.56 / Fl Oz)",
        "listPrice": "",
        "imageUrl": "https://m.media-amazon.com/images/I/51yd4Z5Y1zL._SL160_.jpg",
        "detailPageURL": "https://www.amazon.com/dp/B0CHJQ2589",
        "rating": "4.8",
        "totalReviews": "10786",
        "subtitle": "SPRING SISTERS",
        "isPrimeEligible": "1"
    },
    {
        "ASIN": "B0009RFB76",
        "title": "RoC Retinol Correxion Under Eye Cream for Dark Circles & Puffiness, Daily Wrinkle Cream, Anti Aging Line Smoothing Skin Care Treatment 0.5 oz (Packaging May Vary)",
        "price": "$14.23 ($28.46 / Fl Oz)",
        "listPrice": "$29.99 ($59.98 / Fl Oz)",
        "imageUrl": "https://m.media-amazon.com/images/I/41u7e8nv4HL._SL160_.jpg",
        "detailPageURL": "https://www.amazon.com/dp/B0009RFB76",
        "rating": "4.3",
        "totalReviews": "26813",
        "subtitle": "RoC",
        "isPrimeEligible": "1"
    },
    {
        "ASIN": "B0BNZYSV9R",
        "title": "Dongyu 5% Caffeine Eye Serum and Under Eye Roller Cream for Dark Circles and Puffiness, Caffeine Eye Cream with 360\u00b0\u00a0Massage Ball Reduce Wrinkles and Fine Lines, Bags under eyes",
        "price": "$19.99 ($39.98 / Fl Oz)",
        "listPrice": "",
        "imageUrl": "https://m.media-amazon.com/images/I/41zvFEuX7oL._SL160_.jpg",
        "detailPageURL": "https://www.amazon.com/dp/B0BNZYSV9R",
        "rating": "4.7",
        "totalReviews": "2707",
        "subtitle": "Dongyu",
        "isPrimeEligible": "1"
    },
    {
        "ASIN": "B07HRDV4SP",
        "title": "Estee Lauder Hydrating,Eye Aging, Advanced Night Repair Eye Supercharged Complex 15ml",
        "price": "$27.73 ($55.46 / Ounce)",
        "listPrice": "$69.99 ($139.98 / Ounce)",
        "imageUrl": "https://m.media-amazon.com/images/I/41uzdC2F4EL._SL160_.jpg",
        "detailPageURL": "https://www.amazon.com/dp/B07HRDV4SP",
        "rating": "4.5",
        "totalReviews": "1136",
        "subtitle": "Estee Lauder",
        "isPrimeEligible": "1"
    },
    {
        "ASIN": "B00NR1YIKM",
        "title": "Neutrogena Hydro Boost Eye Cream, Under-Eye Moisturizer with Hyaluronic Acid, Fragrance Free and Non-Comedogenic, 0.5 Oz",
        "price": "$16.19 ($32.38 / Fl Oz)",
        "listPrice": "$26.79 ($53.58 / Fl Oz)",
        "imageUrl": "https://m.media-amazon.com/images/I/41l-0Alu9SL._SL160_.jpg",
        "detailPageURL": "https://www.amazon.com/dp/B00NR1YIKM",
        "rating": "4.5",
        "totalReviews": "18474",
        "subtitle": "Neutrogena",
        "isPrimeEligible": "1"
    },
    {
        "ASIN": "B08K3TSKQ8",
        "title": "LilyAna Naturals Eye Cream for Dark Circles and Puffiness, Under Eye Cream for Wrinkles, Anti Aging Eye Cream helps Improve Dryness and Sensitive Skin - 1.7oz - 2 Pack - Made in USA",
        "price": "$39.99 ($11.76 / Fl Oz)",
        "listPrice": "",
        "imageUrl": "https://m.media-amazon.com/images/I/41JkwA+nF5L._SL160_.jpg",
        "detailPageURL": "https://www.amazon.com/dp/B08K3TSKQ8",
        "rating": "4.2",
        "totalReviews": "32626",
        "subtitle": "LilyAna Naturals",
        "isPrimeEligible": "1"
    },
    {
        "ASIN": "B07GLNN427",
        "title": "The INKEY List Caffeine Eye Cream, Reduce Eye Puffiness and Dark Circle, Blur Fine Lines, 0.5 fl oz",
        "price": "$10.99 ($21.98 / Fl Oz)",
        "listPrice": "",
        "imageUrl": "https://m.media-amazon.com/images/I/31nS47oW68L._SL160_.jpg",
        "detailPageURL": "https://www.amazon.com/dp/B07GLNN427",
        "rating": "4.2",
        "totalReviews": "2142",
        "subtitle": "The INKEY List",
        "isPrimeEligible": "1"
    },
    {
        "ASIN": "B00005333I",
        "title": "L'Oreal Paris Dermo-Expertise Eye Defense Eye Cream with Caffeine and Hyaluronic Acid 0.5 oz",
        "price": "$11.96 ($23.92 / Ounce)",
        "listPrice": "$14.29 ($28.58 / Ounce)",
        "imageUrl": "https://m.media-amazon.com/images/I/31webfO63dL._SL160_.jpg",
        "detailPageURL": "https://www.amazon.com/dp/B00005333I",
        "rating": "4.3",
        "totalReviews": "18438",
        "subtitle": "L\u2019Or\u00e9al Paris",
        "isPrimeEligible": "1"
    },
    {
        "ASIN": "B000KOLXKM",
        "title": "L'Or\u00e9al Paris Revitalift Anti-Wrinkle and Firming Eye Cream, Reduce Dark Circles, Pro Retinol, Fragrance Free 1.7 oz",
        "price": "$9.99 ($5.88 / Fl Oz)",
        "listPrice": "$18.99 ($11.17 / Fl Oz)",
        "imageUrl": "https://m.media-amazon.com/images/I/31AyRPc8dQL._SL160_.jpg",
        "detailPageURL": "https://www.amazon.com/dp/B000KOLXKM",
        "rating": "4.5",
        "totalReviews": "6822",
        "subtitle": "L\u2019Or\u00e9al Paris",
        "isPrimeEligible": "1"
    },
    {
        "ASIN": "B0CHJQ2589",
        "title": "Under Eye Cream for Dark Circles and Puffiness - Korean Skin Care Formula With Niacinamide, Squalane, Peptide Complex, Caffeine Eye Cream Anti Aging - Compact Tube with Zinc Massager, Cooling Effect - Lightweight Treatment, Fragrance-Free, 0.7 Fl Oz",
        "price": "$19.99 ($28.56 / Fl Oz)",
        "listPrice": "",
        "imageUrl": "https://m.media-amazon.com/images/I/51yd4Z5Y1zL._SL160_.jpg",
        "detailPageURL": "https://www.amazon.com/dp/B0CHJQ2589",
        "rating": "4.8",
        "totalReviews": "10786",
        "subtitle": "SPRING SISTERS",
        "isPrimeEligible": "1"
    },
    {
        "ASIN": "B0009RFB76",
        "title": "RoC Retinol Correxion Under Eye Cream for Dark Circles & Puffiness, Daily Wrinkle Cream, Anti Aging Line Smoothing Skin Care Treatment 0.5 oz (Packaging May Vary)",
        "price": "$14.23 ($28.46 / Fl Oz)",
        "listPrice": "$29.99 ($59.98 / Fl Oz)",
        "imageUrl": "https://m.media-amazon.com/images/I/41u7e8nv4HL._SL160_.jpg",
        "detailPageURL": "https://www.amazon.com/dp/B0009RFB76",
        "rating": "4.3",
        "totalReviews": "26813",
        "subtitle": "RoC",
        "isPrimeEligible": "1"
    },
    {
        "ASIN": "B0BNZYSV9R",
        "title": "Dongyu 5% Caffeine Eye Serum and Under Eye Roller Cream for Dark Circles and Puffiness, Caffeine Eye Cream with 360\u00b0\u00a0Massage Ball Reduce Wrinkles and Fine Lines, Bags under eyes",
        "price": "$19.99 ($39.98 / Fl Oz)",
        "listPrice": "",
        "imageUrl": "https://m.media-amazon.com/images/I/41zvFEuX7oL._SL160_.jpg",
        "detailPageURL": "https://www.amazon.com/dp/B0BNZYSV9R",
        "rating": "4.7",
        "totalReviews": "2707",
        "subtitle": "Dongyu",
        "isPrimeEligible": "1"
    },
    {
        "ASIN": "B07HRDV4SP",
        "title": "Estee Lauder Hydrating,Eye Aging, Advanced Night Repair Eye Supercharged Complex 15ml",
        "price": "$27.73 ($55.46 / Ounce)",
        "listPrice": "$69.99 ($139.98 / Ounce)",
        "imageUrl": "https://m.media-amazon.com/images/I/41uzdC2F4EL._SL160_.jpg",
        "detailPageURL": "https://www.amazon.com/dp/B07HRDV4SP",
        "rating": "4.5",
        "totalReviews": "1136",
        "subtitle": "Estee Lauder",
        "isPrimeEligible": "1"
    },
    {
        "ASIN": "B00NR1YIKM",
        "title": "Neutrogena Hydro Boost Eye Cream, Under-Eye Moisturizer with Hyaluronic Acid, Fragrance Free and Non-Comedogenic, 0.5 Oz",
        "price": "$16.19 ($32.38 / Fl Oz)",
        "listPrice": "$26.79 ($53.58 / Fl Oz)",
        "imageUrl": "https://m.media-amazon.com/images/I/41l-0Alu9SL._SL160_.jpg",
        "detailPageURL": "https://www.amazon.com/dp/B00NR1YIKM",
        "rating": "4.5",
        "totalReviews": "18474",
        "subtitle": "Neutrogena",
        "isPrimeEligible": "1"
    },
    {
        "ASIN": "B08K3TSKQ8",
        "title": "LilyAna Naturals Eye Cream for Dark Circles and Puffiness, Under Eye Cream for Wrinkles, Anti Aging Eye Cream helps Improve Dryness and Sensitive Skin - 1.7oz - 2 Pack - Made in USA",
        "price": "$39.99 ($11.76 / Fl Oz)",
        "listPrice": "",
        "imageUrl": "https://m.media-amazon.com/images/I/41JkwA+nF5L._SL160_.jpg",
        "detailPageURL": "https://www.amazon.com/dp/B08K3TSKQ8",
        "rating": "4.2",
        "totalReviews": "32626",
        "subtitle": "LilyAna Naturals",
        "isPrimeEligible": "1"
    },
    {
        "ASIN": "B07GLNN427",
        "title": "The INKEY List Caffeine Eye Cream, Reduce Eye Puffiness and Dark Circle, Blur Fine Lines, 0.5 fl oz",
        "price": "$10.99 ($21.98 / Fl Oz)",
        "listPrice": "",
        "imageUrl": "https://m.media-amazon.com/images/I/31nS47oW68L._SL160_.jpg",
        "detailPageURL": "https://www.amazon.com/dp/B07GLNN427",
        "rating": "4.2",
        "totalReviews": "2142",
        "subtitle": "The INKEY List",
        "isPrimeEligible": "1"
    },
    {
        "ASIN": "B00005333I",
        "title": "L'Oreal Paris Dermo-Expertise Eye Defense Eye Cream with Caffeine and Hyaluronic Acid 0.5 oz",
        "price": "$11.96 ($23.92 / Ounce)",
        "listPrice": "$14.29 ($28.58 / Ounce)",
        "imageUrl": "https://m.media-amazon.com/images/I/31webfO63dL._SL160_.jpg",
        "detailPageURL": "https://www.amazon.com/dp/B00005333I",
        "rating": "4.3",
        "totalReviews": "18438",
        "subtitle": "L\u2019Or\u00e9al Paris",
        "isPrimeEligible": "1"
    },
    {
        "ASIN": "B008CT12G2",
        "title": "L'Oreal Paris Revitalift Triple Power Anti-Aging Eye Cream, Pro Retinol, Hyaluronic Acid & Vitamin C, Reduce Wrinkles & Puffiness 0.5 fl. oz.",
        "price": "$15.71 ($31.42 / Fl Oz)",
        "listPrice": "$27.99 ($55.98 / Fl Oz)",
        "imageUrl": "https://m.media-amazon.com/images/I/418TuUptrmL._SL160_.jpg",
        "detailPageURL": "https://www.amazon.com/dp/B008CT12G2",
        "rating": "4.3",
        "totalReviews": "9964",
        "subtitle": "L\u2019Or\u00e9al Paris",
        "isPrimeEligible": "1"
    },
    {
        "ASIN": "B0CHJQ2589",
        "title": "Under Eye Cream for Dark Circles and Puffiness - Korean Skin Care Formula With Niacinamide, Squalane, Peptide Complex, Caffeine Eye Cream Anti Aging - Compact Tube with Zinc Massager, Cooling Effect - Lightweight Treatment, Fragrance-Free, 0.7 Fl Oz",
        "price": "$19.99 ($28.56 / Fl Oz)",
        "listPrice": "",
        "imageUrl": "https://m.media-amazon.com/images/I/51yd4Z5Y1zL._SL160_.jpg",
        "detailPageURL": "https://www.amazon.com/dp/B0CHJQ2589",
        "rating": "4.8",
        "totalReviews": "10786",
        "subtitle": "SPRING SISTERS",
        "isPrimeEligible": "1"
    },
    {
        "ASIN": "B0009RFB76",
        "title": "RoC Retinol Correxion Under Eye Cream for Dark Circles & Puffiness, Daily Wrinkle Cream, Anti Aging Line Smoothing Skin Care Treatment 0.5 oz (Packaging May Vary)",
        "price": "$14.23 ($28.46 / Fl Oz)",
        "listPrice": "$29.99 ($59.98 / Fl Oz)",
        "imageUrl": "https://m.media-amazon.com/images/I/41u7e8nv4HL._SL160_.jpg",
        "detailPageURL": "https://www.amazon.com/dp/B0009RFB76",
        "rating": "4.3",
        "totalReviews": "26813",
        "subtitle": "RoC",
        "isPrimeEligible": "1"
    },
    {
        "ASIN": "B0BNZYSV9R",
        "title": "Dongyu 5% Caffeine Eye Serum and Under Eye Roller Cream for Dark Circles and Puffiness, Caffeine Eye Cream with 360\u00b0\u00a0Massage Ball Reduce Wrinkles and Fine Lines, Bags under eyes",
        "price": "$19.99 ($39.98 / Fl Oz)",
        "listPrice": "",
        "imageUrl": "https://m.media-amazon.com/images/I/41zvFEuX7oL._SL160_.jpg",
        "detailPageURL": "https://www.amazon.com/dp/B0BNZYSV9R",
        "rating": "4.7",
        "totalReviews": "2707",
        "subtitle": "Dongyu",
        "isPrimeEligible": "1"
    },
    {
        "ASIN": "B07HRDV4SP",
        "title": "Estee Lauder Hydrating,Eye Aging, Advanced Night Repair Eye Supercharged Complex 15ml",
        "price": "$27.73 ($55.46 / Ounce)",
        "listPrice": "$69.99 ($139.98 / Ounce)",
        "imageUrl": "https://m.media-amazon.com/images/I/41uzdC2F4EL._SL160_.jpg",
        "detailPageURL": "https://www.amazon.com/dp/B07HRDV4SP",
        "rating": "4.5",
        "totalReviews": "1136",
        "subtitle": "Estee Lauder",
        "isPrimeEligible": "1"
    },
    {
        "ASIN": "B00NR1YIKM",
        "title": "Neutrogena Hydro Boost Eye Cream, Under-Eye Moisturizer with Hyaluronic Acid, Fragrance Free and Non-Comedogenic, 0.5 Oz",
        "price": "$16.19 ($32.38 / Fl Oz)",
        "listPrice": "$26.79 ($53.58 / Fl Oz)",
        "imageUrl": "https://m.media-amazon.com/images/I/41l-0Alu9SL._SL160_.jpg",
        "detailPageURL": "https://www.amazon.com/dp/B00NR1YIKM",
        "rating": "4.5",
        "totalReviews": "18474",
        "subtitle": "Neutrogena",
        "isPrimeEligible": "1"
    },
    {
        "ASIN": "B08K3TSKQ8",
        "title": "LilyAna Naturals Eye Cream for Dark Circles and Puffiness, Under Eye Cream for Wrinkles, Anti Aging Eye Cream helps Improve Dryness and Sensitive Skin - 1.7oz - 2 Pack - Made in USA",
        "price": "$39.99 ($11.76 / Fl Oz)",
        "listPrice": "",
        "imageUrl": "https://m.media-amazon.com/images/I/41JkwA+nF5L._SL160_.jpg",
        "detailPageURL": "https://www.amazon.com/dp/B08K3TSKQ8",
        "rating": "4.2",
        "totalReviews": "32626",
        "subtitle": "LilyAna Naturals",
        "isPrimeEligible": "1"
    },
    {
        "ASIN": "B07GLNN427",
        "title": "The INKEY List Caffeine Eye Cream, Reduce Eye Puffiness and Dark Circle, Blur Fine Lines, 0.5 fl oz",
        "price": "$10.99 ($21.98 / Fl Oz)",
        "listPrice": "",
        "imageUrl": "https://m.media-amazon.com/images/I/31nS47oW68L._SL160_.jpg",
        "detailPageURL": "https://www.amazon.com/dp/B07GLNN427",
        "rating": "4.2",
        "totalReviews": "2142",
        "subtitle": "The INKEY List",
        "isPrimeEligible": "1"
    },
    {
        "ASIN": "B00005333I",
        "title": "L'Oreal Paris Dermo-Expertise Eye Defense Eye Cream with Caffeine and Hyaluronic Acid 0.5 oz",
        "price": "$11.96 ($23.92 / Ounce)",
        "listPrice": "$14.29 ($28.58 / Ounce)",
        "imageUrl": "https://m.media-amazon.com/images/I/31webfO63dL._SL160_.jpg",
        "detailPageURL": "https://www.amazon.com/dp/B00005333I",
        "rating": "4.3",
        "totalReviews": "18438",
        "subtitle": "L\u2019Or\u00e9al Paris",
        "isPrimeEligible": "1"
    },
    {
        "ASIN": "B008CT12G2",
        "title": "L'Oreal Paris Revitalift Triple Power Anti-Aging Eye Cream, Pro Retinol, Hyaluronic Acid & Vitamin C, Reduce Wrinkles & Puffiness 0.5 fl. oz.",
        "price": "$15.71 ($31.42 / Fl Oz)",
        "listPrice": "$27.99 ($55.98 / Fl Oz)",
        "imageUrl": "https://m.media-amazon.com/images/I/418TuUptrmL._SL160_.jpg",
        "detailPageURL": "https://www.amazon.com/dp/B008CT12G2",
        "rating": "4.3",
        "totalReviews": "9964",
        "subtitle": "L\u2019Or\u00e9al Paris",
        "isPrimeEligible": "1"
    },
    {
        "ASIN": "B07798MG7Q",
        "title": "Cetaphil Hydrating Eye Gel-Cream, With Hyaluronic Acid, 0.5 fl oz, Brightens and Smooths Under Eyes, 24 Hour Hydration for All Skin Types, (Packaging May Vary)",
        "price": "$12.99 ($25.98 / Fl Oz)",
        "listPrice": "$15.49 ($30.98 / Fl Oz)",
        "imageUrl": "https://m.media-amazon.com/images/I/41qY+RdLXkL._SL160_.jpg",
        "detailPageURL": "https://www.amazon.com/dp/B07798MG7Q",
        "rating": "4.4",
        "totalReviews": "17927",
        "subtitle": "Cetaphil",
        "isPrimeEligible": "1"
    },
    {
        "ASIN": "B0009RFB76",
        "title": "RoC Retinol Correxion Under Eye Cream for Dark Circles & Puffiness, Daily Wrinkle Cream, Anti Aging Line Smoothing Skin Care Treatment 0.5 oz (Packaging May Vary)",
        "price": "$14.23 ($28.46 / Fl Oz)",
        "listPrice": "$29.99 ($59.98 / Fl Oz)",
        "imageUrl": "https://m.media-amazon.com/images/I/41u7e8nv4HL._SL160_.jpg",
        "detailPageURL": "https://www.amazon.com/dp/B0009RFB76",
        "rating": "4.3",
        "totalReviews": "26813",
        "subtitle": "RoC",
        "isPrimeEligible": "1"
    },
    {
        "ASIN": "B0BNZYSV9R",
        "title": "Dongyu 5% Caffeine Eye Serum and Under Eye Roller Cream for Dark Circles and Puffiness, Caffeine Eye Cream with 360\u00b0\u00a0Massage Ball Reduce Wrinkles and Fine Lines, Bags under eyes",
        "price": "$19.99 ($39.98 / Fl Oz)",
        "listPrice": "",
        "imageUrl": "https://m.media-amazon.com/images/I/41zvFEuX7oL._SL160_.jpg",
        "detailPageURL": "https://www.amazon.com/dp/B0BNZYSV9R",
        "rating": "4.7",
        "totalReviews": "2707",
        "subtitle": "Dongyu",
        "isPrimeEligible": "1"
    },
    {
        "ASIN": "B07HRDV4SP",
        "title": "Estee Lauder Hydrating,Eye Aging, Advanced Night Repair Eye Supercharged Complex 15ml",
        "price": "$27.73 ($55.46 / Ounce)",
        "listPrice": "$69.99 ($139.98 / Ounce)",
        "imageUrl": "https://m.media-amazon.com/images/I/41uzdC2F4EL._SL160_.jpg",
        "detailPageURL": "https://www.amazon.com/dp/B07HRDV4SP",
        "rating": "4.5",
        "totalReviews": "1136",
        "subtitle": "Estee Lauder",
        "isPrimeEligible": "1"
    },
    {
        "ASIN": "B00NR1YIKM",
        "title": "Neutrogena Hydro Boost Eye Cream, Under-Eye Moisturizer with Hyaluronic Acid, Fragrance Free and Non-Comedogenic, 0.5 Oz",
        "price": "$16.19 ($32.38 / Fl Oz)",
        "listPrice": "$26.79 ($53.58 / Fl Oz)",
        "imageUrl": "https://m.media-amazon.com/images/I/41l-0Alu9SL._SL160_.jpg",
        "detailPageURL": "https://www.amazon.com/dp/B00NR1YIKM",
        "rating": "4.5",
        "totalReviews": "18474",
        "subtitle": "Neutrogena",
        "isPrimeEligible": "1"
    },
    {
        "ASIN": "B08K3TSKQ8",
        "title": "LilyAna Naturals Eye Cream for Dark Circles and Puffiness, Under Eye Cream for Wrinkles, Anti Aging Eye Cream helps Improve Dryness and Sensitive Skin - 1.7oz - 2 Pack - Made in USA",
        "price": "$39.99 ($11.76 / Fl Oz)",
        "listPrice": "",
        "imageUrl": "https://m.media-amazon.com/images/I/41JkwA+nF5L._SL160_.jpg",
        "detailPageURL": "https://www.amazon.com/dp/B08K3TSKQ8",
        "rating": "4.2",
        "totalReviews": "32626",
        "subtitle": "LilyAna Naturals",
        "isPrimeEligible": "1"
    },
    {
        "ASIN": "B07GLNN427",
        "title": "The INKEY List Caffeine Eye Cream, Reduce Eye Puffiness and Dark Circle, Blur Fine Lines, 0.5 fl oz",
        "price": "$10.99 ($21.98 / Fl Oz)",
        "listPrice": "",
        "imageUrl": "https://m.media-amazon.com/images/I/31nS47oW68L._SL160_.jpg",
        "detailPageURL": "https://www.amazon.com/dp/B07GLNN427",
        "rating": "4.2",
        "totalReviews": "2142",
        "subtitle": "The INKEY List",
        "isPrimeEligible": "1"
    },
    {
        "ASIN": "B00005333I",
        "title": "L'Oreal Paris Dermo-Expertise Eye Defense Eye Cream with Caffeine and Hyaluronic Acid 0.5 oz",
        "price": "$11.96 ($23.92 / Ounce)",
        "listPrice": "$14.29 ($28.58 / Ounce)",
        "imageUrl": "https://m.media-amazon.com/images/I/31webfO63dL._SL160_.jpg",
        "detailPageURL": "https://www.amazon.com/dp/B00005333I",
        "rating": "4.3",
        "totalReviews": "18438",
        "subtitle": "L\u2019Or\u00e9al Paris",
        "isPrimeEligible": "1"
    },
    {
        "ASIN": "B008CT12G2",
        "title": "L'Oreal Paris Revitalift Triple Power Anti-Aging Eye Cream, Pro Retinol, Hyaluronic Acid & Vitamin C, Reduce Wrinkles & Puffiness 0.5 fl. oz.",
        "price": "$15.71 ($31.42 / Fl Oz)",
        "listPrice": "$27.99 ($55.98 / Fl Oz)",
        "imageUrl": "https://m.media-amazon.com/images/I/418TuUptrmL._SL160_.jpg",
        "detailPageURL": "https://www.amazon.com/dp/B008CT12G2",
        "rating": "4.3",
        "totalReviews": "9964",
        "subtitle": "L\u2019Or\u00e9al Paris",
        "isPrimeEligible": "1"
    },
    {
        "ASIN": "B07798MG7Q",
        "title": "Cetaphil Hydrating Eye Gel-Cream, With Hyaluronic Acid, 0.5 fl oz, Brightens and Smooths Under Eyes, 24 Hour Hydration for All Skin Types, (Packaging May Vary)",
        "price": "$12.99 ($25.98 / Fl Oz)",
        "listPrice": "$15.49 ($30.98 / Fl Oz)",
        "imageUrl": "https://m.media-amazon.com/images/I/41qY+RdLXkL._SL160_.jpg",
        "detailPageURL": "https://www.amazon.com/dp/B07798MG7Q",
        "rating": "4.4",
        "totalReviews": "17927",
        "subtitle": "Cetaphil",
        "isPrimeEligible": "1"
    },
    {
        "ASIN": "B01D1DR514",
        "title": "e.l.f. Holy Hydration! Eye Cream | Infused with Hyaluronic Acid & Peptides | Minimizes Dark Circles | 0.53 Oz (15g)",
        "price": "$10.00",
        "listPrice": "",
        "imageUrl": "https://m.media-amazon.com/images/I/31xMIASoSRL._SL160_.jpg",
        "detailPageURL": "https://www.amazon.com/dp/B01D1DR514",
        "rating": "4.5",
        "totalReviews": "3581",
        "subtitle": "e.l.f.",
        "isPrimeEligible": "1"
    },
    {
        "ASIN": "B0BNZYSV9R",
        "title": "Dongyu 5% Caffeine Eye Serum and Under Eye Roller Cream for Dark Circles and Puffiness, Caffeine Eye Cream with 360\u00b0\u00a0Massage Ball Reduce Wrinkles and Fine Lines, Bags under eyes",
        "price": "$19.99 ($39.98 / Fl Oz)",
        "listPrice": "",
        "imageUrl": "https://m.media-amazon.com/images/I/41zvFEuX7oL._SL160_.jpg",
        "detailPageURL": "https://www.amazon.com/dp/B0BNZYSV9R",
        "rating": "4.7",
        "totalReviews": "2707",
        "subtitle": "Dongyu",
        "isPrimeEligible": "1"
    },
    {
        "ASIN": "B07HRDV4SP",
        "title": "Estee Lauder Hydrating,Eye Aging, Advanced Night Repair Eye Supercharged Complex 15ml",
        "price": "$27.73 ($55.46 / Ounce)",
        "listPrice": "$69.99 ($139.98 / Ounce)",
        "imageUrl": "https://m.media-amazon.com/images/I/41uzdC2F4EL._SL160_.jpg",
        "detailPageURL": "https://www.amazon.com/dp/B07HRDV4SP",
        "rating": "4.5",
        "totalReviews": "1136",
        "subtitle": "Estee Lauder",
        "isPrimeEligible": "1"
    },
    {
        "ASIN": "B00NR1YIKM",
        "title": "Neutrogena Hydro Boost Eye Cream, Under-Eye Moisturizer with Hyaluronic Acid, Fragrance Free and Non-Comedogenic, 0.5 Oz",
        "price": "$16.19 ($32.38 / Fl Oz)",
        "listPrice": "$26.79 ($53.58 / Fl Oz)",
        "imageUrl": "https://m.media-amazon.com/images/I/41l-0Alu9SL._SL160_.jpg",
        "detailPageURL": "https://www.amazon.com/dp/B00NR1YIKM",
        "rating": "4.5",
        "totalReviews": "18474",
        "subtitle": "Neutrogena",
        "isPrimeEligible": "1"
    },
    {
        "ASIN": "B08K3TSKQ8",
        "title": "LilyAna Naturals Eye Cream for Dark Circles and Puffiness, Under Eye Cream for Wrinkles, Anti Aging Eye Cream helps Improve Dryness and Sensitive Skin - 1.7oz - 2 Pack - Made in USA",
        "price": "$39.99 ($11.76 / Fl Oz)",
        "listPrice": "",
        "imageUrl": "https://m.media-amazon.com/images/I/41JkwA+nF5L._SL160_.jpg",
        "detailPageURL": "https://www.amazon.com/dp/B08K3TSKQ8",
        "rating": "4.2",
        "totalReviews": "32626",
        "subtitle": "LilyAna Naturals",
        "isPrimeEligible": "1"
    },
    {
        "ASIN": "B07GLNN427",
        "title": "The INKEY List Caffeine Eye Cream, Reduce Eye Puffiness and Dark Circle, Blur Fine Lines, 0.5 fl oz",
        "price": "$10.99 ($21.98 / Fl Oz)",
        "listPrice": "",
        "imageUrl": "https://m.media-amazon.com/images/I/31nS47oW68L._SL160_.jpg",
        "detailPageURL": "https://www.amazon.com/dp/B07GLNN427",
        "rating": "4.2",
        "totalReviews": "2142",
        "subtitle": "The INKEY List",
        "isPrimeEligible": "1"
    },
    {
        "ASIN": "B00005333I",
        "title": "L'Oreal Paris Dermo-Expertise Eye Defense Eye Cream with Caffeine and Hyaluronic Acid 0.5 oz",
        "price": "$11.96 ($23.92 / Ounce)",
        "listPrice": "$14.29 ($28.58 / Ounce)",
        "imageUrl": "https://m.media-amazon.com/images/I/31webfO63dL._SL160_.jpg",
        "detailPageURL": "https://www.amazon.com/dp/B00005333I",
        "rating": "4.3",
        "totalReviews": "18438",
        "subtitle": "L\u2019Or\u00e9al Paris",
        "isPrimeEligible": "1"
    },
    {
        "ASIN": "B008CT12G2",
        "title": "L'Oreal Paris Revitalift Triple Power Anti-Aging Eye Cream, Pro Retinol, Hyaluronic Acid & Vitamin C, Reduce Wrinkles & Puffiness 0.5 fl. oz.",
        "price": "$15.71 ($31.42 / Fl Oz)",
        "listPrice": "$27.99 ($55.98 / Fl Oz)",
        "imageUrl": "https://m.media-amazon.com/images/I/418TuUptrmL._SL160_.jpg",
        "detailPageURL": "https://www.amazon.com/dp/B008CT12G2",
        "rating": "4.3",
        "totalReviews": "9964",
        "subtitle": "L\u2019Or\u00e9al Paris",
        "isPrimeEligible": "1"
    },
    {
        "ASIN": "B07798MG7Q",
        "title": "Cetaphil Hydrating Eye Gel-Cream, With Hyaluronic Acid, 0.5 fl oz, Brightens and Smooths Under Eyes, 24 Hour Hydration for All Skin Types, (Packaging May Vary)",
        "price": "$12.99 ($25.98 / Fl Oz)",
        "listPrice": "$15.49 ($30.98 / Fl Oz)",
        "imageUrl": "https://m.media-amazon.com/images/I/41qY+RdLXkL._SL160_.jpg",
        "detailPageURL": "https://www.amazon.com/dp/B07798MG7Q",
        "rating": "4.4",
        "totalReviews": "17927",
        "subtitle": "Cetaphil",
        "isPrimeEligible": "1"
    },
    {
        "ASIN": "B01D1DR514",
        "title": "e.l.f. Holy Hydration! Eye Cream | Infused with Hyaluronic Acid & Peptides | Minimizes Dark Circles | 0.53 Oz (15g)",
        "price": "$10.00",
        "listPrice": "",
        "imageUrl": "https://m.media-amazon.com/images/I/31xMIASoSRL._SL160_.jpg",
        "detailPageURL": "https://www.amazon.com/dp/B01D1DR514",
        "rating": "4.5",
        "totalReviews": "3581",
        "subtitle": "e.l.f.",
        "isPrimeEligible": "1"
    },
    {
        "ASIN": "B0B22TJCZ7",
        "title": "PENEBELLA NEW - 3% Caffeine Eye Cream - 5% Niacinamide (Vitamin B3) Under Eye Cream for Dark Circle, Puffiness & Wrinkles - Brighten & Repair Anti Aging Eye Treatment Balm - Moisturizer with Collagen",
        "price": "$9.99 ($19.98 / Ounce)",
        "listPrice": "",
        "imageUrl": "https://m.media-amazon.com/images/I/416yhBUCurL._SL160_.jpg",
        "detailPageURL": "https://www.amazon.com/dp/B0B22TJCZ7",
        "rating": "4.4",
        "totalReviews": "1328",
        "subtitle": "PENEBELLA",
        "isPrimeEligible": "1"
    },
    {
        "ASIN": "B07HRDV4SP",
        "title": "Estee Lauder Hydrating,Eye Aging, Advanced Night Repair Eye Supercharged Complex 15ml",
        "price": "$27.73 ($55.46 / Ounce)",
        "listPrice": "$69.99 ($139.98 / Ounce)",
        "imageUrl": "https://m.media-amazon.com/images/I/41uzdC2F4EL._SL160_.jpg",
        "detailPageURL": "https://www.amazon.com/dp/B07HRDV4SP",
        "rating": "4.5",
        "totalReviews": "1136",
        "subtitle": "Estee Lauder",
        "isPrimeEligible": "1"
    },
    {
        "ASIN": "B00NR1YIKM",
        "title": "Neutrogena Hydro Boost Eye Cream, Under-Eye Moisturizer with Hyaluronic Acid, Fragrance Free and Non-Comedogenic, 0.5 Oz",
        "price": "$16.19 ($32.38 / Fl Oz)",
        "listPrice": "$26.79 ($53.58 / Fl Oz)",
        "imageUrl": "https://m.media-amazon.com/images/I/41l-0Alu9SL._SL160_.jpg",
        "detailPageURL": "https://www.amazon.com/dp/B00NR1YIKM",
        "rating": "4.5",
        "totalReviews": "18474",
        "subtitle": "Neutrogena",
        "isPrimeEligible": "1"
    },
    {
        "ASIN": "B08K3TSKQ8",
        "title": "LilyAna Naturals Eye Cream for Dark Circles and Puffiness, Under Eye Cream for Wrinkles, Anti Aging Eye Cream helps Improve Dryness and Sensitive Skin - 1.7oz - 2 Pack - Made in USA",
        "price": "$39.99 ($11.76 / Fl Oz)",
        "listPrice": "",
        "imageUrl": "https://m.media-amazon.com/images/I/41JkwA+nF5L._SL160_.jpg",
        "detailPageURL": "https://www.amazon.com/dp/B08K3TSKQ8",
        "rating": "4.2",
        "totalReviews": "32626",
        "subtitle": "LilyAna Naturals",
        "isPrimeEligible": "1"
    },
    {
        "ASIN": "B07GLNN427",
        "title": "The INKEY List Caffeine Eye Cream, Reduce Eye Puffiness and Dark Circle, Blur Fine Lines, 0.5 fl oz",
        "price": "$10.99 ($21.98 / Fl Oz)",
        "listPrice": "",
        "imageUrl": "https://m.media-amazon.com/images/I/31nS47oW68L._SL160_.jpg",
        "detailPageURL": "https://www.amazon.com/dp/B07GLNN427",
        "rating": "4.2",
        "totalReviews": "2142",
        "subtitle": "The INKEY List",
        "isPrimeEligible": "1"
    },
    {
        "ASIN": "B00005333I",
        "title": "L'Oreal Paris Dermo-Expertise Eye Defense Eye Cream with Caffeine and Hyaluronic Acid 0.5 oz",
        "price": "$11.96 ($23.92 / Ounce)",
        "listPrice": "$14.29 ($28.58 / Ounce)",
        "imageUrl": "https://m.media-amazon.com/images/I/31webfO63dL._SL160_.jpg",
        "detailPageURL": "https://www.amazon.com/dp/B00005333I",
        "rating": "4.3",
        "totalReviews": "18438",
        "subtitle": "L\u2019Or\u00e9al Paris",
        "isPrimeEligible": "1"
    },
    {
        "ASIN": "B008CT12G2",
        "title": "L'Oreal Paris Revitalift Triple Power Anti-Aging Eye Cream, Pro Retinol, Hyaluronic Acid & Vitamin C, Reduce Wrinkles & Puffiness 0.5 fl. oz.",
        "price": "$15.71 ($31.42 / Fl Oz)",
        "listPrice": "$27.99 ($55.98 / Fl Oz)",
        "imageUrl": "https://m.media-amazon.com/images/I/418TuUptrmL._SL160_.jpg",
        "detailPageURL": "https://www.amazon.com/dp/B008CT12G2",
        "rating": "4.3",
        "totalReviews": "9964",
        "subtitle": "L\u2019Or\u00e9al Paris",
        "isPrimeEligible": "1"
    },
    {
        "ASIN": "B07798MG7Q",
        "title": "Cetaphil Hydrating Eye Gel-Cream, With Hyaluronic Acid, 0.5 fl oz, Brightens and Smooths Under Eyes, 24 Hour Hydration for All Skin Types, (Packaging May Vary)",
        "price": "$12.99 ($25.98 / Fl Oz)",
        "listPrice": "$15.49 ($30.98 / Fl Oz)",
        "imageUrl": "https://m.media-amazon.com/images/I/41qY+RdLXkL._SL160_.jpg",
        "detailPageURL": "https://www.amazon.com/dp/B07798MG7Q",
        "rating": "4.4",
        "totalReviews": "17927",
        "subtitle": "Cetaphil",
        "isPrimeEligible": "1"
    },
    {
        "ASIN": "B01D1DR514",
        "title": "e.l.f. Holy Hydration! Eye Cream | Infused with Hyaluronic Acid & Peptides | Minimizes Dark Circles | 0.53 Oz (15g)",
        "price": "$10.00",
        "listPrice": "",
        "imageUrl": "https://m.media-amazon.com/images/I/31xMIASoSRL._SL160_.jpg",
        "detailPageURL": "https://www.amazon.com/dp/B01D1DR514",
        "rating": "4.5",
        "totalReviews": "3581",
        "subtitle": "e.l.f.",
        "isPrimeEligible": "1"
    },
    {
        "ASIN": "B0B22TJCZ7",
        "title": "PENEBELLA NEW - 3% Caffeine Eye Cream - 5% Niacinamide (Vitamin B3) Under Eye Cream for Dark Circle, Puffiness & Wrinkles - Brighten & Repair Anti Aging Eye Treatment Balm - Moisturizer with Collagen",
        "price": "$9.99 ($19.98 / Ounce)",
        "listPrice": "",
        "imageUrl": "https://m.media-amazon.com/images/I/416yhBUCurL._SL160_.jpg",
        "detailPageURL": "https://www.amazon.com/dp/B0B22TJCZ7",
        "rating": "4.4",
        "totalReviews": "1328",
        "subtitle": "PENEBELLA",
        "isPrimeEligible": "1"
    },
    {
        "ASIN": "B0BWYCD97R",
        "title": "Retinol Eye Cream for Dark Circles and Puffiness, Anti Aging Eye Cream with Hyaluronic Acid and Collagen, Under Eye Cream, Smooth Fine Lines and Hydrate Eye Area",
        "price": "$16.98 ($33.96 / Fl Oz)",
        "listPrice": "",
        "imageUrl": "https://m.media-amazon.com/images/I/41nl3ovxKfL._SL160_.jpg",
        "detailPageURL": "https://www.amazon.com/dp/B0BWYCD97R",
        "rating": "4.7",
        "totalReviews": "2007",
        "subtitle": "RONKIE",
        "isPrimeEligible": "1"
    },
    {
        "ASIN": "B00NR1YIKM",
        "title": "Neutrogena Hydro Boost Eye Cream, Under-Eye Moisturizer with Hyaluronic Acid, Fragrance Free and Non-Comedogenic, 0.5 Oz",
        "price": "$16.19 ($32.38 / Fl Oz)",
        "listPrice": "$26.79 ($53.58 / Fl Oz)",
        "imageUrl": "https://m.media-amazon.com/images/I/41l-0Alu9SL._SL160_.jpg",
        "detailPageURL": "https://www.amazon.com/dp/B00NR1YIKM",
        "rating": "4.5",
        "totalReviews": "18474",
        "subtitle": "Neutrogena",
        "isPrimeEligible": "1"
    },
    {
        "ASIN": "B08K3TSKQ8",
        "title": "LilyAna Naturals Eye Cream for Dark Circles and Puffiness, Under Eye Cream for Wrinkles, Anti Aging Eye Cream helps Improve Dryness and Sensitive Skin - 1.7oz - 2 Pack - Made in USA",
        "price": "$39.99 ($11.76 / Fl Oz)",
        "listPrice": "",
        "imageUrl": "https://m.media-amazon.com/images/I/41JkwA+nF5L._SL160_.jpg",
        "detailPageURL": "https://www.amazon.com/dp/B08K3TSKQ8",
        "rating": "4.2",
        "totalReviews": "32626",
        "subtitle": "LilyAna Naturals",
        "isPrimeEligible": "1"
    },
    {
        "ASIN": "B07GLNN427",
        "title": "The INKEY List Caffeine Eye Cream, Reduce Eye Puffiness and Dark Circle, Blur Fine Lines, 0.5 fl oz",
        "price": "$10.99 ($21.98 / Fl Oz)",
        "listPrice": "",
        "imageUrl": "https://m.media-amazon.com/images/I/31nS47oW68L._SL160_.jpg",
        "detailPageURL": "https://www.amazon.com/dp/B07GLNN427",
        "rating": "4.2",
        "totalReviews": "2142",
        "subtitle": "The INKEY List",
        "isPrimeEligible": "1"
    },
    {
        "ASIN": "B00005333I",
        "title": "L'Oreal Paris Dermo-Expertise Eye Defense Eye Cream with Caffeine and Hyaluronic Acid 0.5 oz",
        "price": "$11.96 ($23.92 / Ounce)",
        "listPrice": "$14.29 ($28.58 / Ounce)",
        "imageUrl": "https://m.media-amazon.com/images/I/31webfO63dL._SL160_.jpg",
        "detailPageURL": "https://www.amazon.com/dp/B00005333I",
        "rating": "4.3",
        "totalReviews": "18438",
        "subtitle": "L\u2019Or\u00e9al Paris",
        "isPrimeEligible": "1"
    },
    {
        "ASIN": "B008CT12G2",
        "title": "L'Oreal Paris Revitalift Triple Power Anti-Aging Eye Cream, Pro Retinol, Hyaluronic Acid & Vitamin C, Reduce Wrinkles & Puffiness 0.5 fl. oz.",
        "price": "$15.71 ($31.42 / Fl Oz)",
        "listPrice": "$27.99 ($55.98 / Fl Oz)",
        "imageUrl": "https://m.media-amazon.com/images/I/418TuUptrmL._SL160_.jpg",
        "detailPageURL": "https://www.amazon.com/dp/B008CT12G2",
        "rating": "4.3",
        "totalReviews": "9964",
        "subtitle": "L\u2019Or\u00e9al Paris",
        "isPrimeEligible": "1"
    },
    {
        "ASIN": "B07798MG7Q",
        "title": "Cetaphil Hydrating Eye Gel-Cream, With Hyaluronic Acid, 0.5 fl oz, Brightens and Smooths Under Eyes, 24 Hour Hydration for All Skin Types, (Packaging May Vary)",
        "price": "$12.99 ($25.98 / Fl Oz)",
        "listPrice": "$15.49 ($30.98 / Fl Oz)",
        "imageUrl": "https://m.media-amazon.com/images/I/41qY+RdLXkL._SL160_.jpg",
        "detailPageURL": "https://www.amazon.com/dp/B07798MG7Q",
        "rating": "4.4",
        "totalReviews": "17927",
        "subtitle": "Cetaphil",
        "isPrimeEligible": "1"
    },
    {
        "ASIN": "B01D1DR514",
        "title": "e.l.f. Holy Hydration! Eye Cream | Infused with Hyaluronic Acid & Peptides | Minimizes Dark Circles | 0.53 Oz (15g)",
        "price": "$10.00",
        "listPrice": "",
        "imageUrl": "https://m.media-amazon.com/images/I/31xMIASoSRL._SL160_.jpg",
        "detailPageURL": "https://www.amazon.com/dp/B01D1DR514",
        "rating": "4.5",
        "totalReviews": "3581",
        "subtitle": "e.l.f.",
        "isPrimeEligible": "1"
    },
    {
        "ASIN": "B0B22TJCZ7",
        "title": "PENEBELLA NEW - 3% Caffeine Eye Cream - 5% Niacinamide (Vitamin B3) Under Eye Cream for Dark Circle, Puffiness & Wrinkles - Brighten & Repair Anti Aging Eye Treatment Balm - Moisturizer with Collagen",
        "price": "$9.99 ($19.98 / Ounce)",
        "listPrice": "",
        "imageUrl": "https://m.media-amazon.com/images/I/416yhBUCurL._SL160_.jpg",
        "detailPageURL": "https://www.amazon.com/dp/B0B22TJCZ7",
        "rating": "4.4",
        "totalReviews": "1328",
        "subtitle": "PENEBELLA",
        "isPrimeEligible": "1"
    },
    {
        "ASIN": "B0BWYCD97R",
        "title": "Retinol Eye Cream for Dark Circles and Puffiness, Anti Aging Eye Cream with Hyaluronic Acid and Collagen, Under Eye Cream, Smooth Fine Lines and Hydrate Eye Area",
        "price": "$16.98 ($33.96 / Fl Oz)",
        "listPrice": "",
        "imageUrl": "https://m.media-amazon.com/images/I/41nl3ovxKfL._SL160_.jpg",
        "detailPageURL": "https://www.amazon.com/dp/B0BWYCD97R",
        "rating": "4.7",
        "totalReviews": "2007",
        "subtitle": "RONKIE",
        "isPrimeEligible": "1"
    },
    {
        "ASIN": "B07577L71W",
        "title": "L'Oreal Paris Wrinkle Expert 55+ Anti-Wrinkle Eye Cream with Calcium, Reduce Crow's feet 1.7 fl. Oz",
        "price": "$8.98 ($17.96 / Fl Oz)",
        "listPrice": "$9.99 ($19.98 / Fl Oz)",
        "imageUrl": "https://m.media-amazon.com/images/I/31i0dBCViZL._SL160_.jpg",
        "detailPageURL": "https://www.amazon.com/dp/B07577L71W",
        "rating": "4.5",
        "totalReviews": "1165",
        "subtitle": "L\u2019Or\u00e9al Paris",
        "isPrimeEligible": "1"
    },
    {
        "ASIN": "B08K3TSKQ8",
        "title": "LilyAna Naturals Eye Cream for Dark Circles and Puffiness, Under Eye Cream for Wrinkles, Anti Aging Eye Cream helps Improve Dryness and Sensitive Skin - 1.7oz - 2 Pack - Made in USA",
        "price": "$39.99 ($11.76 / Fl Oz)",
        "listPrice": "",
        "imageUrl": "https://m.media-amazon.com/images/I/41JkwA+nF5L._SL160_.jpg",
        "detailPageURL": "https://www.amazon.com/dp/B08K3TSKQ8",
        "rating": "4.2",
        "totalReviews": "32626",
        "subtitle": "LilyAna Naturals",
        "isPrimeEligible": "1"
    },
    {
        "ASIN": "B07GLNN427",
        "title": "The INKEY List Caffeine Eye Cream, Reduce Eye Puffiness and Dark Circle, Blur Fine Lines, 0.5 fl oz",
        "price": "$10.99 ($21.98 / Fl Oz)",
        "listPrice": "",
        "imageUrl": "https://m.media-amazon.com/images/I/31nS47oW68L._SL160_.jpg",
        "detailPageURL": "https://www.amazon.com/dp/B07GLNN427",
        "rating": "4.2",
        "totalReviews": "2142",
        "subtitle": "The INKEY List",
        "isPrimeEligible": "1"
    },
    {
        "ASIN": "B00005333I",
        "title": "L'Oreal Paris Dermo-Expertise Eye Defense Eye Cream with Caffeine and Hyaluronic Acid 0.5 oz",
        "price": "$11.96 ($23.92 / Ounce)",
        "listPrice": "$14.29 ($28.58 / Ounce)",
        "imageUrl": "https://m.media-amazon.com/images/I/31webfO63dL._SL160_.jpg",
        "detailPageURL": "https://www.amazon.com/dp/B00005333I",
        "rating": "4.3",
        "totalReviews": "18438",
        "subtitle": "L\u2019Or\u00e9al Paris",
        "isPrimeEligible": "1"
    },
    {
        "ASIN": "B008CT12G2",
        "title": "L'Oreal Paris Revitalift Triple Power Anti-Aging Eye Cream, Pro Retinol, Hyaluronic Acid & Vitamin C, Reduce Wrinkles & Puffiness 0.5 fl. oz.",
        "price": "$15.71 ($31.42 / Fl Oz)",
        "listPrice": "$27.99 ($55.98 / Fl Oz)",
        "imageUrl": "https://m.media-amazon.com/images/I/418TuUptrmL._SL160_.jpg",
        "detailPageURL": "https://www.amazon.com/dp/B008CT12G2",
        "rating": "4.3",
        "totalReviews": "9964",
        "subtitle": "L\u2019Or\u00e9al Paris",
        "isPrimeEligible": "1"
    },
    {
        "ASIN": "B07798MG7Q",
        "title": "Cetaphil Hydrating Eye Gel-Cream, With Hyaluronic Acid, 0.5 fl oz, Brightens and Smooths Under Eyes, 24 Hour Hydration for All Skin Types, (Packaging May Vary)",
        "price": "$12.99 ($25.98 / Fl Oz)",
        "listPrice": "$15.49 ($30.98 / Fl Oz)",
        "imageUrl": "https://m.media-amazon.com/images/I/41qY+RdLXkL._SL160_.jpg",
        "detailPageURL": "https://www.amazon.com/dp/B07798MG7Q",
        "rating": "4.4",
        "totalReviews": "17927",
        "subtitle": "Cetaphil",
        "isPrimeEligible": "1"
    },
    {
        "ASIN": "B01D1DR514",
        "title": "e.l.f. Holy Hydration! Eye Cream | Infused with Hyaluronic Acid & Peptides | Minimizes Dark Circles | 0.53 Oz (15g)",
        "price": "$10.00",
        "listPrice": "",
        "imageUrl": "https://m.media-amazon.com/images/I/31xMIASoSRL._SL160_.jpg",
        "detailPageURL": "https://www.amazon.com/dp/B01D1DR514",
        "rating": "4.5",
        "totalReviews": "3581",
        "subtitle": "e.l.f.",
        "isPrimeEligible": "1"
    },
    {
        "ASIN": "B0B22TJCZ7",
        "title": "PENEBELLA NEW - 3% Caffeine Eye Cream - 5% Niacinamide (Vitamin B3) Under Eye Cream for Dark Circle, Puffiness & Wrinkles - Brighten & Repair Anti Aging Eye Treatment Balm - Moisturizer with Collagen",
        "price": "$9.99 ($19.98 / Ounce)",
        "listPrice": "",
        "imageUrl": "https://m.media-amazon.com/images/I/416yhBUCurL._SL160_.jpg",
        "detailPageURL": "https://www.amazon.com/dp/B0B22TJCZ7",
        "rating": "4.4",
        "totalReviews": "1328",
        "subtitle": "PENEBELLA",
        "isPrimeEligible": "1"
    },
    {
        "ASIN": "B0BWYCD97R",
        "title": "Retinol Eye Cream for Dark Circles and Puffiness, Anti Aging Eye Cream with Hyaluronic Acid and Collagen, Under Eye Cream, Smooth Fine Lines and Hydrate Eye Area",
        "price": "$16.98 ($33.96 / Fl Oz)",
        "listPrice": "",
        "imageUrl": "https://m.media-amazon.com/images/I/41nl3ovxKfL._SL160_.jpg",
        "detailPageURL": "https://www.amazon.com/dp/B0BWYCD97R",
        "rating": "4.7",
        "totalReviews": "2007",
        "subtitle": "RONKIE",
        "isPrimeEligible": "1"
    },
    {
        "ASIN": "B07577L71W",
        "title": "L'Oreal Paris Wrinkle Expert 55+ Anti-Wrinkle Eye Cream with Calcium, Reduce Crow's feet 1.7 fl. Oz",
        "price": "$8.98 ($17.96 / Fl Oz)",
        "listPrice": "$9.99 ($19.98 / Fl Oz)",
        "imageUrl": "https://m.media-amazon.com/images/I/31i0dBCViZL._SL160_.jpg",
        "detailPageURL": "https://www.amazon.com/dp/B07577L71W",
        "rating": "4.5",
        "totalReviews": "1165",
        "subtitle": "L\u2019Or\u00e9al Paris",
        "isPrimeEligible": "1"
    },
    {
        "ASIN": "B08XJX48SF",
        "title": "Clinique All About Eyes Cream, 0.5 oz Unboxed",
        "price": "$17.28 ($34.56 / Ounce)",
        "listPrice": "$20.00 ($40.00 / Ounce)",
        "imageUrl": "https://m.media-amazon.com/images/I/41LfaGMOZ0L._SL160_.jpg",
        "detailPageURL": "https://www.amazon.com/dp/B08XJX48SF",
        "rating": "4.6",
        "totalReviews": "1044",
        "subtitle": "Clinique",
        "isPrimeEligible": "1"
    },
    {
        "ASIN": "B07GLNN427",
        "title": "The INKEY List Caffeine Eye Cream, Reduce Eye Puffiness and Dark Circle, Blur Fine Lines, 0.5 fl oz",
        "price": "$10.99 ($21.98 / Fl Oz)",
        "listPrice": "",
        "imageUrl": "https://m.media-amazon.com/images/I/31nS47oW68L._SL160_.jpg",
        "detailPageURL": "https://www.amazon.com/dp/B07GLNN427",
        "rating": "4.2",
        "totalReviews": "2142",
        "subtitle": "The INKEY List",
        "isPrimeEligible": "1"
    },
    {
        "ASIN": "B00005333I",
        "title": "L'Oreal Paris Dermo-Expertise Eye Defense Eye Cream with Caffeine and Hyaluronic Acid 0.5 oz",
        "price": "$11.96 ($23.92 / Ounce)",
        "listPrice": "$14.29 ($28.58 / Ounce)",
        "imageUrl": "https://m.media-amazon.com/images/I/31webfO63dL._SL160_.jpg",
        "detailPageURL": "https://www.amazon.com/dp/B00005333I",
        "rating": "4.3",
        "totalReviews": "18438",
        "subtitle": "L\u2019Or\u00e9al Paris",
        "isPrimeEligible": "1"
    },
    {
        "ASIN": "B008CT12G2",
        "title": "L'Oreal Paris Revitalift Triple Power Anti-Aging Eye Cream, Pro Retinol, Hyaluronic Acid & Vitamin C, Reduce Wrinkles & Puffiness 0.5 fl. oz.",
        "price": "$15.71 ($31.42 / Fl Oz)",
        "listPrice": "$27.99 ($55.98 / Fl Oz)",
        "imageUrl": "https://m.media-amazon.com/images/I/418TuUptrmL._SL160_.jpg",
        "detailPageURL": "https://www.amazon.com/dp/B008CT12G2",
        "rating": "4.3",
        "totalReviews": "9964",
        "subtitle": "L\u2019Or\u00e9al Paris",
        "isPrimeEligible": "1"
    },
    {
        "ASIN": "B07798MG7Q",
        "title": "Cetaphil Hydrating Eye Gel-Cream, With Hyaluronic Acid, 0.5 fl oz, Brightens and Smooths Under Eyes, 24 Hour Hydration for All Skin Types, (Packaging May Vary)",
        "price": "$12.99 ($25.98 / Fl Oz)",
        "listPrice": "$15.49 ($30.98 / Fl Oz)",
        "imageUrl": "https://m.media-amazon.com/images/I/41qY+RdLXkL._SL160_.jpg",
        "detailPageURL": "https://www.amazon.com/dp/B07798MG7Q",
        "rating": "4.4",
        "totalReviews": "17927",
        "subtitle": "Cetaphil",
        "isPrimeEligible": "1"
    },
    {
        "ASIN": "B01D1DR514",
        "title": "e.l.f. Holy Hydration! Eye Cream | Infused with Hyaluronic Acid & Peptides | Minimizes Dark Circles | 0.53 Oz (15g)",
        "price": "$10.00",
        "listPrice": "",
        "imageUrl": "https://m.media-amazon.com/images/I/31xMIASoSRL._SL160_.jpg",
        "detailPageURL": "https://www.amazon.com/dp/B01D1DR514",
        "rating": "4.5",
        "totalReviews": "3581",
        "subtitle": "e.l.f.",
        "isPrimeEligible": "1"
    },
    {
        "ASIN": "B0B22TJCZ7",
        "title": "PENEBELLA NEW - 3% Caffeine Eye Cream - 5% Niacinamide (Vitamin B3) Under Eye Cream for Dark Circle, Puffiness & Wrinkles - Brighten & Repair Anti Aging Eye Treatment Balm - Moisturizer with Collagen",
        "price": "$9.99 ($19.98 / Ounce)",
        "listPrice": "",
        "imageUrl": "https://m.media-amazon.com/images/I/416yhBUCurL._SL160_.jpg",
        "detailPageURL": "https://www.amazon.com/dp/B0B22TJCZ7",
        "rating": "4.4",
        "totalReviews": "1328",
        "subtitle": "PENEBELLA",
        "isPrimeEligible": "1"
    },
    {
        "ASIN": "B0BWYCD97R",
        "title": "Retinol Eye Cream for Dark Circles and Puffiness, Anti Aging Eye Cream with Hyaluronic Acid and Collagen, Under Eye Cream, Smooth Fine Lines and Hydrate Eye Area",
        "price": "$16.98 ($33.96 / Fl Oz)",
        "listPrice": "",
        "imageUrl": "https://m.media-amazon.com/images/I/41nl3ovxKfL._SL160_.jpg",
        "detailPageURL": "https://www.amazon.com/dp/B0BWYCD97R",
        "rating": "4.7",
        "totalReviews": "2007",
        "subtitle": "RONKIE",
        "isPrimeEligible": "1"
    },
    {
        "ASIN": "B07577L71W",
        "title": "L'Oreal Paris Wrinkle Expert 55+ Anti-Wrinkle Eye Cream with Calcium, Reduce Crow's feet 1.7 fl. Oz",
        "price": "$8.98 ($17.96 / Fl Oz)",
        "listPrice": "$9.99 ($19.98 / Fl Oz)",
        "imageUrl": "https://m.media-amazon.com/images/I/31i0dBCViZL._SL160_.jpg",
        "detailPageURL": "https://www.amazon.com/dp/B07577L71W",
        "rating": "4.5",
        "totalReviews": "1165",
        "subtitle": "L\u2019Or\u00e9al Paris",
        "isPrimeEligible": "1"
    },
    {
        "ASIN": "B08XJX48SF",
        "title": "Clinique All About Eyes Cream, 0.5 oz Unboxed",
        "price": "$17.28 ($34.56 / Ounce)",
        "listPrice": "$20.00 ($40.00 / Ounce)",
        "imageUrl": "https://m.media-amazon.com/images/I/41LfaGMOZ0L._SL160_.jpg",
        "detailPageURL": "https://www.amazon.com/dp/B08XJX48SF",
        "rating": "4.6",
        "totalReviews": "1044",
        "subtitle": "Clinique",
        "isPrimeEligible": "1"
    },
    {
        "ASIN": "B09327Z9DB",
        "title": "Andalou Naturals Deep Hydration Reviving Eye Cream, 0.45 Oz",
        "price": "$17.40 ($38.67 / Ounce)",
        "listPrice": "$19.99 ($44.42 / Ounce)",
        "imageUrl": "https://m.media-amazon.com/images/I/41jQdvb8tkL._SL160_.jpg",
        "detailPageURL": "https://www.amazon.com/dp/B09327Z9DB",
        "rating": "4.2",
        "totalReviews": "233",
        "subtitle": "Andalou Naturals",
        "isPrimeEligible": "1"
    },
    {
        "ASIN": "B00005333I",
        "title": "L'Oreal Paris Dermo-Expertise Eye Defense Eye Cream with Caffeine and Hyaluronic Acid 0.5 oz",
        "price": "$11.96 ($23.92 / Ounce)",
        "listPrice": "$14.29 ($28.58 / Ounce)",
        "imageUrl": "https://m.media-amazon.com/images/I/31webfO63dL._SL160_.jpg",
        "detailPageURL": "https://www.amazon.com/dp/B00005333I",
        "rating": "4.3",
        "totalReviews": "18438",
        "subtitle": "L\u2019Or\u00e9al Paris",
        "isPrimeEligible": "1"
    },
    {
        "ASIN": "B008CT12G2",
        "title": "L'Oreal Paris Revitalift Triple Power Anti-Aging Eye Cream, Pro Retinol, Hyaluronic Acid & Vitamin C, Reduce Wrinkles & Puffiness 0.5 fl. oz.",
        "price": "$15.71 ($31.42 / Fl Oz)",
        "listPrice": "$27.99 ($55.98 / Fl Oz)",
        "imageUrl": "https://m.media-amazon.com/images/I/418TuUptrmL._SL160_.jpg",
        "detailPageURL": "https://www.amazon.com/dp/B008CT12G2",
        "rating": "4.3",
        "totalReviews": "9964",
        "subtitle": "L\u2019Or\u00e9al Paris",
        "isPrimeEligible": "1"
    },
    {
        "ASIN": "B07798MG7Q",
        "title": "Cetaphil Hydrating Eye Gel-Cream, With Hyaluronic Acid, 0.5 fl oz, Brightens and Smooths Under Eyes, 24 Hour Hydration for All Skin Types, (Packaging May Vary)",
        "price": "$12.99 ($25.98 / Fl Oz)",
        "listPrice": "$15.49 ($30.98 / Fl Oz)",
        "imageUrl": "https://m.media-amazon.com/images/I/41qY+RdLXkL._SL160_.jpg",
        "detailPageURL": "https://www.amazon.com/dp/B07798MG7Q",
        "rating": "4.4",
        "totalReviews": "17927",
        "subtitle": "Cetaphil",
        "isPrimeEligible": "1"
    },
    {
        "ASIN": "B01D1DR514",
        "title": "e.l.f. Holy Hydration! Eye Cream | Infused with Hyaluronic Acid & Peptides | Minimizes Dark Circles | 0.53 Oz (15g)",
        "price": "$10.00",
        "listPrice": "",
        "imageUrl": "https://m.media-amazon.com/images/I/31xMIASoSRL._SL160_.jpg",
        "detailPageURL": "https://www.amazon.com/dp/B01D1DR514",
        "rating": "4.5",
        "totalReviews": "3581",
        "subtitle": "e.l.f.",
        "isPrimeEligible": "1"
    },
    {
        "ASIN": "B0B22TJCZ7",
        "title": "PENEBELLA NEW - 3% Caffeine Eye Cream - 5% Niacinamide (Vitamin B3) Under Eye Cream for Dark Circle, Puffiness & Wrinkles - Brighten & Repair Anti Aging Eye Treatment Balm - Moisturizer with Collagen",
        "price": "$9.99 ($19.98 / Ounce)",
        "listPrice": "",
        "imageUrl": "https://m.media-amazon.com/images/I/416yhBUCurL._SL160_.jpg",
        "detailPageURL": "https://www.amazon.com/dp/B0B22TJCZ7",
        "rating": "4.4",
        "totalReviews": "1328",
        "subtitle": "PENEBELLA",
        "isPrimeEligible": "1"
    },
    {
        "ASIN": "B0BWYCD97R",
        "title": "Retinol Eye Cream for Dark Circles and Puffiness, Anti Aging Eye Cream with Hyaluronic Acid and Collagen, Under Eye Cream, Smooth Fine Lines and Hydrate Eye Area",
        "price": "$16.98 ($33.96 / Fl Oz)",
        "listPrice": "",
        "imageUrl": "https://m.media-amazon.com/images/I/41nl3ovxKfL._SL160_.jpg",
        "detailPageURL": "https://www.amazon.com/dp/B0BWYCD97R",
        "rating": "4.7",
        "totalReviews": "2007",
        "subtitle": "RONKIE",
        "isPrimeEligible": "1"
    },
    {
        "ASIN": "B07577L71W",
        "title": "L'Oreal Paris Wrinkle Expert 55+ Anti-Wrinkle Eye Cream with Calcium, Reduce Crow's feet 1.7 fl. Oz",
        "price": "$8.98 ($17.96 / Fl Oz)",
        "listPrice": "$9.99 ($19.98 / Fl Oz)",
        "imageUrl": "https://m.media-amazon.com/images/I/31i0dBCViZL._SL160_.jpg",
        "detailPageURL": "https://www.amazon.com/dp/B07577L71W",
        "rating": "4.5",
        "totalReviews": "1165",
        "subtitle": "L\u2019Or\u00e9al Paris",
        "isPrimeEligible": "1"
    },
    {
        "ASIN": "B08XJX48SF",
        "title": "Clinique All About Eyes Cream, 0.5 oz Unboxed",
        "price": "$17.28 ($34.56 / Ounce)",
        "listPrice": "$20.00 ($40.00 / Ounce)",
        "imageUrl": "https://m.media-amazon.com/images/I/41LfaGMOZ0L._SL160_.jpg",
        "detailPageURL": "https://www.amazon.com/dp/B08XJX48SF",
        "rating": "4.6",
        "totalReviews": "1044",
        "subtitle": "Clinique",
        "isPrimeEligible": "1"
    },
    {
        "ASIN": "B09327Z9DB",
        "title": "Andalou Naturals Deep Hydration Reviving Eye Cream, 0.45 Oz",
        "price": "$17.40 ($38.67 / Ounce)",
        "listPrice": "$19.99 ($44.42 / Ounce)",
        "imageUrl": "https://m.media-amazon.com/images/I/41jQdvb8tkL._SL160_.jpg",
        "detailPageURL": "https://www.amazon.com/dp/B09327Z9DB",
        "rating": "4.2",
        "totalReviews": "233",
        "subtitle": "Andalou Naturals",
        "isPrimeEligible": "1"
    },
    {
        "ASIN": "B091NJQ29P",
        "title": "Good Molecules Wake Up Eye Gel 0, 50 Oz Formulated With Yerba Mate Extract Revitalize And Energize Eyes With This Soothing Gel Vegan, Fragrance Free Cruelty , 0.5 Fl Oz (Pack of 1)",
        "price": "$6.00 ($12.00 / Fl Oz)",
        "listPrice": "",
        "imageUrl": "https://m.media-amazon.com/images/I/31u7lkDYm4L._SL160_.jpg",
        "detailPageURL": "https://www.amazon.com/dp/B091NJQ29P",
        "rating": "4.2",
        "totalReviews": "6247",
        "subtitle": "Good Molecules",
        "isPrimeEligible": "1"
    },
    {
        "ASIN": "B008CT12G2",
        "title": "L'Oreal Paris Revitalift Triple Power Anti-Aging Eye Cream, Pro Retinol, Hyaluronic Acid & Vitamin C, Reduce Wrinkles & Puffiness 0.5 fl. oz.",
        "price": "$15.71 ($31.42 / Fl Oz)",
        "listPrice": "$27.99 ($55.98 / Fl Oz)",
        "imageUrl": "https://m.media-amazon.com/images/I/418TuUptrmL._SL160_.jpg",
        "detailPageURL": "https://www.amazon.com/dp/B008CT12G2",
        "rating": "4.3",
        "totalReviews": "9964",
        "subtitle": "L\u2019Or\u00e9al Paris",
        "isPrimeEligible": "1"
    },
    {
        "ASIN": "B07798MG7Q",
        "title": "Cetaphil Hydrating Eye Gel-Cream, With Hyaluronic Acid, 0.5 fl oz, Brightens and Smooths Under Eyes, 24 Hour Hydration for All Skin Types, (Packaging May Vary)",
        "price": "$12.99 ($25.98 / Fl Oz)",
        "listPrice": "$15.49 ($30.98 / Fl Oz)",
        "imageUrl": "https://m.media-amazon.com/images/I/41qY+RdLXkL._SL160_.jpg",
        "detailPageURL": "https://www.amazon.com/dp/B07798MG7Q",
        "rating": "4.4",
        "totalReviews": "17927",
        "subtitle": "Cetaphil",
        "isPrimeEligible": "1"
    },
    {
        "ASIN": "B01D1DR514",
        "title": "e.l.f. Holy Hydration! Eye Cream | Infused with Hyaluronic Acid & Peptides | Minimizes Dark Circles | 0.53 Oz (15g)",
        "price": "$10.00",
        "listPrice": "",
        "imageUrl": "https://m.media-amazon.com/images/I/31xMIASoSRL._SL160_.jpg",
        "detailPageURL": "https://www.amazon.com/dp/B01D1DR514",
        "rating": "4.5",
        "totalReviews": "3581",
        "subtitle": "e.l.f.",
        "isPrimeEligible": "1"
    },
    {
        "ASIN": "B0B22TJCZ7",
        "title": "PENEBELLA NEW - 3% Caffeine Eye Cream - 5% Niacinamide (Vitamin B3) Under Eye Cream for Dark Circle, Puffiness & Wrinkles - Brighten & Repair Anti Aging Eye Treatment Balm - Moisturizer with Collagen",
        "price": "$9.99 ($19.98 / Ounce)",
        "listPrice": "",
        "imageUrl": "https://m.media-amazon.com/images/I/416yhBUCurL._SL160_.jpg",
        "detailPageURL": "https://www.amazon.com/dp/B0B22TJCZ7",
        "rating": "4.4",
        "totalReviews": "1328",
        "subtitle": "PENEBELLA",
        "isPrimeEligible": "1"
    },
    {
        "ASIN": "B0BWYCD97R",
        "title": "Retinol Eye Cream for Dark Circles and Puffiness, Anti Aging Eye Cream with Hyaluronic Acid and Collagen, Under Eye Cream, Smooth Fine Lines and Hydrate Eye Area",
        "price": "$16.98 ($33.96 / Fl Oz)",
        "listPrice": "",
        "imageUrl": "https://m.media-amazon.com/images/I/41nl3ovxKfL._SL160_.jpg",
        "detailPageURL": "https://www.amazon.com/dp/B0BWYCD97R",
        "rating": "4.7",
        "totalReviews": "2007",
        "subtitle": "RONKIE",
        "isPrimeEligible": "1"
    },
    {
        "ASIN": "B07577L71W",
        "title": "L'Oreal Paris Wrinkle Expert 55+ Anti-Wrinkle Eye Cream with Calcium, Reduce Crow's feet 1.7 fl. Oz",
        "price": "$8.98 ($17.96 / Fl Oz)",
        "listPrice": "$9.99 ($19.98 / Fl Oz)",
        "imageUrl": "https://m.media-amazon.com/images/I/31i0dBCViZL._SL160_.jpg",
        "detailPageURL": "https://www.amazon.com/dp/B07577L71W",
        "rating": "4.5",
        "totalReviews": "1165",
        "subtitle": "L\u2019Or\u00e9al Paris",
        "isPrimeEligible": "1"
    },
    {
        "ASIN": "B08XJX48SF",
        "title": "Clinique All About Eyes Cream, 0.5 oz Unboxed",
        "price": "$17.28 ($34.56 / Ounce)",
        "listPrice": "$20.00 ($40.00 / Ounce)",
        "imageUrl": "https://m.media-amazon.com/images/I/41LfaGMOZ0L._SL160_.jpg",
        "detailPageURL": "https://www.amazon.com/dp/B08XJX48SF",
        "rating": "4.6",
        "totalReviews": "1044",
        "subtitle": "Clinique",
        "isPrimeEligible": "1"
    },
    {
        "ASIN": "B09327Z9DB",
        "title": "Andalou Naturals Deep Hydration Reviving Eye Cream, 0.45 Oz",
        "price": "$17.40 ($38.67 / Ounce)",
        "listPrice": "$19.99 ($44.42 / Ounce)",
        "imageUrl": "https://m.media-amazon.com/images/I/41jQdvb8tkL._SL160_.jpg",
        "detailPageURL": "https://www.amazon.com/dp/B09327Z9DB",
        "rating": "4.2",
        "totalReviews": "233",
        "subtitle": "Andalou Naturals",
        "isPrimeEligible": "1"
    },
    {
        "ASIN": "B091NJQ29P",
        "title": "Good Molecules Wake Up Eye Gel 0, 50 Oz Formulated With Yerba Mate Extract Revitalize And Energize Eyes With This Soothing Gel Vegan, Fragrance Free Cruelty , 0.5 Fl Oz (Pack of 1)",
        "price": "$6.00 ($12.00 / Fl Oz)",
        "listPrice": "",
        "imageUrl": "https://m.media-amazon.com/images/I/31u7lkDYm4L._SL160_.jpg",
        "detailPageURL": "https://www.amazon.com/dp/B091NJQ29P",
        "rating": "4.2",
        "totalReviews": "6247",
        "subtitle": "Good Molecules",
        "isPrimeEligible": "1"
    },
    {
        "ASIN": "B0C638J9CJ",
        "title": "Retinol Eye Cream for Dark Circles and Puffiness, Anti Aging Under Eye Cream Reduce Wrinkles and Fine Lines, smooth and Hydrate Eye Area, Fragrance Free, Suitable for Sensitive Skin",
        "price": "$12.99 ($25.98 / Fl Oz)",
        "listPrice": "$14.99 ($29.98 / Fl Oz)",
        "imageUrl": "https://m.media-amazon.com/images/I/51D6TIOe-cL._SL160_.jpg",
        "detailPageURL": "https://www.amazon.com/dp/B0C638J9CJ",
        "rating": "4.8",
        "totalReviews": "397",
        "subtitle": "Yoocoi",
        "isPrimeEligible": "1"
    },
    {
        "ASIN": "B07798MG7Q",
        "title": "Cetaphil Hydrating Eye Gel-Cream, With Hyaluronic Acid, 0.5 fl oz, Brightens and Smooths Under Eyes, 24 Hour Hydration for All Skin Types, (Packaging May Vary)",
        "price": "$12.99 ($25.98 / Fl Oz)",
        "listPrice": "$15.49 ($30.98 / Fl Oz)",
        "imageUrl": "https://m.media-amazon.com/images/I/41qY+RdLXkL._SL160_.jpg",
        "detailPageURL": "https://www.amazon.com/dp/B07798MG7Q",
        "rating": "4.4",
        "totalReviews": "17927",
        "subtitle": "Cetaphil",
        "isPrimeEligible": "1"
    },
    {
        "ASIN": "B01D1DR514",
        "title": "e.l.f. Holy Hydration! Eye Cream | Infused with Hyaluronic Acid & Peptides | Minimizes Dark Circles | 0.53 Oz (15g)",
        "price": "$10.00",
        "listPrice": "",
        "imageUrl": "https://m.media-amazon.com/images/I/31xMIASoSRL._SL160_.jpg",
        "detailPageURL": "https://www.amazon.com/dp/B01D1DR514",
        "rating": "4.5",
        "totalReviews": "3581",
        "subtitle": "e.l.f.",
        "isPrimeEligible": "1"
    },
    {
        "ASIN": "B0B22TJCZ7",
        "title": "PENEBELLA NEW - 3% Caffeine Eye Cream - 5% Niacinamide (Vitamin B3) Under Eye Cream for Dark Circle, Puffiness & Wrinkles - Brighten & Repair Anti Aging Eye Treatment Balm - Moisturizer with Collagen",
        "price": "$9.99 ($19.98 / Ounce)",
        "listPrice": "",
        "imageUrl": "https://m.media-amazon.com/images/I/416yhBUCurL._SL160_.jpg",
        "detailPageURL": "https://www.amazon.com/dp/B0B22TJCZ7",
        "rating": "4.4",
        "totalReviews": "1328",
        "subtitle": "PENEBELLA",
        "isPrimeEligible": "1"
    },
    {
        "ASIN": "B0BWYCD97R",
        "title": "Retinol Eye Cream for Dark Circles and Puffiness, Anti Aging Eye Cream with Hyaluronic Acid and Collagen, Under Eye Cream, Smooth Fine Lines and Hydrate Eye Area",
        "price": "$16.98 ($33.96 / Fl Oz)",
        "listPrice": "",
        "imageUrl": "https://m.media-amazon.com/images/I/41nl3ovxKfL._SL160_.jpg",
        "detailPageURL": "https://www.amazon.com/dp/B0BWYCD97R",
        "rating": "4.7",
        "totalReviews": "2007",
        "subtitle": "RONKIE",
        "isPrimeEligible": "1"
    },
    {
        "ASIN": "B07577L71W",
        "title": "L'Oreal Paris Wrinkle Expert 55+ Anti-Wrinkle Eye Cream with Calcium, Reduce Crow's feet 1.7 fl. Oz",
        "price": "$8.98 ($17.96 / Fl Oz)",
        "listPrice": "$9.99 ($19.98 / Fl Oz)",
        "imageUrl": "https://m.media-amazon.com/images/I/31i0dBCViZL._SL160_.jpg",
        "detailPageURL": "https://www.amazon.com/dp/B07577L71W",
        "rating": "4.5",
        "totalReviews": "1165",
        "subtitle": "L\u2019Or\u00e9al Paris",
        "isPrimeEligible": "1"
    },
    {
        "ASIN": "B08XJX48SF",
        "title": "Clinique All About Eyes Cream, 0.5 oz Unboxed",
        "price": "$17.28 ($34.56 / Ounce)",
        "listPrice": "$20.00 ($40.00 / Ounce)",
        "imageUrl": "https://m.media-amazon.com/images/I/41LfaGMOZ0L._SL160_.jpg",
        "detailPageURL": "https://www.amazon.com/dp/B08XJX48SF",
        "rating": "4.6",
        "totalReviews": "1044",
        "subtitle": "Clinique",
        "isPrimeEligible": "1"
    },
    {
        "ASIN": "B09327Z9DB",
        "title": "Andalou Naturals Deep Hydration Reviving Eye Cream, 0.45 Oz",
        "price": "$17.40 ($38.67 / Ounce)",
        "listPrice": "$19.99 ($44.42 / Ounce)",
        "imageUrl": "https://m.media-amazon.com/images/I/41jQdvb8tkL._SL160_.jpg",
        "detailPageURL": "https://www.amazon.com/dp/B09327Z9DB",
        "rating": "4.2",
        "totalReviews": "233",
        "subtitle": "Andalou Naturals",
        "isPrimeEligible": "1"
    },
    {
        "ASIN": "B091NJQ29P",
        "title": "Good Molecules Wake Up Eye Gel 0, 50 Oz Formulated With Yerba Mate Extract Revitalize And Energize Eyes With This Soothing Gel Vegan, Fragrance Free Cruelty , 0.5 Fl Oz (Pack of 1)",
        "price": "$6.00 ($12.00 / Fl Oz)",
        "listPrice": "",
        "imageUrl": "https://m.media-amazon.com/images/I/31u7lkDYm4L._SL160_.jpg",
        "detailPageURL": "https://www.amazon.com/dp/B091NJQ29P",
        "rating": "4.2",
        "totalReviews": "6247",
        "subtitle": "Good Molecules",
        "isPrimeEligible": "1"
    },
    {
        "ASIN": "B0C638J9CJ",
        "title": "Retinol Eye Cream for Dark Circles and Puffiness, Anti Aging Under Eye Cream Reduce Wrinkles and Fine Lines, smooth and Hydrate Eye Area, Fragrance Free, Suitable for Sensitive Skin",
        "price": "$12.99 ($25.98 / Fl Oz)",
        "listPrice": "$14.99 ($29.98 / Fl Oz)",
        "imageUrl": "https://m.media-amazon.com/images/I/51D6TIOe-cL._SL160_.jpg",
        "detailPageURL": "https://www.amazon.com/dp/B0C638J9CJ",
        "rating": "4.8",
        "totalReviews": "397",
        "subtitle": "Yoocoi",
        "isPrimeEligible": "1"
    },
    {
        "ASIN": "B00VGCXN0U",
        "title": "La Roche-Posay Toleriane Dermallergo Eye Cream Soothing Repair Moisturizer, Soothes and Comforts Sensitive Skin, Allergy Tested, Fragrance Free, Alcohol Free, Formerly Toleriane Ultra Eyes",
        "price": "$29.99 ($42.84 / Fl Oz)",
        "listPrice": "",
        "imageUrl": "https://m.media-amazon.com/images/I/31QvSYZO+wL._SL160_.jpg",
        "detailPageURL": "https://www.amazon.com/dp/B00VGCXN0U",
        "rating": "4.5",
        "totalReviews": "3028",
        "subtitle": "",
        "isPrimeEligible": "1"
    },
    {
        "ASIN": "B01D1DR514",
        "title": "e.l.f. Holy Hydration! Eye Cream | Infused with Hyaluronic Acid & Peptides | Minimizes Dark Circles | 0.53 Oz (15g)",
        "price": "$10.00",
        "listPrice": "",
        "imageUrl": "https://m.media-amazon.com/images/I/31xMIASoSRL._SL160_.jpg",
        "detailPageURL": "https://www.amazon.com/dp/B01D1DR514",
        "rating": "4.5",
        "totalReviews": "3581",
        "subtitle": "e.l.f.",
        "isPrimeEligible": "1"
    },
    {
        "ASIN": "B0B22TJCZ7",
        "title": "PENEBELLA NEW - 3% Caffeine Eye Cream - 5% Niacinamide (Vitamin B3) Under Eye Cream for Dark Circle, Puffiness & Wrinkles - Brighten & Repair Anti Aging Eye Treatment Balm - Moisturizer with Collagen",
        "price": "$9.99 ($19.98 / Ounce)",
        "listPrice": "",
        "imageUrl": "https://m.media-amazon.com/images/I/416yhBUCurL._SL160_.jpg",
        "detailPageURL": "https://www.amazon.com/dp/B0B22TJCZ7",
        "rating": "4.4",
        "totalReviews": "1328",
        "subtitle": "PENEBELLA",
        "isPrimeEligible": "1"
    },
    {
        "ASIN": "B0BWYCD97R",
        "title": "Retinol Eye Cream for Dark Circles and Puffiness, Anti Aging Eye Cream with Hyaluronic Acid and Collagen, Under Eye Cream, Smooth Fine Lines and Hydrate Eye Area",
        "price": "$16.98 ($33.96 / Fl Oz)",
        "listPrice": "",
        "imageUrl": "https://m.media-amazon.com/images/I/41nl3ovxKfL._SL160_.jpg",
        "detailPageURL": "https://www.amazon.com/dp/B0BWYCD97R",
        "rating": "4.7",
        "totalReviews": "2007",
        "subtitle": "RONKIE",
        "isPrimeEligible": "1"
    },
    {
        "ASIN": "B07577L71W",
        "title": "L'Oreal Paris Wrinkle Expert 55+ Anti-Wrinkle Eye Cream with Calcium, Reduce Crow's feet 1.7 fl. Oz",
        "price": "$8.98 ($17.96 / Fl Oz)",
        "listPrice": "$9.99 ($19.98 / Fl Oz)",
        "imageUrl": "https://m.media-amazon.com/images/I/31i0dBCViZL._SL160_.jpg",
        "detailPageURL": "https://www.amazon.com/dp/B07577L71W",
        "rating": "4.5",
        "totalReviews": "1165",
        "subtitle": "L\u2019Or\u00e9al Paris",
        "isPrimeEligible": "1"
    },
    {
        "ASIN": "B08XJX48SF",
        "title": "Clinique All About Eyes Cream, 0.5 oz Unboxed",
        "price": "$17.28 ($34.56 / Ounce)",
        "listPrice": "$20.00 ($40.00 / Ounce)",
        "imageUrl": "https://m.media-amazon.com/images/I/41LfaGMOZ0L._SL160_.jpg",
        "detailPageURL": "https://www.amazon.com/dp/B08XJX48SF",
        "rating": "4.6",
        "totalReviews": "1044",
        "subtitle": "Clinique",
        "isPrimeEligible": "1"
    },
    {
        "ASIN": "B09327Z9DB",
        "title": "Andalou Naturals Deep Hydration Reviving Eye Cream, 0.45 Oz",
        "price": "$17.40 ($38.67 / Ounce)",
        "listPrice": "$19.99 ($44.42 / Ounce)",
        "imageUrl": "https://m.media-amazon.com/images/I/41jQdvb8tkL._SL160_.jpg",
        "detailPageURL": "https://www.amazon.com/dp/B09327Z9DB",
        "rating": "4.2",
        "totalReviews": "233",
        "subtitle": "Andalou Naturals",
        "isPrimeEligible": "1"
    },
    {
        "ASIN": "B091NJQ29P",
        "title": "Good Molecules Wake Up Eye Gel 0, 50 Oz Formulated With Yerba Mate Extract Revitalize And Energize Eyes With This Soothing Gel Vegan, Fragrance Free Cruelty , 0.5 Fl Oz (Pack of 1)",
        "price": "$6.00 ($12.00 / Fl Oz)",
        "listPrice": "",
        "imageUrl": "https://m.media-amazon.com/images/I/31u7lkDYm4L._SL160_.jpg",
        "detailPageURL": "https://www.amazon.com/dp/B091NJQ29P",
        "rating": "4.2",
        "totalReviews": "6247",
        "subtitle": "Good Molecules",
        "isPrimeEligible": "1"
    },
    {
        "ASIN": "B0C638J9CJ",
        "title": "Retinol Eye Cream for Dark Circles and Puffiness, Anti Aging Under Eye Cream Reduce Wrinkles and Fine Lines, smooth and Hydrate Eye Area, Fragrance Free, Suitable for Sensitive Skin",
        "price": "$12.99 ($25.98 / Fl Oz)",
        "listPrice": "$14.99 ($29.98 / Fl Oz)",
        "imageUrl": "https://m.media-amazon.com/images/I/51D6TIOe-cL._SL160_.jpg",
        "detailPageURL": "https://www.amazon.com/dp/B0C638J9CJ",
        "rating": "4.8",
        "totalReviews": "397",
        "subtitle": "Yoocoi",
        "isPrimeEligible": "1"
    },
    {
        "ASIN": "B00VGCXN0U",
        "title": "La Roche-Posay Toleriane Dermallergo Eye Cream Soothing Repair Moisturizer, Soothes and Comforts Sensitive Skin, Allergy Tested, Fragrance Free, Alcohol Free, Formerly Toleriane Ultra Eyes",
        "price": "$29.99 ($42.84 / Fl Oz)",
        "listPrice": "",
        "imageUrl": "https://m.media-amazon.com/images/I/31QvSYZO+wL._SL160_.jpg",
        "detailPageURL": "https://www.amazon.com/dp/B00VGCXN0U",
        "rating": "4.5",
        "totalReviews": "3028",
        "subtitle": "",
        "isPrimeEligible": "1"
    },
    {
        "ASIN": "B0897V6H9C",
        "title": "Cetaphil Deep Hydration Refreshing Eye Serum, 0.5 fl oz, 48Hr Hydrating Under Eye Cream to Reduce the Appearance of Dark Circles, With Hyaluronic Acid, Vitamin E & B5 (Packaging May Vary)",
        "price": "$11.97 ($23.94 / Fl Oz)",
        "listPrice": "$17.49 ($34.98 / Fl Oz)",
        "imageUrl": "https://m.media-amazon.com/images/I/41Vgt+Be43L._SL160_.jpg",
        "detailPageURL": "https://www.amazon.com/dp/B0897V6H9C",
        "rating": "4.4",
        "totalReviews": "5383",
        "subtitle": "Cetaphil",
        "isPrimeEligible": "1"
    },
    {
        "ASIN": "B0B22TJCZ7",
        "title": "PENEBELLA NEW - 3% Caffeine Eye Cream - 5% Niacinamide (Vitamin B3) Under Eye Cream for Dark Circle, Puffiness & Wrinkles - Brighten & Repair Anti Aging Eye Treatment Balm - Moisturizer with Collagen",
        "price": "$9.99 ($19.98 / Ounce)",
        "listPrice": "",
        "imageUrl": "https://m.media-amazon.com/images/I/416yhBUCurL._SL160_.jpg",
        "detailPageURL": "https://www.amazon.com/dp/B0B22TJCZ7",
        "rating": "4.4",
        "totalReviews": "1328",
        "subtitle": "PENEBELLA",
        "isPrimeEligible": "1"
    },
    {
        "ASIN": "B0BWYCD97R",
        "title": "Retinol Eye Cream for Dark Circles and Puffiness, Anti Aging Eye Cream with Hyaluronic Acid and Collagen, Under Eye Cream, Smooth Fine Lines and Hydrate Eye Area",
        "price": "$16.98 ($33.96 / Fl Oz)",
        "listPrice": "",
        "imageUrl": "https://m.media-amazon.com/images/I/41nl3ovxKfL._SL160_.jpg",
        "detailPageURL": "https://www.amazon.com/dp/B0BWYCD97R",
        "rating": "4.7",
        "totalReviews": "2007",
        "subtitle": "RONKIE",
        "isPrimeEligible": "1"
    },
    {
        "ASIN": "B07577L71W",
        "title": "L'Oreal Paris Wrinkle Expert 55+ Anti-Wrinkle Eye Cream with Calcium, Reduce Crow's feet 1.7 fl. Oz",
        "price": "$8.98 ($17.96 / Fl Oz)",
        "listPrice": "$9.99 ($19.98 / Fl Oz)",
        "imageUrl": "https://m.media-amazon.com/images/I/31i0dBCViZL._SL160_.jpg",
        "detailPageURL": "https://www.amazon.com/dp/B07577L71W",
        "rating": "4.5",
        "totalReviews": "1165",
        "subtitle": "L\u2019Or\u00e9al Paris",
        "isPrimeEligible": "1"
    },
    {
        "ASIN": "B08XJX48SF",
        "title": "Clinique All About Eyes Cream, 0.5 oz Unboxed",
        "price": "$17.28 ($34.56 / Ounce)",
        "listPrice": "$20.00 ($40.00 / Ounce)",
        "imageUrl": "https://m.media-amazon.com/images/I/41LfaGMOZ0L._SL160_.jpg",
        "detailPageURL": "https://www.amazon.com/dp/B08XJX48SF",
        "rating": "4.6",
        "totalReviews": "1044",
        "subtitle": "Clinique",
        "isPrimeEligible": "1"
    },
    {
        "ASIN": "B09327Z9DB",
        "title": "Andalou Naturals Deep Hydration Reviving Eye Cream, 0.45 Oz",
        "price": "$17.40 ($38.67 / Ounce)",
        "listPrice": "$19.99 ($44.42 / Ounce)",
        "imageUrl": "https://m.media-amazon.com/images/I/41jQdvb8tkL._SL160_.jpg",
        "detailPageURL": "https://www.amazon.com/dp/B09327Z9DB",
        "rating": "4.2",
        "totalReviews": "233",
        "subtitle": "Andalou Naturals",
        "isPrimeEligible": "1"
    },
    {
        "ASIN": "B091NJQ29P",
        "title": "Good Molecules Wake Up Eye Gel 0, 50 Oz Formulated With Yerba Mate Extract Revitalize And Energize Eyes With This Soothing Gel Vegan, Fragrance Free Cruelty , 0.5 Fl Oz (Pack of 1)",
        "price": "$6.00 ($12.00 / Fl Oz)",
        "listPrice": "",
        "imageUrl": "https://m.media-amazon.com/images/I/31u7lkDYm4L._SL160_.jpg",
        "detailPageURL": "https://www.amazon.com/dp/B091NJQ29P",
        "rating": "4.2",
        "totalReviews": "6247",
        "subtitle": "Good Molecules",
        "isPrimeEligible": "1"
    },
    {
        "ASIN": "B0C638J9CJ",
        "title": "Retinol Eye Cream for Dark Circles and Puffiness, Anti Aging Under Eye Cream Reduce Wrinkles and Fine Lines, smooth and Hydrate Eye Area, Fragrance Free, Suitable for Sensitive Skin",
        "price": "$12.99 ($25.98 / Fl Oz)",
        "listPrice": "$14.99 ($29.98 / Fl Oz)",
        "imageUrl": "https://m.media-amazon.com/images/I/51D6TIOe-cL._SL160_.jpg",
        "detailPageURL": "https://www.amazon.com/dp/B0C638J9CJ",
        "rating": "4.8",
        "totalReviews": "397",
        "subtitle": "Yoocoi",
        "isPrimeEligible": "1"
    },
    {
        "ASIN": "B00VGCXN0U",
        "title": "La Roche-Posay Toleriane Dermallergo Eye Cream Soothing Repair Moisturizer, Soothes and Comforts Sensitive Skin, Allergy Tested, Fragrance Free, Alcohol Free, Formerly Toleriane Ultra Eyes",
        "price": "$29.99 ($42.84 / Fl Oz)",
        "listPrice": "",
        "imageUrl": "https://m.media-amazon.com/images/I/31QvSYZO+wL._SL160_.jpg",
        "detailPageURL": "https://www.amazon.com/dp/B00VGCXN0U",
        "rating": "4.5",
        "totalReviews": "3028",
        "subtitle": "",
        "isPrimeEligible": "1"
    },
    {
        "ASIN": "B0897V6H9C",
        "title": "Cetaphil Deep Hydration Refreshing Eye Serum, 0.5 fl oz, 48Hr Hydrating Under Eye Cream to Reduce the Appearance of Dark Circles, With Hyaluronic Acid, Vitamin E & B5 (Packaging May Vary)",
        "price": "$11.97 ($23.94 / Fl Oz)",
        "listPrice": "$17.49 ($34.98 / Fl Oz)",
        "imageUrl": "https://m.media-amazon.com/images/I/41Vgt+Be43L._SL160_.jpg",
        "detailPageURL": "https://www.amazon.com/dp/B0897V6H9C",
        "rating": "4.4",
        "totalReviews": "5383",
        "subtitle": "Cetaphil",
        "isPrimeEligible": "1"
    },
    {
        "ASIN": "B0C6TL7Z2N",
        "title": "Eye Cream for Dark Circles and Puffiness: Caffeine Eye Cream - Retinol Eye Cream- Anti Aging Eye Cream for Wrinkles - With Collagen Hyaluronic Acid For Fine Lines Eye Depuffer in 3-4 Weeks-15 mL",
        "price": "$15.49 ($30.98 / Fl Oz)",
        "listPrice": "",
        "imageUrl": "https://m.media-amazon.com/images/I/41encRxhzkL._SL160_.jpg",
        "detailPageURL": "https://www.amazon.com/dp/B0C6TL7Z2N",
        "rating": "4.8",
        "totalReviews": "113",
        "subtitle": "RONKIE",
        "isPrimeEligible": "1"
    },
    {
        "ASIN": "B0BWYCD97R",
        "title": "Retinol Eye Cream for Dark Circles and Puffiness, Anti Aging Eye Cream with Hyaluronic Acid and Collagen, Under Eye Cream, Smooth Fine Lines and Hydrate Eye Area",
        "price": "$16.98 ($33.96 / Fl Oz)",
        "listPrice": "",
        "imageUrl": "https://m.media-amazon.com/images/I/41nl3ovxKfL._SL160_.jpg",
        "detailPageURL": "https://www.amazon.com/dp/B0BWYCD97R",
        "rating": "4.7",
        "totalReviews": "2007",
        "subtitle": "RONKIE",
        "isPrimeEligible": "1"
    },
    {
        "ASIN": "B07577L71W",
        "title": "L'Oreal Paris Wrinkle Expert 55+ Anti-Wrinkle Eye Cream with Calcium, Reduce Crow's feet 1.7 fl. Oz",
        "price": "$8.98 ($17.96 / Fl Oz)",
        "listPrice": "$9.99 ($19.98 / Fl Oz)",
        "imageUrl": "https://m.media-amazon.com/images/I/31i0dBCViZL._SL160_.jpg",
        "detailPageURL": "https://www.amazon.com/dp/B07577L71W",
        "rating": "4.5",
        "totalReviews": "1165",
        "subtitle": "L\u2019Or\u00e9al Paris",
        "isPrimeEligible": "1"
    },
    {
        "ASIN": "B08XJX48SF",
        "title": "Clinique All About Eyes Cream, 0.5 oz Unboxed",
        "price": "$17.28 ($34.56 / Ounce)",
        "listPrice": "$20.00 ($40.00 / Ounce)",
        "imageUrl": "https://m.media-amazon.com/images/I/41LfaGMOZ0L._SL160_.jpg",
        "detailPageURL": "https://www.amazon.com/dp/B08XJX48SF",
        "rating": "4.6",
        "totalReviews": "1044",
        "subtitle": "Clinique",
        "isPrimeEligible": "1"
    },
    {
        "ASIN": "B09327Z9DB",
        "title": "Andalou Naturals Deep Hydration Reviving Eye Cream, 0.45 Oz",
        "price": "$17.40 ($38.67 / Ounce)",
        "listPrice": "$19.99 ($44.42 / Ounce)",
        "imageUrl": "https://m.media-amazon.com/images/I/41jQdvb8tkL._SL160_.jpg",
        "detailPageURL": "https://www.amazon.com/dp/B09327Z9DB",
        "rating": "4.2",
        "totalReviews": "233",
        "subtitle": "Andalou Naturals",
        "isPrimeEligible": "1"
    },
    {
        "ASIN": "B091NJQ29P",
        "title": "Good Molecules Wake Up Eye Gel 0, 50 Oz Formulated With Yerba Mate Extract Revitalize And Energize Eyes With This Soothing Gel Vegan, Fragrance Free Cruelty , 0.5 Fl Oz (Pack of 1)",
        "price": "$6.00 ($12.00 / Fl Oz)",
        "listPrice": "",
        "imageUrl": "https://m.media-amazon.com/images/I/31u7lkDYm4L._SL160_.jpg",
        "detailPageURL": "https://www.amazon.com/dp/B091NJQ29P",
        "rating": "4.2",
        "totalReviews": "6247",
        "subtitle": "Good Molecules",
        "isPrimeEligible": "1"
    },
    {
        "ASIN": "B0C638J9CJ",
        "title": "Retinol Eye Cream for Dark Circles and Puffiness, Anti Aging Under Eye Cream Reduce Wrinkles and Fine Lines, smooth and Hydrate Eye Area, Fragrance Free, Suitable for Sensitive Skin",
        "price": "$12.99 ($25.98 / Fl Oz)",
        "listPrice": "$14.99 ($29.98 / Fl Oz)",
        "imageUrl": "https://m.media-amazon.com/images/I/51D6TIOe-cL._SL160_.jpg",
        "detailPageURL": "https://www.amazon.com/dp/B0C638J9CJ",
        "rating": "4.8",
        "totalReviews": "397",
        "subtitle": "Yoocoi",
        "isPrimeEligible": "1"
    },
    {
        "ASIN": "B00VGCXN0U",
        "title": "La Roche-Posay Toleriane Dermallergo Eye Cream Soothing Repair Moisturizer, Soothes and Comforts Sensitive Skin, Allergy Tested, Fragrance Free, Alcohol Free, Formerly Toleriane Ultra Eyes",
        "price": "$29.99 ($42.84 / Fl Oz)",
        "listPrice": "",
        "imageUrl": "https://m.media-amazon.com/images/I/31QvSYZO+wL._SL160_.jpg",
        "detailPageURL": "https://www.amazon.com/dp/B00VGCXN0U",
        "rating": "4.5",
        "totalReviews": "3028",
        "subtitle": "",
        "isPrimeEligible": "1"
    },
    {
        "ASIN": "B0897V6H9C",
        "title": "Cetaphil Deep Hydration Refreshing Eye Serum, 0.5 fl oz, 48Hr Hydrating Under Eye Cream to Reduce the Appearance of Dark Circles, With Hyaluronic Acid, Vitamin E & B5 (Packaging May Vary)",
        "price": "$11.97 ($23.94 / Fl Oz)",
        "listPrice": "$17.49 ($34.98 / Fl Oz)",
        "imageUrl": "https://m.media-amazon.com/images/I/41Vgt+Be43L._SL160_.jpg",
        "detailPageURL": "https://www.amazon.com/dp/B0897V6H9C",
        "rating": "4.4",
        "totalReviews": "5383",
        "subtitle": "Cetaphil",
        "isPrimeEligible": "1"
    },
    {
        "ASIN": "B0C6TL7Z2N",
        "title": "Eye Cream for Dark Circles and Puffiness: Caffeine Eye Cream - Retinol Eye Cream- Anti Aging Eye Cream for Wrinkles - With Collagen Hyaluronic Acid For Fine Lines Eye Depuffer in 3-4 Weeks-15 mL",
        "price": "$15.49 ($30.98 / Fl Oz)",
        "listPrice": "",
        "imageUrl": "https://m.media-amazon.com/images/I/41encRxhzkL._SL160_.jpg",
        "detailPageURL": "https://www.amazon.com/dp/B0C6TL7Z2N",
        "rating": "4.8",
        "totalReviews": "113",
        "subtitle": "RONKIE",
        "isPrimeEligible": "1"
    },
    {
        "ASIN": "B07ZRF416W",
        "title": "COSRX Advanced Snail Peptide Eye Cream with 73.7% Snail Mucin + 2% Niacinamide, 0.85 fl.oz / 25ml | Brightening Night Cream for Fine Lines & Dark Circles, Korean Skin Care, Not Tested on Animals",
        "price": "$21.65 ($25.47 / Fl Oz)",
        "listPrice": "$26.00 ($30.59 / Fl Oz)",
        "imageUrl": "https://m.media-amazon.com/images/I/31cH7vzfBxL._SL160_.jpg",
        "detailPageURL": "https://www.amazon.com/dp/B07ZRF416W",
        "rating": "4.5",
        "totalReviews": "2472",
        "subtitle": "COSRX",
        "isPrimeEligible": "1"
    },
    {
        "ASIN": "B07577L71W",
        "title": "L'Oreal Paris Wrinkle Expert 55+ Anti-Wrinkle Eye Cream with Calcium, Reduce Crow's feet 1.7 fl. Oz",
        "price": "$8.98 ($17.96 / Fl Oz)",
        "listPrice": "$9.99 ($19.98 / Fl Oz)",
        "imageUrl": "https://m.media-amazon.com/images/I/31i0dBCViZL._SL160_.jpg",
        "detailPageURL": "https://www.amazon.com/dp/B07577L71W",
        "rating": "4.5",
        "totalReviews": "1165",
        "subtitle": "L\u2019Or\u00e9al Paris",
        "isPrimeEligible": "1"
    },
    {
        "ASIN": "B08XJX48SF",
        "title": "Clinique All About Eyes Cream, 0.5 oz Unboxed",
        "price": "$17.28 ($34.56 / Ounce)",
        "listPrice": "$20.00 ($40.00 / Ounce)",
        "imageUrl": "https://m.media-amazon.com/images/I/41LfaGMOZ0L._SL160_.jpg",
        "detailPageURL": "https://www.amazon.com/dp/B08XJX48SF",
        "rating": "4.6",
        "totalReviews": "1044",
        "subtitle": "Clinique",
        "isPrimeEligible": "1"
    },
    {
        "ASIN": "B09327Z9DB",
        "title": "Andalou Naturals Deep Hydration Reviving Eye Cream, 0.45 Oz",
        "price": "$17.40 ($38.67 / Ounce)",
        "listPrice": "$19.99 ($44.42 / Ounce)",
        "imageUrl": "https://m.media-amazon.com/images/I/41jQdvb8tkL._SL160_.jpg",
        "detailPageURL": "https://www.amazon.com/dp/B09327Z9DB",
        "rating": "4.2",
        "totalReviews": "233",
        "subtitle": "Andalou Naturals",
        "isPrimeEligible": "1"
    },
    {
        "ASIN": "B091NJQ29P",
        "title": "Good Molecules Wake Up Eye Gel 0, 50 Oz Formulated With Yerba Mate Extract Revitalize And Energize Eyes With This Soothing Gel Vegan, Fragrance Free Cruelty , 0.5 Fl Oz (Pack of 1)",
        "price": "$6.00 ($12.00 / Fl Oz)",
        "listPrice": "",
        "imageUrl": "https://m.media-amazon.com/images/I/31u7lkDYm4L._SL160_.jpg",
        "detailPageURL": "https://www.amazon.com/dp/B091NJQ29P",
        "rating": "4.2",
        "totalReviews": "6247",
        "subtitle": "Good Molecules",
        "isPrimeEligible": "1"
    },
    {
        "ASIN": "B0C638J9CJ",
        "title": "Retinol Eye Cream for Dark Circles and Puffiness, Anti Aging Under Eye Cream Reduce Wrinkles and Fine Lines, smooth and Hydrate Eye Area, Fragrance Free, Suitable for Sensitive Skin",
        "price": "$12.99 ($25.98 / Fl Oz)",
        "listPrice": "$14.99 ($29.98 / Fl Oz)",
        "imageUrl": "https://m.media-amazon.com/images/I/51D6TIOe-cL._SL160_.jpg",
        "detailPageURL": "https://www.amazon.com/dp/B0C638J9CJ",
        "rating": "4.8",
        "totalReviews": "397",
        "subtitle": "Yoocoi",
        "isPrimeEligible": "1"
    },
    {
        "ASIN": "B00VGCXN0U",
        "title": "La Roche-Posay Toleriane Dermallergo Eye Cream Soothing Repair Moisturizer, Soothes and Comforts Sensitive Skin, Allergy Tested, Fragrance Free, Alcohol Free, Formerly Toleriane Ultra Eyes",
        "price": "$29.99 ($42.84 / Fl Oz)",
        "listPrice": "",
        "imageUrl": "https://m.media-amazon.com/images/I/31QvSYZO+wL._SL160_.jpg",
        "detailPageURL": "https://www.amazon.com/dp/B00VGCXN0U",
        "rating": "4.5",
        "totalReviews": "3028",
        "subtitle": "",
        "isPrimeEligible": "1"
    },
    {
        "ASIN": "B0897V6H9C",
        "title": "Cetaphil Deep Hydration Refreshing Eye Serum, 0.5 fl oz, 48Hr Hydrating Under Eye Cream to Reduce the Appearance of Dark Circles, With Hyaluronic Acid, Vitamin E & B5 (Packaging May Vary)",
        "price": "$11.97 ($23.94 / Fl Oz)",
        "listPrice": "$17.49 ($34.98 / Fl Oz)",
        "imageUrl": "https://m.media-amazon.com/images/I/41Vgt+Be43L._SL160_.jpg",
        "detailPageURL": "https://www.amazon.com/dp/B0897V6H9C",
        "rating": "4.4",
        "totalReviews": "5383",
        "subtitle": "Cetaphil",
        "isPrimeEligible": "1"
    },
    {
        "ASIN": "B0C6TL7Z2N",
        "title": "Eye Cream for Dark Circles and Puffiness: Caffeine Eye Cream - Retinol Eye Cream- Anti Aging Eye Cream for Wrinkles - With Collagen Hyaluronic Acid For Fine Lines Eye Depuffer in 3-4 Weeks-15 mL",
        "price": "$15.49 ($30.98 / Fl Oz)",
        "listPrice": "",
        "imageUrl": "https://m.media-amazon.com/images/I/41encRxhzkL._SL160_.jpg",
        "detailPageURL": "https://www.amazon.com/dp/B0C6TL7Z2N",
        "rating": "4.8",
        "totalReviews": "113",
        "subtitle": "RONKIE",
        "isPrimeEligible": "1"
    },
    {
        "ASIN": "B07ZRF416W",
        "title": "COSRX Advanced Snail Peptide Eye Cream with 73.7% Snail Mucin + 2% Niacinamide, 0.85 fl.oz / 25ml | Brightening Night Cream for Fine Lines & Dark Circles, Korean Skin Care, Not Tested on Animals",
        "price": "$21.65 ($25.47 / Fl Oz)",
        "listPrice": "$26.00 ($30.59 / Fl Oz)",
        "imageUrl": "https://m.media-amazon.com/images/I/31cH7vzfBxL._SL160_.jpg",
        "detailPageURL": "https://www.amazon.com/dp/B07ZRF416W",
        "rating": "4.5",
        "totalReviews": "2472",
        "subtitle": "COSRX",
        "isPrimeEligible": "1"
    },
    {
        "ASIN": "B09YNC6T34",
        "title": "HIKARU OLEHENRIKSEN Ole Henriksen Banana Bright Eye Cr\u00e8me 0.5 fl oz/ 15 mL",
        "price": "$45.46 ($90.92 / Fl Oz)",
        "listPrice": "$59.99 ($119.98 / Fl Oz)",
        "imageUrl": "https://m.media-amazon.com/images/I/41U-fG3wr+L._SL160_.jpg",
        "detailPageURL": "https://www.amazon.com/dp/B09YNC6T34",
        "rating": "4.2",
        "totalReviews": "144",
        "subtitle": "Hikaru",
        "isPrimeEligible": "0"
    },
    {
        "ASIN": "B08XJX48SF",
        "title": "Clinique All About Eyes Cream, 0.5 oz Unboxed",
        "price": "$17.28 ($34.56 / Ounce)",
        "listPrice": "$20.00 ($40.00 / Ounce)",
        "imageUrl": "https://m.media-amazon.com/images/I/41LfaGMOZ0L._SL160_.jpg",
        "detailPageURL": "https://www.amazon.com/dp/B08XJX48SF",
        "rating": "4.6",
        "totalReviews": "1044",
        "subtitle": "Clinique",
        "isPrimeEligible": "1"
    },
    {
        "ASIN": "B09327Z9DB",
        "title": "Andalou Naturals Deep Hydration Reviving Eye Cream, 0.45 Oz",
        "price": "$17.40 ($38.67 / Ounce)",
        "listPrice": "$19.99 ($44.42 / Ounce)",
        "imageUrl": "https://m.media-amazon.com/images/I/41jQdvb8tkL._SL160_.jpg",
        "detailPageURL": "https://www.amazon.com/dp/B09327Z9DB",
        "rating": "4.2",
        "totalReviews": "233",
        "subtitle": "Andalou Naturals",
        "isPrimeEligible": "1"
    },
    {
        "ASIN": "B091NJQ29P",
        "title": "Good Molecules Wake Up Eye Gel 0, 50 Oz Formulated With Yerba Mate Extract Revitalize And Energize Eyes With This Soothing Gel Vegan, Fragrance Free Cruelty , 0.5 Fl Oz (Pack of 1)",
        "price": "$6.00 ($12.00 / Fl Oz)",
        "listPrice": "",
        "imageUrl": "https://m.media-amazon.com/images/I/31u7lkDYm4L._SL160_.jpg",
        "detailPageURL": "https://www.amazon.com/dp/B091NJQ29P",
        "rating": "4.2",
        "totalReviews": "6247",
        "subtitle": "Good Molecules",
        "isPrimeEligible": "1"
    },
    {
        "ASIN": "B0C638J9CJ",
        "title": "Retinol Eye Cream for Dark Circles and Puffiness, Anti Aging Under Eye Cream Reduce Wrinkles and Fine Lines, smooth and Hydrate Eye Area, Fragrance Free, Suitable for Sensitive Skin",
        "price": "$12.99 ($25.98 / Fl Oz)",
        "listPrice": "$14.99 ($29.98 / Fl Oz)",
        "imageUrl": "https://m.media-amazon.com/images/I/51D6TIOe-cL._SL160_.jpg",
        "detailPageURL": "https://www.amazon.com/dp/B0C638J9CJ",
        "rating": "4.8",
        "totalReviews": "397",
        "subtitle": "Yoocoi",
        "isPrimeEligible": "1"
    },
    {
        "ASIN": "B00VGCXN0U",
        "title": "La Roche-Posay Toleriane Dermallergo Eye Cream Soothing Repair Moisturizer, Soothes and Comforts Sensitive Skin, Allergy Tested, Fragrance Free, Alcohol Free, Formerly Toleriane Ultra Eyes",
        "price": "$29.99 ($42.84 / Fl Oz)",
        "listPrice": "",
        "imageUrl": "https://m.media-amazon.com/images/I/31QvSYZO+wL._SL160_.jpg",
        "detailPageURL": "https://www.amazon.com/dp/B00VGCXN0U",
        "rating": "4.5",
        "totalReviews": "3028",
        "subtitle": "",
        "isPrimeEligible": "1"
    },
    {
        "ASIN": "B0897V6H9C",
        "title": "Cetaphil Deep Hydration Refreshing Eye Serum, 0.5 fl oz, 48Hr Hydrating Under Eye Cream to Reduce the Appearance of Dark Circles, With Hyaluronic Acid, Vitamin E & B5 (Packaging May Vary)",
        "price": "$11.97 ($23.94 / Fl Oz)",
        "listPrice": "$17.49 ($34.98 / Fl Oz)",
        "imageUrl": "https://m.media-amazon.com/images/I/41Vgt+Be43L._SL160_.jpg",
        "detailPageURL": "https://www.amazon.com/dp/B0897V6H9C",
        "rating": "4.4",
        "totalReviews": "5383",
        "subtitle": "Cetaphil",
        "isPrimeEligible": "1"
    },
    {
        "ASIN": "B0C6TL7Z2N",
        "title": "Eye Cream for Dark Circles and Puffiness: Caffeine Eye Cream - Retinol Eye Cream- Anti Aging Eye Cream for Wrinkles - With Collagen Hyaluronic Acid For Fine Lines Eye Depuffer in 3-4 Weeks-15 mL",
        "price": "$15.49 ($30.98 / Fl Oz)",
        "listPrice": "",
        "imageUrl": "https://m.media-amazon.com/images/I/41encRxhzkL._SL160_.jpg",
        "detailPageURL": "https://www.amazon.com/dp/B0C6TL7Z2N",
        "rating": "4.8",
        "totalReviews": "113",
        "subtitle": "RONKIE",
        "isPrimeEligible": "1"
    },
    {
        "ASIN": "B07ZRF416W",
        "title": "COSRX Advanced Snail Peptide Eye Cream with 73.7% Snail Mucin + 2% Niacinamide, 0.85 fl.oz / 25ml | Brightening Night Cream for Fine Lines & Dark Circles, Korean Skin Care, Not Tested on Animals",
        "price": "$21.65 ($25.47 / Fl Oz)",
        "listPrice": "$26.00 ($30.59 / Fl Oz)",
        "imageUrl": "https://m.media-amazon.com/images/I/31cH7vzfBxL._SL160_.jpg",
        "detailPageURL": "https://www.amazon.com/dp/B07ZRF416W",
        "rating": "4.5",
        "totalReviews": "2472",
        "subtitle": "COSRX",
        "isPrimeEligible": "1"
    },
    {
        "ASIN": "B09YNC6T34",
        "title": "HIKARU OLEHENRIKSEN Ole Henriksen Banana Bright Eye Cr\u00e8me 0.5 fl oz/ 15 mL",
        "price": "$45.46 ($90.92 / Fl Oz)",
        "listPrice": "$59.99 ($119.98 / Fl Oz)",
        "imageUrl": "https://m.media-amazon.com/images/I/41U-fG3wr+L._SL160_.jpg",
        "detailPageURL": "https://www.amazon.com/dp/B09YNC6T34",
        "rating": "4.2",
        "totalReviews": "144",
        "subtitle": "Hikaru",
        "isPrimeEligible": "0"
    },
    {
        "ASIN": "B0756MRF4C",
        "title": "COCOMIA Neutrogena Hydro Boost Eye Awakening Gel-Cream, A Shot of Intense Hydration, Under-Eye Cream, 15 ml",
        "price": "$7.70 ($15.10 / Fl Oz)",
        "listPrice": "$13.48 ($26.43 / Fl Oz)",
        "imageUrl": "https://m.media-amazon.com/images/I/41ePZUTVHML._SL160_.jpg",
        "detailPageURL": "https://www.amazon.com/dp/B0756MRF4C",
        "rating": "4.3",
        "totalReviews": "2096",
        "subtitle": "Neutrogena",
        "isPrimeEligible": "1"
    },
    {
        "ASIN": "B09327Z9DB",
        "title": "Andalou Naturals Deep Hydration Reviving Eye Cream, 0.45 Oz",
        "price": "$17.40 ($38.67 / Ounce)",
        "listPrice": "$19.99 ($44.42 / Ounce)",
        "imageUrl": "https://m.media-amazon.com/images/I/41jQdvb8tkL._SL160_.jpg",
        "detailPageURL": "https://www.amazon.com/dp/B09327Z9DB",
        "rating": "4.2",
        "totalReviews": "233",
        "subtitle": "Andalou Naturals",
        "isPrimeEligible": "1"
    },
    {
        "ASIN": "B091NJQ29P",
        "title": "Good Molecules Wake Up Eye Gel 0, 50 Oz Formulated With Yerba Mate Extract Revitalize And Energize Eyes With This Soothing Gel Vegan, Fragrance Free Cruelty , 0.5 Fl Oz (Pack of 1)",
        "price": "$6.00 ($12.00 / Fl Oz)",
        "listPrice": "",
        "imageUrl": "https://m.media-amazon.com/images/I/31u7lkDYm4L._SL160_.jpg",
        "detailPageURL": "https://www.amazon.com/dp/B091NJQ29P",
        "rating": "4.2",
        "totalReviews": "6247",
        "subtitle": "Good Molecules",
        "isPrimeEligible": "1"
    },
    {
        "ASIN": "B0C638J9CJ",
        "title": "Retinol Eye Cream for Dark Circles and Puffiness, Anti Aging Under Eye Cream Reduce Wrinkles and Fine Lines, smooth and Hydrate Eye Area, Fragrance Free, Suitable for Sensitive Skin",
        "price": "$12.99 ($25.98 / Fl Oz)",
        "listPrice": "$14.99 ($29.98 / Fl Oz)",
        "imageUrl": "https://m.media-amazon.com/images/I/51D6TIOe-cL._SL160_.jpg",
        "detailPageURL": "https://www.amazon.com/dp/B0C638J9CJ",
        "rating": "4.8",
        "totalReviews": "397",
        "subtitle": "Yoocoi",
        "isPrimeEligible": "1"
    },
    {
        "ASIN": "B00VGCXN0U",
        "title": "La Roche-Posay Toleriane Dermallergo Eye Cream Soothing Repair Moisturizer, Soothes and Comforts Sensitive Skin, Allergy Tested, Fragrance Free, Alcohol Free, Formerly Toleriane Ultra Eyes",
        "price": "$29.99 ($42.84 / Fl Oz)",
        "listPrice": "",
        "imageUrl": "https://m.media-amazon.com/images/I/31QvSYZO+wL._SL160_.jpg",
        "detailPageURL": "https://www.amazon.com/dp/B00VGCXN0U",
        "rating": "4.5",
        "totalReviews": "3028",
        "subtitle": "",
        "isPrimeEligible": "1"
    },
    {
        "ASIN": "B0897V6H9C",
        "title": "Cetaphil Deep Hydration Refreshing Eye Serum, 0.5 fl oz, 48Hr Hydrating Under Eye Cream to Reduce the Appearance of Dark Circles, With Hyaluronic Acid, Vitamin E & B5 (Packaging May Vary)",
        "price": "$11.97 ($23.94 / Fl Oz)",
        "listPrice": "$17.49 ($34.98 / Fl Oz)",
        "imageUrl": "https://m.media-amazon.com/images/I/41Vgt+Be43L._SL160_.jpg",
        "detailPageURL": "https://www.amazon.com/dp/B0897V6H9C",
        "rating": "4.4",
        "totalReviews": "5383",
        "subtitle": "Cetaphil",
        "isPrimeEligible": "1"
    },
    {
        "ASIN": "B0C6TL7Z2N",
        "title": "Eye Cream for Dark Circles and Puffiness: Caffeine Eye Cream - Retinol Eye Cream- Anti Aging Eye Cream for Wrinkles - With Collagen Hyaluronic Acid For Fine Lines Eye Depuffer in 3-4 Weeks-15 mL",
        "price": "$15.49 ($30.98 / Fl Oz)",
        "listPrice": "",
        "imageUrl": "https://m.media-amazon.com/images/I/41encRxhzkL._SL160_.jpg",
        "detailPageURL": "https://www.amazon.com/dp/B0C6TL7Z2N",
        "rating": "4.8",
        "totalReviews": "113",
        "subtitle": "RONKIE",
        "isPrimeEligible": "1"
    },
    {
        "ASIN": "B07ZRF416W",
        "title": "COSRX Advanced Snail Peptide Eye Cream with 73.7% Snail Mucin + 2% Niacinamide, 0.85 fl.oz / 25ml | Brightening Night Cream for Fine Lines & Dark Circles, Korean Skin Care, Not Tested on Animals",
        "price": "$21.65 ($25.47 / Fl Oz)",
        "listPrice": "$26.00 ($30.59 / Fl Oz)",
        "imageUrl": "https://m.media-amazon.com/images/I/31cH7vzfBxL._SL160_.jpg",
        "detailPageURL": "https://www.amazon.com/dp/B07ZRF416W",
        "rating": "4.5",
        "totalReviews": "2472",
        "subtitle": "COSRX",
        "isPrimeEligible": "1"
    },
    {
        "ASIN": "B09YNC6T34",
        "title": "HIKARU OLEHENRIKSEN Ole Henriksen Banana Bright Eye Cr\u00e8me 0.5 fl oz/ 15 mL",
        "price": "$45.46 ($90.92 / Fl Oz)",
        "listPrice": "$59.99 ($119.98 / Fl Oz)",
        "imageUrl": "https://m.media-amazon.com/images/I/41U-fG3wr+L._SL160_.jpg",
        "detailPageURL": "https://www.amazon.com/dp/B09YNC6T34",
        "rating": "4.2",
        "totalReviews": "144",
        "subtitle": "Hikaru",
        "isPrimeEligible": "0"
    },
    {
        "ASIN": "B0756MRF4C",
        "title": "COCOMIA Neutrogena Hydro Boost Eye Awakening Gel-Cream, A Shot of Intense Hydration, Under-Eye Cream, 15 ml",
        "price": "$7.70 ($15.10 / Fl Oz)",
        "listPrice": "$13.48 ($26.43 / Fl Oz)",
        "imageUrl": "https://m.media-amazon.com/images/I/41ePZUTVHML._SL160_.jpg",
        "detailPageURL": "https://www.amazon.com/dp/B0756MRF4C",
        "rating": "4.3",
        "totalReviews": "2096",
        "subtitle": "Neutrogena",
        "isPrimeEligible": "1"
    },
    {
        "ASIN": "B09FFBMNR1",
        "title": "REMEDIAL PAX Eye Cream for Dark Circles and Puffiness, Bags Under Eyes Treatment, Anti-Aging Collagen Eye Cream for Wrinkles, Day & Night Caffeine Eye Cream with Niacinamide Dimethicone",
        "price": "$19.99 ($10.81 / Fl Oz)",
        "listPrice": "$49.99 ($27.02 / Fl Oz)",
        "imageUrl": "https://m.media-amazon.com/images/I/5100nLZR0mL._SL160_.jpg",
        "detailPageURL": "https://www.amazon.com/dp/B09FFBMNR1",
        "rating": "4.4",
        "totalReviews": "9571",
        "subtitle": "REMEDIAL PAX",
        "isPrimeEligible": "1"
    },
    {
        "ASIN": "B091NJQ29P",
        "title": "Good Molecules Wake Up Eye Gel 0, 50 Oz Formulated With Yerba Mate Extract Revitalize And Energize Eyes With This Soothing Gel Vegan, Fragrance Free Cruelty , 0.5 Fl Oz (Pack of 1)",
        "price": "$6.00 ($12.00 / Fl Oz)",
        "listPrice": "",
        "imageUrl": "https://m.media-amazon.com/images/I/31u7lkDYm4L._SL160_.jpg",
        "detailPageURL": "https://www.amazon.com/dp/B091NJQ29P",
        "rating": "4.2",
        "totalReviews": "6247",
        "subtitle": "Good Molecules",
        "isPrimeEligible": "1"
    },
    {
        "ASIN": "B0C638J9CJ",
        "title": "Retinol Eye Cream for Dark Circles and Puffiness, Anti Aging Under Eye Cream Reduce Wrinkles and Fine Lines, smooth and Hydrate Eye Area, Fragrance Free, Suitable for Sensitive Skin",
        "price": "$12.99 ($25.98 / Fl Oz)",
        "listPrice": "$14.99 ($29.98 / Fl Oz)",
        "imageUrl": "https://m.media-amazon.com/images/I/51D6TIOe-cL._SL160_.jpg",
        "detailPageURL": "https://www.amazon.com/dp/B0C638J9CJ",
        "rating": "4.8",
        "totalReviews": "397",
        "subtitle": "Yoocoi",
        "isPrimeEligible": "1"
    },
    {
        "ASIN": "B00VGCXN0U",
        "title": "La Roche-Posay Toleriane Dermallergo Eye Cream Soothing Repair Moisturizer, Soothes and Comforts Sensitive Skin, Allergy Tested, Fragrance Free, Alcohol Free, Formerly Toleriane Ultra Eyes",
        "price": "$29.99 ($42.84 / Fl Oz)",
        "listPrice": "",
        "imageUrl": "https://m.media-amazon.com/images/I/31QvSYZO+wL._SL160_.jpg",
        "detailPageURL": "https://www.amazon.com/dp/B00VGCXN0U",
        "rating": "4.5",
        "totalReviews": "3028",
        "subtitle": "",
        "isPrimeEligible": "1"
    },
    {
        "ASIN": "B0897V6H9C",
        "title": "Cetaphil Deep Hydration Refreshing Eye Serum, 0.5 fl oz, 48Hr Hydrating Under Eye Cream to Reduce the Appearance of Dark Circles, With Hyaluronic Acid, Vitamin E & B5 (Packaging May Vary)",
        "price": "$11.97 ($23.94 / Fl Oz)",
        "listPrice": "$17.49 ($34.98 / Fl Oz)",
        "imageUrl": "https://m.media-amazon.com/images/I/41Vgt+Be43L._SL160_.jpg",
        "detailPageURL": "https://www.amazon.com/dp/B0897V6H9C",
        "rating": "4.4",
        "totalReviews": "5383",
        "subtitle": "Cetaphil",
        "isPrimeEligible": "1"
    },
    {
        "ASIN": "B0C6TL7Z2N",
        "title": "Eye Cream for Dark Circles and Puffiness: Caffeine Eye Cream - Retinol Eye Cream- Anti Aging Eye Cream for Wrinkles - With Collagen Hyaluronic Acid For Fine Lines Eye Depuffer in 3-4 Weeks-15 mL",
        "price": "$15.49 ($30.98 / Fl Oz)",
        "listPrice": "",
        "imageUrl": "https://m.media-amazon.com/images/I/41encRxhzkL._SL160_.jpg",
        "detailPageURL": "https://www.amazon.com/dp/B0C6TL7Z2N",
        "rating": "4.8",
        "totalReviews": "113",
        "subtitle": "RONKIE",
        "isPrimeEligible": "1"
    },
    {
        "ASIN": "B07ZRF416W",
        "title": "COSRX Advanced Snail Peptide Eye Cream with 73.7% Snail Mucin + 2% Niacinamide, 0.85 fl.oz / 25ml | Brightening Night Cream for Fine Lines & Dark Circles, Korean Skin Care, Not Tested on Animals",
        "price": "$21.65 ($25.47 / Fl Oz)",
        "listPrice": "$26.00 ($30.59 / Fl Oz)",
        "imageUrl": "https://m.media-amazon.com/images/I/31cH7vzfBxL._SL160_.jpg",
        "detailPageURL": "https://www.amazon.com/dp/B07ZRF416W",
        "rating": "4.5",
        "totalReviews": "2472",
        "subtitle": "COSRX",
        "isPrimeEligible": "1"
    },
    {
        "ASIN": "B09YNC6T34",
        "title": "HIKARU OLEHENRIKSEN Ole Henriksen Banana Bright Eye Cr\u00e8me 0.5 fl oz/ 15 mL",
        "price": "$45.46 ($90.92 / Fl Oz)",
        "listPrice": "$59.99 ($119.98 / Fl Oz)",
        "imageUrl": "https://m.media-amazon.com/images/I/41U-fG3wr+L._SL160_.jpg",
        "detailPageURL": "https://www.amazon.com/dp/B09YNC6T34",
        "rating": "4.2",
        "totalReviews": "144",
        "subtitle": "Hikaru",
        "isPrimeEligible": "0"
    },
    {
        "ASIN": "B0756MRF4C",
        "title": "COCOMIA Neutrogena Hydro Boost Eye Awakening Gel-Cream, A Shot of Intense Hydration, Under-Eye Cream, 15 ml",
        "price": "$7.70 ($15.10 / Fl Oz)",
        "listPrice": "$13.48 ($26.43 / Fl Oz)",
        "imageUrl": "https://m.media-amazon.com/images/I/41ePZUTVHML._SL160_.jpg",
        "detailPageURL": "https://www.amazon.com/dp/B0756MRF4C",
        "rating": "4.3",
        "totalReviews": "2096",
        "subtitle": "Neutrogena",
        "isPrimeEligible": "1"
    },
    {
        "ASIN": "B09FFBMNR1",
        "title": "REMEDIAL PAX Eye Cream for Dark Circles and Puffiness, Bags Under Eyes Treatment, Anti-Aging Collagen Eye Cream for Wrinkles, Day & Night Caffeine Eye Cream with Niacinamide Dimethicone",
        "price": "$19.99 ($10.81 / Fl Oz)",
        "listPrice": "$49.99 ($27.02 / Fl Oz)",
        "imageUrl": "https://m.media-amazon.com/images/I/5100nLZR0mL._SL160_.jpg",
        "detailPageURL": "https://www.amazon.com/dp/B09FFBMNR1",
        "rating": "4.4",
        "totalReviews": "9571",
        "subtitle": "REMEDIAL PAX",
        "isPrimeEligible": "1"
    },
    {
        "ASIN": "B09ZB7GDJL",
        "title": "[Haruharu Wonder] Black Rice Bakuchiol Eye Cream 0.67 fl.oz / 20ml | Anti-Aging, Wrinkle Care, Natural Retinol Alternative | Cruelty Free, EWG-Green",
        "price": "$8.99 ($12.84 / Fl Oz)",
        "listPrice": "$15.00 ($21.43 / Fl Oz)",
        "imageUrl": "https://m.media-amazon.com/images/I/317ycxKwdGL._SL160_.jpg",
        "detailPageURL": "https://www.amazon.com/dp/B09ZB7GDJL",
        "rating": "4.4",
        "totalReviews": "506",
        "subtitle": "HARUHARU",
        "isPrimeEligible": "1"
    },
    {
        "ASIN": "B0C638J9CJ",
        "title": "Retinol Eye Cream for Dark Circles and Puffiness, Anti Aging Under Eye Cream Reduce Wrinkles and Fine Lines, smooth and Hydrate Eye Area, Fragrance Free, Suitable for Sensitive Skin",
        "price": "$12.99 ($25.98 / Fl Oz)",
        "listPrice": "$14.99 ($29.98 / Fl Oz)",
        "imageUrl": "https://m.media-amazon.com/images/I/51D6TIOe-cL._SL160_.jpg",
        "detailPageURL": "https://www.amazon.com/dp/B0C638J9CJ",
        "rating": "4.8",
        "totalReviews": "397",
        "subtitle": "Yoocoi",
        "isPrimeEligible": "1"
    },
    {
        "ASIN": "B00VGCXN0U",
        "title": "La Roche-Posay Toleriane Dermallergo Eye Cream Soothing Repair Moisturizer, Soothes and Comforts Sensitive Skin, Allergy Tested, Fragrance Free, Alcohol Free, Formerly Toleriane Ultra Eyes",
        "price": "$29.99 ($42.84 / Fl Oz)",
        "listPrice": "",
        "imageUrl": "https://m.media-amazon.com/images/I/31QvSYZO+wL._SL160_.jpg",
        "detailPageURL": "https://www.amazon.com/dp/B00VGCXN0U",
        "rating": "4.5",
        "totalReviews": "3028",
        "subtitle": "",
        "isPrimeEligible": "1"
    },
    {
        "ASIN": "B0897V6H9C",
        "title": "Cetaphil Deep Hydration Refreshing Eye Serum, 0.5 fl oz, 48Hr Hydrating Under Eye Cream to Reduce the Appearance of Dark Circles, With Hyaluronic Acid, Vitamin E & B5 (Packaging May Vary)",
        "price": "$11.97 ($23.94 / Fl Oz)",
        "listPrice": "$17.49 ($34.98 / Fl Oz)",
        "imageUrl": "https://m.media-amazon.com/images/I/41Vgt+Be43L._SL160_.jpg",
        "detailPageURL": "https://www.amazon.com/dp/B0897V6H9C",
        "rating": "4.4",
        "totalReviews": "5383",
        "subtitle": "Cetaphil",
        "isPrimeEligible": "1"
    },
    {
        "ASIN": "B0C6TL7Z2N",
        "title": "Eye Cream for Dark Circles and Puffiness: Caffeine Eye Cream - Retinol Eye Cream- Anti Aging Eye Cream for Wrinkles - With Collagen Hyaluronic Acid For Fine Lines Eye Depuffer in 3-4 Weeks-15 mL",
        "price": "$15.49 ($30.98 / Fl Oz)",
        "listPrice": "",
        "imageUrl": "https://m.media-amazon.com/images/I/41encRxhzkL._SL160_.jpg",
        "detailPageURL": "https://www.amazon.com/dp/B0C6TL7Z2N",
        "rating": "4.8",
        "totalReviews": "113",
        "subtitle": "RONKIE",
        "isPrimeEligible": "1"
    },
    {
        "ASIN": "B07ZRF416W",
        "title": "COSRX Advanced Snail Peptide Eye Cream with 73.7% Snail Mucin + 2% Niacinamide, 0.85 fl.oz / 25ml | Brightening Night Cream for Fine Lines & Dark Circles, Korean Skin Care, Not Tested on Animals",
        "price": "$21.65 ($25.47 / Fl Oz)",
        "listPrice": "$26.00 ($30.59 / Fl Oz)",
        "imageUrl": "https://m.media-amazon.com/images/I/31cH7vzfBxL._SL160_.jpg",
        "detailPageURL": "https://www.amazon.com/dp/B07ZRF416W",
        "rating": "4.5",
        "totalReviews": "2472",
        "subtitle": "COSRX",
        "isPrimeEligible": "1"
    },
    {
        "ASIN": "B09YNC6T34",
        "title": "HIKARU OLEHENRIKSEN Ole Henriksen Banana Bright Eye Cr\u00e8me 0.5 fl oz/ 15 mL",
        "price": "$45.46 ($90.92 / Fl Oz)",
        "listPrice": "$59.99 ($119.98 / Fl Oz)",
        "imageUrl": "https://m.media-amazon.com/images/I/41U-fG3wr+L._SL160_.jpg",
        "detailPageURL": "https://www.amazon.com/dp/B09YNC6T34",
        "rating": "4.2",
        "totalReviews": "144",
        "subtitle": "Hikaru",
        "isPrimeEligible": "0"
    },
    {
        "ASIN": "B0756MRF4C",
        "title": "COCOMIA Neutrogena Hydro Boost Eye Awakening Gel-Cream, A Shot of Intense Hydration, Under-Eye Cream, 15 ml",
        "price": "$7.70 ($15.10 / Fl Oz)",
        "listPrice": "$13.48 ($26.43 / Fl Oz)",
        "imageUrl": "https://m.media-amazon.com/images/I/41ePZUTVHML._SL160_.jpg",
        "detailPageURL": "https://www.amazon.com/dp/B0756MRF4C",
        "rating": "4.3",
        "totalReviews": "2096",
        "subtitle": "Neutrogena",
        "isPrimeEligible": "1"
    },
    {
        "ASIN": "B09FFBMNR1",
        "title": "REMEDIAL PAX Eye Cream for Dark Circles and Puffiness, Bags Under Eyes Treatment, Anti-Aging Collagen Eye Cream for Wrinkles, Day & Night Caffeine Eye Cream with Niacinamide Dimethicone",
        "price": "$19.99 ($10.81 / Fl Oz)",
        "listPrice": "$49.99 ($27.02 / Fl Oz)",
        "imageUrl": "https://m.media-amazon.com/images/I/5100nLZR0mL._SL160_.jpg",
        "detailPageURL": "https://www.amazon.com/dp/B09FFBMNR1",
        "rating": "4.4",
        "totalReviews": "9571",
        "subtitle": "REMEDIAL PAX",
        "isPrimeEligible": "1"
    },
    {
        "ASIN": "B09ZB7GDJL",
        "title": "[Haruharu Wonder] Black Rice Bakuchiol Eye Cream 0.67 fl.oz / 20ml | Anti-Aging, Wrinkle Care, Natural Retinol Alternative | Cruelty Free, EWG-Green",
        "price": "$8.99 ($12.84 / Fl Oz)",
        "listPrice": "$15.00 ($21.43 / Fl Oz)",
        "imageUrl": "https://m.media-amazon.com/images/I/317ycxKwdGL._SL160_.jpg",
        "detailPageURL": "https://www.amazon.com/dp/B09ZB7GDJL",
        "rating": "4.4",
        "totalReviews": "506",
        "subtitle": "HARUHARU",
        "isPrimeEligible": "1"
    },
    {
        "ASIN": "B0C7SWZ862",
        "title": "Freeman Restorative Moisturizing & Depuffing Eye Cream + Overnight Leave-On Treatment, For Dull & Tired Eyes, Brightens Undereye Skin, Infused With Magnesium & Hyaluronic Acid, 0.5 fl.oz./ 15 mL Jar",
        "price": "$4.44",
        "listPrice": "$4.97",
        "imageUrl": "https://m.media-amazon.com/images/I/41dJKuGhXrL._SL160_.jpg",
        "detailPageURL": "https://www.amazon.com/dp/B0C7SWZ862",
        "rating": "4.8",
        "totalReviews": "31",
        "subtitle": "FREEMAN",
        "isPrimeEligible": "1"
    },
    {
        "ASIN": "B00VGCXN0U",
        "title": "La Roche-Posay Toleriane Dermallergo Eye Cream Soothing Repair Moisturizer, Soothes and Comforts Sensitive Skin, Allergy Tested, Fragrance Free, Alcohol Free, Formerly Toleriane Ultra Eyes",
        "price": "$29.99 ($42.84 / Fl Oz)",
        "listPrice": "",
        "imageUrl": "https://m.media-amazon.com/images/I/31QvSYZO+wL._SL160_.jpg",
        "detailPageURL": "https://www.amazon.com/dp/B00VGCXN0U",
        "rating": "4.5",
        "totalReviews": "3028",
        "subtitle": "",
        "isPrimeEligible": "1"
    },
    {
        "ASIN": "B0897V6H9C",
        "title": "Cetaphil Deep Hydration Refreshing Eye Serum, 0.5 fl oz, 48Hr Hydrating Under Eye Cream to Reduce the Appearance of Dark Circles, With Hyaluronic Acid, Vitamin E & B5 (Packaging May Vary)",
        "price": "$11.97 ($23.94 / Fl Oz)",
        "listPrice": "$17.49 ($34.98 / Fl Oz)",
        "imageUrl": "https://m.media-amazon.com/images/I/41Vgt+Be43L._SL160_.jpg",
        "detailPageURL": "https://www.amazon.com/dp/B0897V6H9C",
        "rating": "4.4",
        "totalReviews": "5383",
        "subtitle": "Cetaphil",
        "isPrimeEligible": "1"
    },
    {
        "ASIN": "B0C6TL7Z2N",
        "title": "Eye Cream for Dark Circles and Puffiness: Caffeine Eye Cream - Retinol Eye Cream- Anti Aging Eye Cream for Wrinkles - With Collagen Hyaluronic Acid For Fine Lines Eye Depuffer in 3-4 Weeks-15 mL",
        "price": "$15.49 ($30.98 / Fl Oz)",
        "listPrice": "",
        "imageUrl": "https://m.media-amazon.com/images/I/41encRxhzkL._SL160_.jpg",
        "detailPageURL": "https://www.amazon.com/dp/B0C6TL7Z2N",
        "rating": "4.8",
        "totalReviews": "113",
        "subtitle": "RONKIE",
        "isPrimeEligible": "1"
    },
    {
        "ASIN": "B07ZRF416W",
        "title": "COSRX Advanced Snail Peptide Eye Cream with 73.7% Snail Mucin + 2% Niacinamide, 0.85 fl.oz / 25ml | Brightening Night Cream for Fine Lines & Dark Circles, Korean Skin Care, Not Tested on Animals",
        "price": "$21.65 ($25.47 / Fl Oz)",
        "listPrice": "$26.00 ($30.59 / Fl Oz)",
        "imageUrl": "https://m.media-amazon.com/images/I/31cH7vzfBxL._SL160_.jpg",
        "detailPageURL": "https://www.amazon.com/dp/B07ZRF416W",
        "rating": "4.5",
        "totalReviews": "2472",
        "subtitle": "COSRX",
        "isPrimeEligible": "1"
    },
    {
        "ASIN": "B09YNC6T34",
        "title": "HIKARU OLEHENRIKSEN Ole Henriksen Banana Bright Eye Cr\u00e8me 0.5 fl oz/ 15 mL",
        "price": "$45.46 ($90.92 / Fl Oz)",
        "listPrice": "$59.99 ($119.98 / Fl Oz)",
        "imageUrl": "https://m.media-amazon.com/images/I/41U-fG3wr+L._SL160_.jpg",
        "detailPageURL": "https://www.amazon.com/dp/B09YNC6T34",
        "rating": "4.2",
        "totalReviews": "144",
        "subtitle": "Hikaru",
        "isPrimeEligible": "0"
    },
    {
        "ASIN": "B0756MRF4C",
        "title": "COCOMIA Neutrogena Hydro Boost Eye Awakening Gel-Cream, A Shot of Intense Hydration, Under-Eye Cream, 15 ml",
        "price": "$7.70 ($15.10 / Fl Oz)",
        "listPrice": "$13.48 ($26.43 / Fl Oz)",
        "imageUrl": "https://m.media-amazon.com/images/I/41ePZUTVHML._SL160_.jpg",
        "detailPageURL": "https://www.amazon.com/dp/B0756MRF4C",
        "rating": "4.3",
        "totalReviews": "2096",
        "subtitle": "Neutrogena",
        "isPrimeEligible": "1"
    },
    {
        "ASIN": "B09FFBMNR1",
        "title": "REMEDIAL PAX Eye Cream for Dark Circles and Puffiness, Bags Under Eyes Treatment, Anti-Aging Collagen Eye Cream for Wrinkles, Day & Night Caffeine Eye Cream with Niacinamide Dimethicone",
        "price": "$19.99 ($10.81 / Fl Oz)",
        "listPrice": "$49.99 ($27.02 / Fl Oz)",
        "imageUrl": "https://m.media-amazon.com/images/I/5100nLZR0mL._SL160_.jpg",
        "detailPageURL": "https://www.amazon.com/dp/B09FFBMNR1",
        "rating": "4.4",
        "totalReviews": "9571",
        "subtitle": "REMEDIAL PAX",
        "isPrimeEligible": "1"
    },
    {
        "ASIN": "B09ZB7GDJL",
        "title": "[Haruharu Wonder] Black Rice Bakuchiol Eye Cream 0.67 fl.oz / 20ml | Anti-Aging, Wrinkle Care, Natural Retinol Alternative | Cruelty Free, EWG-Green",
        "price": "$8.99 ($12.84 / Fl Oz)",
        "listPrice": "$15.00 ($21.43 / Fl Oz)",
        "imageUrl": "https://m.media-amazon.com/images/I/317ycxKwdGL._SL160_.jpg",
        "detailPageURL": "https://www.amazon.com/dp/B09ZB7GDJL",
        "rating": "4.4",
        "totalReviews": "506",
        "subtitle": "HARUHARU",
        "isPrimeEligible": "1"
    },
    {
        "ASIN": "B0C7SWZ862",
        "title": "Freeman Restorative Moisturizing & Depuffing Eye Cream + Overnight Leave-On Treatment, For Dull & Tired Eyes, Brightens Undereye Skin, Infused With Magnesium & Hyaluronic Acid, 0.5 fl.oz./ 15 mL Jar",
        "price": "$4.44",
        "listPrice": "$4.97",
        "imageUrl": "https://m.media-amazon.com/images/I/41dJKuGhXrL._SL160_.jpg",
        "detailPageURL": "https://www.amazon.com/dp/B0C7SWZ862",
        "rating": "4.8",
        "totalReviews": "31",
        "subtitle": "FREEMAN",
        "isPrimeEligible": "1"
    },
    {
        "ASIN": "B01EHW5JYI",
        "title": "Olay Ultimate Eye Cream for Wrinkles, Puffy Eyes + Dark Circles, 0.4oz/13ml",
        "price": "$29.97 ($74.92 / Ounce)",
        "listPrice": "",
        "imageUrl": "https://m.media-amazon.com/images/I/41Vx7qVke4L._SL160_.jpg",
        "detailPageURL": "https://www.amazon.com/dp/B01EHW5JYI",
        "rating": "4.3",
        "totalReviews": "11526",
        "subtitle": "Olay",
        "isPrimeEligible": "1"
    },
    {
        "ASIN": "B0897V6H9C",
        "title": "Cetaphil Deep Hydration Refreshing Eye Serum, 0.5 fl oz, 48Hr Hydrating Under Eye Cream to Reduce the Appearance of Dark Circles, With Hyaluronic Acid, Vitamin E & B5 (Packaging May Vary)",
        "price": "$11.97 ($23.94 / Fl Oz)",
        "listPrice": "$17.49 ($34.98 / Fl Oz)",
        "imageUrl": "https://m.media-amazon.com/images/I/41Vgt+Be43L._SL160_.jpg",
        "detailPageURL": "https://www.amazon.com/dp/B0897V6H9C",
        "rating": "4.4",
        "totalReviews": "5383",
        "subtitle": "Cetaphil",
        "isPrimeEligible": "1"
    },
    {
        "ASIN": "B0C6TL7Z2N",
        "title": "Eye Cream for Dark Circles and Puffiness: Caffeine Eye Cream - Retinol Eye Cream- Anti Aging Eye Cream for Wrinkles - With Collagen Hyaluronic Acid For Fine Lines Eye Depuffer in 3-4 Weeks-15 mL",
        "price": "$15.49 ($30.98 / Fl Oz)",
        "listPrice": "",
        "imageUrl": "https://m.media-amazon.com/images/I/41encRxhzkL._SL160_.jpg",
        "detailPageURL": "https://www.amazon.com/dp/B0C6TL7Z2N",
        "rating": "4.8",
        "totalReviews": "113",
        "subtitle": "RONKIE",
        "isPrimeEligible": "1"
    },
    {
        "ASIN": "B07ZRF416W",
        "title": "COSRX Advanced Snail Peptide Eye Cream with 73.7% Snail Mucin + 2% Niacinamide, 0.85 fl.oz / 25ml | Brightening Night Cream for Fine Lines & Dark Circles, Korean Skin Care, Not Tested on Animals",
        "price": "$21.65 ($25.47 / Fl Oz)",
        "listPrice": "$26.00 ($30.59 / Fl Oz)",
        "imageUrl": "https://m.media-amazon.com/images/I/31cH7vzfBxL._SL160_.jpg",
        "detailPageURL": "https://www.amazon.com/dp/B07ZRF416W",
        "rating": "4.5",
        "totalReviews": "2472",
        "subtitle": "COSRX",
        "isPrimeEligible": "1"
    },
    {
        "ASIN": "B09YNC6T34",
        "title": "HIKARU OLEHENRIKSEN Ole Henriksen Banana Bright Eye Cr\u00e8me 0.5 fl oz/ 15 mL",
        "price": "$45.46 ($90.92 / Fl Oz)",
        "listPrice": "$59.99 ($119.98 / Fl Oz)",
        "imageUrl": "https://m.media-amazon.com/images/I/41U-fG3wr+L._SL160_.jpg",
        "detailPageURL": "https://www.amazon.com/dp/B09YNC6T34",
        "rating": "4.2",
        "totalReviews": "144",
        "subtitle": "Hikaru",
        "isPrimeEligible": "0"
    },
    {
        "ASIN": "B0756MRF4C",
        "title": "COCOMIA Neutrogena Hydro Boost Eye Awakening Gel-Cream, A Shot of Intense Hydration, Under-Eye Cream, 15 ml",
        "price": "$7.70 ($15.10 / Fl Oz)",
        "listPrice": "$13.48 ($26.43 / Fl Oz)",
        "imageUrl": "https://m.media-amazon.com/images/I/41ePZUTVHML._SL160_.jpg",
        "detailPageURL": "https://www.amazon.com/dp/B0756MRF4C",
        "rating": "4.3",
        "totalReviews": "2096",
        "subtitle": "Neutrogena",
        "isPrimeEligible": "1"
    },
    {
        "ASIN": "B09FFBMNR1",
        "title": "REMEDIAL PAX Eye Cream for Dark Circles and Puffiness, Bags Under Eyes Treatment, Anti-Aging Collagen Eye Cream for Wrinkles, Day & Night Caffeine Eye Cream with Niacinamide Dimethicone",
        "price": "$19.99 ($10.81 / Fl Oz)",
        "listPrice": "$49.99 ($27.02 / Fl Oz)",
        "imageUrl": "https://m.media-amazon.com/images/I/5100nLZR0mL._SL160_.jpg",
        "detailPageURL": "https://www.amazon.com/dp/B09FFBMNR1",
        "rating": "4.4",
        "totalReviews": "9571",
        "subtitle": "REMEDIAL PAX",
        "isPrimeEligible": "1"
    },
    {
        "ASIN": "B09ZB7GDJL",
        "title": "[Haruharu Wonder] Black Rice Bakuchiol Eye Cream 0.67 fl.oz / 20ml | Anti-Aging, Wrinkle Care, Natural Retinol Alternative | Cruelty Free, EWG-Green",
        "price": "$8.99 ($12.84 / Fl Oz)",
        "listPrice": "$15.00 ($21.43 / Fl Oz)",
        "imageUrl": "https://m.media-amazon.com/images/I/317ycxKwdGL._SL160_.jpg",
        "detailPageURL": "https://www.amazon.com/dp/B09ZB7GDJL",
        "rating": "4.4",
        "totalReviews": "506",
        "subtitle": "HARUHARU",
        "isPrimeEligible": "1"
    },
    {
        "ASIN": "B0C7SWZ862",
        "title": "Freeman Restorative Moisturizing & Depuffing Eye Cream + Overnight Leave-On Treatment, For Dull & Tired Eyes, Brightens Undereye Skin, Infused With Magnesium & Hyaluronic Acid, 0.5 fl.oz./ 15 mL Jar",
        "price": "$4.44",
        "listPrice": "$4.97",
        "imageUrl": "https://m.media-amazon.com/images/I/41dJKuGhXrL._SL160_.jpg",
        "detailPageURL": "https://www.amazon.com/dp/B0C7SWZ862",
        "rating": "4.8",
        "totalReviews": "31",
        "subtitle": "FREEMAN",
        "isPrimeEligible": "1"
    },
    {
        "ASIN": "B01EHW5JYI",
        "title": "Olay Ultimate Eye Cream for Wrinkles, Puffy Eyes + Dark Circles, 0.4oz/13ml",
        "price": "$29.97 ($74.92 / Ounce)",
        "listPrice": "",
        "imageUrl": "https://m.media-amazon.com/images/I/41Vx7qVke4L._SL160_.jpg",
        "detailPageURL": "https://www.amazon.com/dp/B01EHW5JYI",
        "rating": "4.3",
        "totalReviews": "11526",
        "subtitle": "Olay",
        "isPrimeEligible": "1"
    },
    {
        "ASIN": "B01KJGBEYK",
        "title": "Oklahoma Joe's Longhorn Reverse Flow Offset Smoker - 17202053",
        "price": "$799.00",
        "listPrice": "",
        "imageUrl": "https://m.media-amazon.com/images/I/41VdmPXs69L._SL160_.jpg",
        "detailPageURL": "https://www.amazon.com/dp/B01KJGBEYK",
        "rating": "4.5",
        "totalReviews": "413",
        "subtitle": "",
        "isPrimeEligible": "1"
    },
    {
        "ASIN": "B0C6TL7Z2N",
        "title": "Eye Cream for Dark Circles and Puffiness: Caffeine Eye Cream - Retinol Eye Cream- Anti Aging Eye Cream for Wrinkles - With Collagen Hyaluronic Acid For Fine Lines Eye Depuffer in 3-4 Weeks-15 mL",
        "price": "$15.49 ($30.98 / Fl Oz)",
        "listPrice": "",
        "imageUrl": "https://m.media-amazon.com/images/I/41encRxhzkL._SL160_.jpg",
        "detailPageURL": "https://www.amazon.com/dp/B0C6TL7Z2N",
        "rating": "4.8",
        "totalReviews": "113",
        "subtitle": "RONKIE",
        "isPrimeEligible": "1"
    },
    {
        "ASIN": "B07ZRF416W",
        "title": "COSRX Advanced Snail Peptide Eye Cream with 73.7% Snail Mucin + 2% Niacinamide, 0.85 fl.oz / 25ml | Brightening Night Cream for Fine Lines & Dark Circles, Korean Skin Care, Not Tested on Animals",
        "price": "$21.65 ($25.47 / Fl Oz)",
        "listPrice": "$26.00 ($30.59 / Fl Oz)",
        "imageUrl": "https://m.media-amazon.com/images/I/31cH7vzfBxL._SL160_.jpg",
        "detailPageURL": "https://www.amazon.com/dp/B07ZRF416W",
        "rating": "4.5",
        "totalReviews": "2472",
        "subtitle": "COSRX",
        "isPrimeEligible": "1"
    },
    {
        "ASIN": "B09YNC6T34",
        "title": "HIKARU OLEHENRIKSEN Ole Henriksen Banana Bright Eye Cr\u00e8me 0.5 fl oz/ 15 mL",
        "price": "$45.46 ($90.92 / Fl Oz)",
        "listPrice": "$59.99 ($119.98 / Fl Oz)",
        "imageUrl": "https://m.media-amazon.com/images/I/41U-fG3wr+L._SL160_.jpg",
        "detailPageURL": "https://www.amazon.com/dp/B09YNC6T34",
        "rating": "4.2",
        "totalReviews": "144",
        "subtitle": "Hikaru",
        "isPrimeEligible": "0"
    },
    {
        "ASIN": "B0756MRF4C",
        "title": "COCOMIA Neutrogena Hydro Boost Eye Awakening Gel-Cream, A Shot of Intense Hydration, Under-Eye Cream, 15 ml",
        "price": "$7.70 ($15.10 / Fl Oz)",
        "listPrice": "$13.48 ($26.43 / Fl Oz)",
        "imageUrl": "https://m.media-amazon.com/images/I/41ePZUTVHML._SL160_.jpg",
        "detailPageURL": "https://www.amazon.com/dp/B0756MRF4C",
        "rating": "4.3",
        "totalReviews": "2096",
        "subtitle": "Neutrogena",
        "isPrimeEligible": "1"
    },
    {
        "ASIN": "B09FFBMNR1",
        "title": "REMEDIAL PAX Eye Cream for Dark Circles and Puffiness, Bags Under Eyes Treatment, Anti-Aging Collagen Eye Cream for Wrinkles, Day & Night Caffeine Eye Cream with Niacinamide Dimethicone",
        "price": "$19.99 ($10.81 / Fl Oz)",
        "listPrice": "$49.99 ($27.02 / Fl Oz)",
        "imageUrl": "https://m.media-amazon.com/images/I/5100nLZR0mL._SL160_.jpg",
        "detailPageURL": "https://www.amazon.com/dp/B09FFBMNR1",
        "rating": "4.4",
        "totalReviews": "9571",
        "subtitle": "REMEDIAL PAX",
        "isPrimeEligible": "1"
    },
    {
        "ASIN": "B09ZB7GDJL",
        "title": "[Haruharu Wonder] Black Rice Bakuchiol Eye Cream 0.67 fl.oz / 20ml | Anti-Aging, Wrinkle Care, Natural Retinol Alternative | Cruelty Free, EWG-Green",
        "price": "$8.99 ($12.84 / Fl Oz)",
        "listPrice": "$15.00 ($21.43 / Fl Oz)",
        "imageUrl": "https://m.media-amazon.com/images/I/317ycxKwdGL._SL160_.jpg",
        "detailPageURL": "https://www.amazon.com/dp/B09ZB7GDJL",
        "rating": "4.4",
        "totalReviews": "506",
        "subtitle": "HARUHARU",
        "isPrimeEligible": "1"
    },
    {
        "ASIN": "B0C7SWZ862",
        "title": "Freeman Restorative Moisturizing & Depuffing Eye Cream + Overnight Leave-On Treatment, For Dull & Tired Eyes, Brightens Undereye Skin, Infused With Magnesium & Hyaluronic Acid, 0.5 fl.oz./ 15 mL Jar",
        "price": "$4.44",
        "listPrice": "$4.97",
        "imageUrl": "https://m.media-amazon.com/images/I/41dJKuGhXrL._SL160_.jpg",
        "detailPageURL": "https://www.amazon.com/dp/B0C7SWZ862",
        "rating": "4.8",
        "totalReviews": "31",
        "subtitle": "FREEMAN",
        "isPrimeEligible": "1"
    },
    {
        "ASIN": "B01EHW5JYI",
        "title": "Olay Ultimate Eye Cream for Wrinkles, Puffy Eyes + Dark Circles, 0.4oz/13ml",
        "price": "$29.97 ($74.92 / Ounce)",
        "listPrice": "",
        "imageUrl": "https://m.media-amazon.com/images/I/41Vx7qVke4L._SL160_.jpg",
        "detailPageURL": "https://www.amazon.com/dp/B01EHW5JYI",
        "rating": "4.3",
        "totalReviews": "11526",
        "subtitle": "Olay",
        "isPrimeEligible": "1"
    },
    {
        "ASIN": "B01KJGBEYK",
        "title": "Oklahoma Joe's Longhorn Reverse Flow Offset Smoker - 17202053",
        "price": "$799.00",
        "listPrice": "",
        "imageUrl": "https://m.media-amazon.com/images/I/41VdmPXs69L._SL160_.jpg",
        "detailPageURL": "https://www.amazon.com/dp/B01KJGBEYK",
        "rating": "4.5",
        "totalReviews": "413",
        "subtitle": "",
        "isPrimeEligible": "1"
    },
    {
        "ASIN": "B0BS4CHYKY",
        "title": "ILIA - Plant-Based Bright Start Activated Eye Cream | Cruelty-Free, Vegan, Clean Beauty (0.5 oz | 15 ml)",
        "price": "$46.00 ($92.00 / Ounce)",
        "listPrice": "",
        "imageUrl": "https://m.media-amazon.com/images/I/31anywXmNfL._SL160_.jpg",
        "detailPageURL": "https://www.amazon.com/dp/B0BS4CHYKY",
        "rating": "4.4",
        "totalReviews": "43",
        "subtitle": "ILIA",
        "isPrimeEligible": "1"
    },
    {
        "ASIN": "B07ZRF416W",
        "title": "COSRX Advanced Snail Peptide Eye Cream with 73.7% Snail Mucin + 2% Niacinamide, 0.85 fl.oz / 25ml | Brightening Night Cream for Fine Lines & Dark Circles, Korean Skin Care, Not Tested on Animals",
        "price": "$21.65 ($25.47 / Fl Oz)",
        "listPrice": "$26.00 ($30.59 / Fl Oz)",
        "imageUrl": "https://m.media-amazon.com/images/I/31cH7vzfBxL._SL160_.jpg",
        "detailPageURL": "https://www.amazon.com/dp/B07ZRF416W",
        "rating": "4.5",
        "totalReviews": "2472",
        "subtitle": "COSRX",
        "isPrimeEligible": "1"
    },
    {
        "ASIN": "B09YNC6T34",
        "title": "HIKARU OLEHENRIKSEN Ole Henriksen Banana Bright Eye Cr\u00e8me 0.5 fl oz/ 15 mL",
        "price": "$45.46 ($90.92 / Fl Oz)",
        "listPrice": "$59.99 ($119.98 / Fl Oz)",
        "imageUrl": "https://m.media-amazon.com/images/I/41U-fG3wr+L._SL160_.jpg",
        "detailPageURL": "https://www.amazon.com/dp/B09YNC6T34",
        "rating": "4.2",
        "totalReviews": "144",
        "subtitle": "Hikaru",
        "isPrimeEligible": "0"
    },
    {
        "ASIN": "B0756MRF4C",
        "title": "COCOMIA Neutrogena Hydro Boost Eye Awakening Gel-Cream, A Shot of Intense Hydration, Under-Eye Cream, 15 ml",
        "price": "$7.70 ($15.10 / Fl Oz)",
        "listPrice": "$13.48 ($26.43 / Fl Oz)",
        "imageUrl": "https://m.media-amazon.com/images/I/41ePZUTVHML._SL160_.jpg",
        "detailPageURL": "https://www.amazon.com/dp/B0756MRF4C",
        "rating": "4.3",
        "totalReviews": "2096",
        "subtitle": "Neutrogena",
        "isPrimeEligible": "1"
    },
    {
        "ASIN": "B09FFBMNR1",
        "title": "REMEDIAL PAX Eye Cream for Dark Circles and Puffiness, Bags Under Eyes Treatment, Anti-Aging Collagen Eye Cream for Wrinkles, Day & Night Caffeine Eye Cream with Niacinamide Dimethicone",
        "price": "$19.99 ($10.81 / Fl Oz)",
        "listPrice": "$49.99 ($27.02 / Fl Oz)",
        "imageUrl": "https://m.media-amazon.com/images/I/5100nLZR0mL._SL160_.jpg",
        "detailPageURL": "https://www.amazon.com/dp/B09FFBMNR1",
        "rating": "4.4",
        "totalReviews": "9571",
        "subtitle": "REMEDIAL PAX",
        "isPrimeEligible": "1"
    },
    {
        "ASIN": "B09ZB7GDJL",
        "title": "[Haruharu Wonder] Black Rice Bakuchiol Eye Cream 0.67 fl.oz / 20ml | Anti-Aging, Wrinkle Care, Natural Retinol Alternative | Cruelty Free, EWG-Green",
        "price": "$8.99 ($12.84 / Fl Oz)",
        "listPrice": "$15.00 ($21.43 / Fl Oz)",
        "imageUrl": "https://m.media-amazon.com/images/I/317ycxKwdGL._SL160_.jpg",
        "detailPageURL": "https://www.amazon.com/dp/B09ZB7GDJL",
        "rating": "4.4",
        "totalReviews": "506",
        "subtitle": "HARUHARU",
        "isPrimeEligible": "1"
    },
    {
        "ASIN": "B0C7SWZ862",
        "title": "Freeman Restorative Moisturizing & Depuffing Eye Cream + Overnight Leave-On Treatment, For Dull & Tired Eyes, Brightens Undereye Skin, Infused With Magnesium & Hyaluronic Acid, 0.5 fl.oz./ 15 mL Jar",
        "price": "$4.44",
        "listPrice": "$4.97",
        "imageUrl": "https://m.media-amazon.com/images/I/41dJKuGhXrL._SL160_.jpg",
        "detailPageURL": "https://www.amazon.com/dp/B0C7SWZ862",
        "rating": "4.8",
        "totalReviews": "31",
        "subtitle": "FREEMAN",
        "isPrimeEligible": "1"
    },
    {
        "ASIN": "B01EHW5JYI",
        "title": "Olay Ultimate Eye Cream for Wrinkles, Puffy Eyes + Dark Circles, 0.4oz/13ml",
        "price": "$29.97 ($74.92 / Ounce)",
        "listPrice": "",
        "imageUrl": "https://m.media-amazon.com/images/I/41Vx7qVke4L._SL160_.jpg",
        "detailPageURL": "https://www.amazon.com/dp/B01EHW5JYI",
        "rating": "4.3",
        "totalReviews": "11526",
        "subtitle": "Olay",
        "isPrimeEligible": "1"
    },
    {
        "ASIN": "B01KJGBEYK",
        "title": "Oklahoma Joe's Longhorn Reverse Flow Offset Smoker - 17202053",
        "price": "$799.00",
        "listPrice": "",
        "imageUrl": "https://m.media-amazon.com/images/I/41VdmPXs69L._SL160_.jpg",
        "detailPageURL": "https://www.amazon.com/dp/B01KJGBEYK",
        "rating": "4.5",
        "totalReviews": "413",
        "subtitle": "",
        "isPrimeEligible": "1"
    },
    {
        "ASIN": "B0BS4CHYKY",
        "title": "ILIA - Plant-Based Bright Start Activated Eye Cream | Cruelty-Free, Vegan, Clean Beauty (0.5 oz | 15 ml)",
        "price": "$46.00 ($92.00 / Ounce)",
        "listPrice": "",
        "imageUrl": "https://m.media-amazon.com/images/I/31anywXmNfL._SL160_.jpg",
        "detailPageURL": "https://www.amazon.com/dp/B0BS4CHYKY",
        "rating": "4.4",
        "totalReviews": "43",
        "subtitle": "ILIA",
        "isPrimeEligible": "1"
    },
    {
        "ASIN": "B0084H4HAA",
        "title": "Bee Naturals Queen Best Eye Balm Peeper Keeper - Eyelid Cream Reduces Crows Feet, Wrinkles & Fine Lines - Moisturizes Your Skin - Vitamin E + 10 All Natural Nutrient Oils",
        "price": "$11.98 ($23.96 / Ounce)",
        "listPrice": "",
        "imageUrl": "https://m.media-amazon.com/images/I/315tK8CYwaL._SL160_.jpg",
        "detailPageURL": "https://www.amazon.com/dp/B0084H4HAA",
        "rating": "4.5",
        "totalReviews": "2579",
        "subtitle": "Bee Naturals",
        "isPrimeEligible": "1"
    },
    {
        "ASIN": "B09YNC6T34",
        "title": "HIKARU OLEHENRIKSEN Ole Henriksen Banana Bright Eye Cr\u00e8me 0.5 fl oz/ 15 mL",
        "price": "$45.46 ($90.92 / Fl Oz)",
        "listPrice": "$59.99 ($119.98 / Fl Oz)",
        "imageUrl": "https://m.media-amazon.com/images/I/41U-fG3wr+L._SL160_.jpg",
        "detailPageURL": "https://www.amazon.com/dp/B09YNC6T34",
        "rating": "4.2",
        "totalReviews": "144",
        "subtitle": "Hikaru",
        "isPrimeEligible": "0"
    },
    {
        "ASIN": "B0756MRF4C",
        "title": "COCOMIA Neutrogena Hydro Boost Eye Awakening Gel-Cream, A Shot of Intense Hydration, Under-Eye Cream, 15 ml",
        "price": "$7.70 ($15.10 / Fl Oz)",
        "listPrice": "$13.48 ($26.43 / Fl Oz)",
        "imageUrl": "https://m.media-amazon.com/images/I/41ePZUTVHML._SL160_.jpg",
        "detailPageURL": "https://www.amazon.com/dp/B0756MRF4C",
        "rating": "4.3",
        "totalReviews": "2096",
        "subtitle": "Neutrogena",
        "isPrimeEligible": "1"
    },
    {
        "ASIN": "B09FFBMNR1",
        "title": "REMEDIAL PAX Eye Cream for Dark Circles and Puffiness, Bags Under Eyes Treatment, Anti-Aging Collagen Eye Cream for Wrinkles, Day & Night Caffeine Eye Cream with Niacinamide Dimethicone",
        "price": "$19.99 ($10.81 / Fl Oz)",
        "listPrice": "$49.99 ($27.02 / Fl Oz)",
        "imageUrl": "https://m.media-amazon.com/images/I/5100nLZR0mL._SL160_.jpg",
        "detailPageURL": "https://www.amazon.com/dp/B09FFBMNR1",
        "rating": "4.4",
        "totalReviews": "9571",
        "subtitle": "REMEDIAL PAX",
        "isPrimeEligible": "1"
    },
    {
        "ASIN": "B09ZB7GDJL",
        "title": "[Haruharu Wonder] Black Rice Bakuchiol Eye Cream 0.67 fl.oz / 20ml | Anti-Aging, Wrinkle Care, Natural Retinol Alternative | Cruelty Free, EWG-Green",
        "price": "$8.99 ($12.84 / Fl Oz)",
        "listPrice": "$15.00 ($21.43 / Fl Oz)",
        "imageUrl": "https://m.media-amazon.com/images/I/317ycxKwdGL._SL160_.jpg",
        "detailPageURL": "https://www.amazon.com/dp/B09ZB7GDJL",
        "rating": "4.4",
        "totalReviews": "506",
        "subtitle": "HARUHARU",
        "isPrimeEligible": "1"
    },
    {
        "ASIN": "B0C7SWZ862",
        "title": "Freeman Restorative Moisturizing & Depuffing Eye Cream + Overnight Leave-On Treatment, For Dull & Tired Eyes, Brightens Undereye Skin, Infused With Magnesium & Hyaluronic Acid, 0.5 fl.oz./ 15 mL Jar",
        "price": "$4.44",
        "listPrice": "$4.97",
        "imageUrl": "https://m.media-amazon.com/images/I/41dJKuGhXrL._SL160_.jpg",
        "detailPageURL": "https://www.amazon.com/dp/B0C7SWZ862",
        "rating": "4.8",
        "totalReviews": "31",
        "subtitle": "FREEMAN",
        "isPrimeEligible": "1"
    },
    {
        "ASIN": "B01EHW5JYI",
        "title": "Olay Ultimate Eye Cream for Wrinkles, Puffy Eyes + Dark Circles, 0.4oz/13ml",
        "price": "$29.97 ($74.92 / Ounce)",
        "listPrice": "",
        "imageUrl": "https://m.media-amazon.com/images/I/41Vx7qVke4L._SL160_.jpg",
        "detailPageURL": "https://www.amazon.com/dp/B01EHW5JYI",
        "rating": "4.3",
        "totalReviews": "11526",
        "subtitle": "Olay",
        "isPrimeEligible": "1"
    },
    {
        "ASIN": "B01KJGBEYK",
        "title": "Oklahoma Joe's Longhorn Reverse Flow Offset Smoker - 17202053",
        "price": "$799.00",
        "listPrice": "",
        "imageUrl": "https://m.media-amazon.com/images/I/41VdmPXs69L._SL160_.jpg",
        "detailPageURL": "https://www.amazon.com/dp/B01KJGBEYK",
        "rating": "4.5",
        "totalReviews": "413",
        "subtitle": "",
        "isPrimeEligible": "1"
    },
    {
        "ASIN": "B0BS4CHYKY",
        "title": "ILIA - Plant-Based Bright Start Activated Eye Cream | Cruelty-Free, Vegan, Clean Beauty (0.5 oz | 15 ml)",
        "price": "$46.00 ($92.00 / Ounce)",
        "listPrice": "",
        "imageUrl": "https://m.media-amazon.com/images/I/31anywXmNfL._SL160_.jpg",
        "detailPageURL": "https://www.amazon.com/dp/B0BS4CHYKY",
        "rating": "4.4",
        "totalReviews": "43",
        "subtitle": "ILIA",
        "isPrimeEligible": "1"
    },
    {
        "ASIN": "B0084H4HAA",
        "title": "Bee Naturals Queen Best Eye Balm Peeper Keeper - Eyelid Cream Reduces Crows Feet, Wrinkles & Fine Lines - Moisturizes Your Skin - Vitamin E + 10 All Natural Nutrient Oils",
        "price": "$11.98 ($23.96 / Ounce)",
        "listPrice": "",
        "imageUrl": "https://m.media-amazon.com/images/I/315tK8CYwaL._SL160_.jpg",
        "detailPageURL": "https://www.amazon.com/dp/B0084H4HAA",
        "rating": "4.5",
        "totalReviews": "2579",
        "subtitle": "Bee Naturals",
        "isPrimeEligible": "1"
    },
    {
        "ASIN": "B0015Z2XD6",
        "title": "Mario Badescu Hyaluronic Eye Cream Anti Aging for All Skin Types, Under Eye Cream for Dark Circles and Puffiness, Formulated with Hyaluronic Acid & Glycerin, 0.5 Ounce",
        "price": "$18.00 ($36.00 / Ounce)",
        "listPrice": "",
        "imageUrl": "https://m.media-amazon.com/images/I/41aEPcY7mXL._SL160_.jpg",
        "detailPageURL": "https://www.amazon.com/dp/B0015Z2XD6",
        "rating": "4.5",
        "totalReviews": "2144",
        "subtitle": "",
        "isPrimeEligible": "1"
    },
    {
        "ASIN": "B0756MRF4C",
        "title": "COCOMIA Neutrogena Hydro Boost Eye Awakening Gel-Cream, A Shot of Intense Hydration, Under-Eye Cream, 15 ml",
        "price": "$7.70 ($15.10 / Fl Oz)",
        "listPrice": "$13.48 ($26.43 / Fl Oz)",
        "imageUrl": "https://m.media-amazon.com/images/I/41ePZUTVHML._SL160_.jpg",
        "detailPageURL": "https://www.amazon.com/dp/B0756MRF4C",
        "rating": "4.3",
        "totalReviews": "2096",
        "subtitle": "Neutrogena",
        "isPrimeEligible": "1"
    },
    {
        "ASIN": "B09FFBMNR1",
        "title": "REMEDIAL PAX Eye Cream for Dark Circles and Puffiness, Bags Under Eyes Treatment, Anti-Aging Collagen Eye Cream for Wrinkles, Day & Night Caffeine Eye Cream with Niacinamide Dimethicone",
        "price": "$19.99 ($10.81 / Fl Oz)",
        "listPrice": "$49.99 ($27.02 / Fl Oz)",
        "imageUrl": "https://m.media-amazon.com/images/I/5100nLZR0mL._SL160_.jpg",
        "detailPageURL": "https://www.amazon.com/dp/B09FFBMNR1",
        "rating": "4.4",
        "totalReviews": "9571",
        "subtitle": "REMEDIAL PAX",
        "isPrimeEligible": "1"
    },
    {
        "ASIN": "B09ZB7GDJL",
        "title": "[Haruharu Wonder] Black Rice Bakuchiol Eye Cream 0.67 fl.oz / 20ml | Anti-Aging, Wrinkle Care, Natural Retinol Alternative | Cruelty Free, EWG-Green",
        "price": "$8.99 ($12.84 / Fl Oz)",
        "listPrice": "$15.00 ($21.43 / Fl Oz)",
        "imageUrl": "https://m.media-amazon.com/images/I/317ycxKwdGL._SL160_.jpg",
        "detailPageURL": "https://www.amazon.com/dp/B09ZB7GDJL",
        "rating": "4.4",
        "totalReviews": "506",
        "subtitle": "HARUHARU",
        "isPrimeEligible": "1"
    },
    {
        "ASIN": "B0C7SWZ862",
        "title": "Freeman Restorative Moisturizing & Depuffing Eye Cream + Overnight Leave-On Treatment, For Dull & Tired Eyes, Brightens Undereye Skin, Infused With Magnesium & Hyaluronic Acid, 0.5 fl.oz./ 15 mL Jar",
        "price": "$4.44",
        "listPrice": "$4.97",
        "imageUrl": "https://m.media-amazon.com/images/I/41dJKuGhXrL._SL160_.jpg",
        "detailPageURL": "https://www.amazon.com/dp/B0C7SWZ862",
        "rating": "4.8",
        "totalReviews": "31",
        "subtitle": "FREEMAN",
        "isPrimeEligible": "1"
    },
    {
        "ASIN": "B01EHW5JYI",
        "title": "Olay Ultimate Eye Cream for Wrinkles, Puffy Eyes + Dark Circles, 0.4oz/13ml",
        "price": "$29.97 ($74.92 / Ounce)",
        "listPrice": "",
        "imageUrl": "https://m.media-amazon.com/images/I/41Vx7qVke4L._SL160_.jpg",
        "detailPageURL": "https://www.amazon.com/dp/B01EHW5JYI",
        "rating": "4.3",
        "totalReviews": "11526",
        "subtitle": "Olay",
        "isPrimeEligible": "1"
    },
    {
        "ASIN": "B01KJGBEYK",
        "title": "Oklahoma Joe's Longhorn Reverse Flow Offset Smoker - 17202053",
        "price": "$799.00",
        "listPrice": "",
        "imageUrl": "https://m.media-amazon.com/images/I/41VdmPXs69L._SL160_.jpg",
        "detailPageURL": "https://www.amazon.com/dp/B01KJGBEYK",
        "rating": "4.5",
        "totalReviews": "413",
        "subtitle": "",
        "isPrimeEligible": "1"
    },
    {
        "ASIN": "B0BS4CHYKY",
        "title": "ILIA - Plant-Based Bright Start Activated Eye Cream | Cruelty-Free, Vegan, Clean Beauty (0.5 oz | 15 ml)",
        "price": "$46.00 ($92.00 / Ounce)",
        "listPrice": "",
        "imageUrl": "https://m.media-amazon.com/images/I/31anywXmNfL._SL160_.jpg",
        "detailPageURL": "https://www.amazon.com/dp/B0BS4CHYKY",
        "rating": "4.4",
        "totalReviews": "43",
        "subtitle": "ILIA",
        "isPrimeEligible": "1"
    },
    {
        "ASIN": "B0084H4HAA",
        "title": "Bee Naturals Queen Best Eye Balm Peeper Keeper - Eyelid Cream Reduces Crows Feet, Wrinkles & Fine Lines - Moisturizes Your Skin - Vitamin E + 10 All Natural Nutrient Oils",
        "price": "$11.98 ($23.96 / Ounce)",
        "listPrice": "",
        "imageUrl": "https://m.media-amazon.com/images/I/315tK8CYwaL._SL160_.jpg",
        "detailPageURL": "https://www.amazon.com/dp/B0084H4HAA",
        "rating": "4.5",
        "totalReviews": "2579",
        "subtitle": "Bee Naturals",
        "isPrimeEligible": "1"
    },
    {
        "ASIN": "B0015Z2XD6",
        "title": "Mario Badescu Hyaluronic Eye Cream Anti Aging for All Skin Types, Under Eye Cream for Dark Circles and Puffiness, Formulated with Hyaluronic Acid & Glycerin, 0.5 Ounce",
        "price": "$18.00 ($36.00 / Ounce)",
        "listPrice": "",
        "imageUrl": "https://m.media-amazon.com/images/I/41aEPcY7mXL._SL160_.jpg",
        "detailPageURL": "https://www.amazon.com/dp/B0015Z2XD6",
        "rating": "4.5",
        "totalReviews": "2144",
        "subtitle": "",
        "isPrimeEligible": "1"
    },
    {
        "ASIN": "B01MDT786Y",
        "title": "Kiehl's Age Defender Eye Repair Cream for Men, 0.5 Ounce",
        "price": "$36.94 ($73.88 / Ounce)",
        "listPrice": "$40.66 ($81.32 / Ounce)",
        "imageUrl": "https://m.media-amazon.com/images/I/51k0hz0mHFL._SL160_.jpg",
        "detailPageURL": "https://www.amazon.com/dp/B01MDT786Y",
        "rating": "4.5",
        "totalReviews": "164",
        "subtitle": "Kiehl's",
        "isPrimeEligible": "1"
    },
    {
        "ASIN": "B09FFBMNR1",
        "title": "REMEDIAL PAX Eye Cream for Dark Circles and Puffiness, Bags Under Eyes Treatment, Anti-Aging Collagen Eye Cream for Wrinkles, Day & Night Caffeine Eye Cream with Niacinamide Dimethicone",
        "price": "$19.99 ($10.81 / Fl Oz)",
        "listPrice": "$49.99 ($27.02 / Fl Oz)",
        "imageUrl": "https://m.media-amazon.com/images/I/5100nLZR0mL._SL160_.jpg",
        "detailPageURL": "https://www.amazon.com/dp/B09FFBMNR1",
        "rating": "4.4",
        "totalReviews": "9571",
        "subtitle": "REMEDIAL PAX",
        "isPrimeEligible": "1"
    },
    {
        "ASIN": "B09ZB7GDJL",
        "title": "[Haruharu Wonder] Black Rice Bakuchiol Eye Cream 0.67 fl.oz / 20ml | Anti-Aging, Wrinkle Care, Natural Retinol Alternative | Cruelty Free, EWG-Green",
        "price": "$8.99 ($12.84 / Fl Oz)",
        "listPrice": "$15.00 ($21.43 / Fl Oz)",
        "imageUrl": "https://m.media-amazon.com/images/I/317ycxKwdGL._SL160_.jpg",
        "detailPageURL": "https://www.amazon.com/dp/B09ZB7GDJL",
        "rating": "4.4",
        "totalReviews": "506",
        "subtitle": "HARUHARU",
        "isPrimeEligible": "1"
    },
    {
        "ASIN": "B0C7SWZ862",
        "title": "Freeman Restorative Moisturizing & Depuffing Eye Cream + Overnight Leave-On Treatment, For Dull & Tired Eyes, Brightens Undereye Skin, Infused With Magnesium & Hyaluronic Acid, 0.5 fl.oz./ 15 mL Jar",
        "price": "$4.44",
        "listPrice": "$4.97",
        "imageUrl": "https://m.media-amazon.com/images/I/41dJKuGhXrL._SL160_.jpg",
        "detailPageURL": "https://www.amazon.com/dp/B0C7SWZ862",
        "rating": "4.8",
        "totalReviews": "31",
        "subtitle": "FREEMAN",
        "isPrimeEligible": "1"
    },
    {
        "ASIN": "B01EHW5JYI",
        "title": "Olay Ultimate Eye Cream for Wrinkles, Puffy Eyes + Dark Circles, 0.4oz/13ml",
        "price": "$29.97 ($74.92 / Ounce)",
        "listPrice": "",
        "imageUrl": "https://m.media-amazon.com/images/I/41Vx7qVke4L._SL160_.jpg",
        "detailPageURL": "https://www.amazon.com/dp/B01EHW5JYI",
        "rating": "4.3",
        "totalReviews": "11526",
        "subtitle": "Olay",
        "isPrimeEligible": "1"
    },
    {
        "ASIN": "B01KJGBEYK",
        "title": "Oklahoma Joe's Longhorn Reverse Flow Offset Smoker - 17202053",
        "price": "$799.00",
        "listPrice": "",
        "imageUrl": "https://m.media-amazon.com/images/I/41VdmPXs69L._SL160_.jpg",
        "detailPageURL": "https://www.amazon.com/dp/B01KJGBEYK",
        "rating": "4.5",
        "totalReviews": "413",
        "subtitle": "",
        "isPrimeEligible": "1"
    },
    {
        "ASIN": "B0BS4CHYKY",
        "title": "ILIA - Plant-Based Bright Start Activated Eye Cream | Cruelty-Free, Vegan, Clean Beauty (0.5 oz | 15 ml)",
        "price": "$46.00 ($92.00 / Ounce)",
        "listPrice": "",
        "imageUrl": "https://m.media-amazon.com/images/I/31anywXmNfL._SL160_.jpg",
        "detailPageURL": "https://www.amazon.com/dp/B0BS4CHYKY",
        "rating": "4.4",
        "totalReviews": "43",
        "subtitle": "ILIA",
        "isPrimeEligible": "1"
    },
    {
        "ASIN": "B0084H4HAA",
        "title": "Bee Naturals Queen Best Eye Balm Peeper Keeper - Eyelid Cream Reduces Crows Feet, Wrinkles & Fine Lines - Moisturizes Your Skin - Vitamin E + 10 All Natural Nutrient Oils",
        "price": "$11.98 ($23.96 / Ounce)",
        "listPrice": "",
        "imageUrl": "https://m.media-amazon.com/images/I/315tK8CYwaL._SL160_.jpg",
        "detailPageURL": "https://www.amazon.com/dp/B0084H4HAA",
        "rating": "4.5",
        "totalReviews": "2579",
        "subtitle": "Bee Naturals",
        "isPrimeEligible": "1"
    },
    {
        "ASIN": "B0015Z2XD6",
        "title": "Mario Badescu Hyaluronic Eye Cream Anti Aging for All Skin Types, Under Eye Cream for Dark Circles and Puffiness, Formulated with Hyaluronic Acid & Glycerin, 0.5 Ounce",
        "price": "$18.00 ($36.00 / Ounce)",
        "listPrice": "",
        "imageUrl": "https://m.media-amazon.com/images/I/41aEPcY7mXL._SL160_.jpg",
        "detailPageURL": "https://www.amazon.com/dp/B0015Z2XD6",
        "rating": "4.5",
        "totalReviews": "2144",
        "subtitle": "",
        "isPrimeEligible": "1"
    },
    {
        "ASIN": "B01MDT786Y",
        "title": "Kiehl's Age Defender Eye Repair Cream for Men, 0.5 Ounce",
        "price": "$36.94 ($73.88 / Ounce)",
        "listPrice": "$40.66 ($81.32 / Ounce)",
        "imageUrl": "https://m.media-amazon.com/images/I/51k0hz0mHFL._SL160_.jpg",
        "detailPageURL": "https://www.amazon.com/dp/B01MDT786Y",
        "rating": "4.5",
        "totalReviews": "164",
        "subtitle": "Kiehl's",
        "isPrimeEligible": "1"
    },
    {
        "ASIN": "B07ZZYMWDT",
        "title": "Kiehl's Creamy Eye Treatment with Avocado, 14 g",
        "price": "$30.00 ($61.22 / Ounce)",
        "listPrice": "",
        "imageUrl": "https://m.media-amazon.com/images/I/517liqrIU3L._SL160_.jpg",
        "detailPageURL": "https://www.amazon.com/dp/B07ZZYMWDT",
        "rating": "4.3",
        "totalReviews": "1736",
        "subtitle": "Kiehl's",
        "isPrimeEligible": "0"
    },
    {
        "ASIN": "B09ZB7GDJL",
        "title": "[Haruharu Wonder] Black Rice Bakuchiol Eye Cream 0.67 fl.oz / 20ml | Anti-Aging, Wrinkle Care, Natural Retinol Alternative | Cruelty Free, EWG-Green",
        "price": "$8.99 ($12.84 / Fl Oz)",
        "listPrice": "$15.00 ($21.43 / Fl Oz)",
        "imageUrl": "https://m.media-amazon.com/images/I/317ycxKwdGL._SL160_.jpg",
        "detailPageURL": "https://www.amazon.com/dp/B09ZB7GDJL",
        "rating": "4.4",
        "totalReviews": "506",
        "subtitle": "HARUHARU",
        "isPrimeEligible": "1"
    },
    {
        "ASIN": "B0C7SWZ862",
        "title": "Freeman Restorative Moisturizing & Depuffing Eye Cream + Overnight Leave-On Treatment, For Dull & Tired Eyes, Brightens Undereye Skin, Infused With Magnesium & Hyaluronic Acid, 0.5 fl.oz./ 15 mL Jar",
        "price": "$4.44",
        "listPrice": "$4.97",
        "imageUrl": "https://m.media-amazon.com/images/I/41dJKuGhXrL._SL160_.jpg",
        "detailPageURL": "https://www.amazon.com/dp/B0C7SWZ862",
        "rating": "4.8",
        "totalReviews": "31",
        "subtitle": "FREEMAN",
        "isPrimeEligible": "1"
    },
    {
        "ASIN": "B01EHW5JYI",
        "title": "Olay Ultimate Eye Cream for Wrinkles, Puffy Eyes + Dark Circles, 0.4oz/13ml",
        "price": "$29.97 ($74.92 / Ounce)",
        "listPrice": "",
        "imageUrl": "https://m.media-amazon.com/images/I/41Vx7qVke4L._SL160_.jpg",
        "detailPageURL": "https://www.amazon.com/dp/B01EHW5JYI",
        "rating": "4.3",
        "totalReviews": "11526",
        "subtitle": "Olay",
        "isPrimeEligible": "1"
    },
    {
        "ASIN": "B01KJGBEYK",
        "title": "Oklahoma Joe's Longhorn Reverse Flow Offset Smoker - 17202053",
        "price": "$799.00",
        "listPrice": "",
        "imageUrl": "https://m.media-amazon.com/images/I/41VdmPXs69L._SL160_.jpg",
        "detailPageURL": "https://www.amazon.com/dp/B01KJGBEYK",
        "rating": "4.5",
        "totalReviews": "413",
        "subtitle": "",
        "isPrimeEligible": "1"
    },
    {
        "ASIN": "B0BS4CHYKY",
        "title": "ILIA - Plant-Based Bright Start Activated Eye Cream | Cruelty-Free, Vegan, Clean Beauty (0.5 oz | 15 ml)",
        "price": "$46.00 ($92.00 / Ounce)",
        "listPrice": "",
        "imageUrl": "https://m.media-amazon.com/images/I/31anywXmNfL._SL160_.jpg",
        "detailPageURL": "https://www.amazon.com/dp/B0BS4CHYKY",
        "rating": "4.4",
        "totalReviews": "43",
        "subtitle": "ILIA",
        "isPrimeEligible": "1"
    },
    {
        "ASIN": "B0084H4HAA",
        "title": "Bee Naturals Queen Best Eye Balm Peeper Keeper - Eyelid Cream Reduces Crows Feet, Wrinkles & Fine Lines - Moisturizes Your Skin - Vitamin E + 10 All Natural Nutrient Oils",
        "price": "$11.98 ($23.96 / Ounce)",
        "listPrice": "",
        "imageUrl": "https://m.media-amazon.com/images/I/315tK8CYwaL._SL160_.jpg",
        "detailPageURL": "https://www.amazon.com/dp/B0084H4HAA",
        "rating": "4.5",
        "totalReviews": "2579",
        "subtitle": "Bee Naturals",
        "isPrimeEligible": "1"
    },
    {
        "ASIN": "B0015Z2XD6",
        "title": "Mario Badescu Hyaluronic Eye Cream Anti Aging for All Skin Types, Under Eye Cream for Dark Circles and Puffiness, Formulated with Hyaluronic Acid & Glycerin, 0.5 Ounce",
        "price": "$18.00 ($36.00 / Ounce)",
        "listPrice": "",
        "imageUrl": "https://m.media-amazon.com/images/I/41aEPcY7mXL._SL160_.jpg",
        "detailPageURL": "https://www.amazon.com/dp/B0015Z2XD6",
        "rating": "4.5",
        "totalReviews": "2144",
        "subtitle": "",
        "isPrimeEligible": "1"
    },
    {
        "ASIN": "B01MDT786Y",
        "title": "Kiehl's Age Defender Eye Repair Cream for Men, 0.5 Ounce",
        "price": "$36.94 ($73.88 / Ounce)",
        "listPrice": "$40.66 ($81.32 / Ounce)",
        "imageUrl": "https://m.media-amazon.com/images/I/51k0hz0mHFL._SL160_.jpg",
        "detailPageURL": "https://www.amazon.com/dp/B01MDT786Y",
        "rating": "4.5",
        "totalReviews": "164",
        "subtitle": "Kiehl's",
        "isPrimeEligible": "1"
    },
    {
        "ASIN": "B07ZZYMWDT",
        "title": "Kiehl's Creamy Eye Treatment with Avocado, 14 g",
        "price": "$30.00 ($61.22 / Ounce)",
        "listPrice": "",
        "imageUrl": "https://m.media-amazon.com/images/I/517liqrIU3L._SL160_.jpg",
        "detailPageURL": "https://www.amazon.com/dp/B07ZZYMWDT",
        "rating": "4.3",
        "totalReviews": "1736",
        "subtitle": "Kiehl's",
        "isPrimeEligible": "0"
    },
    {
        "ASIN": "B08HDKX9FS",
        "title": "First Aid Beauty Eye Duty Niacinamide Brightening Cream, Illuminating Eye Cream for Dark Circles and Puffiness, 0.5 oz.",
        "price": "$26.94 ($53.88 / Fl Oz)",
        "listPrice": "$30.00 ($60.00 / Fl Oz)",
        "imageUrl": "https://m.media-amazon.com/images/I/41u6B42r49L._SL160_.jpg",
        "detailPageURL": "https://www.amazon.com/dp/B08HDKX9FS",
        "rating": "4.3",
        "totalReviews": "1069",
        "subtitle": "First Aid Beauty",
        "isPrimeEligible": "1"
    },
    {
        "ASIN": "B0C7SWZ862",
        "title": "Freeman Restorative Moisturizing & Depuffing Eye Cream + Overnight Leave-On Treatment, For Dull & Tired Eyes, Brightens Undereye Skin, Infused With Magnesium & Hyaluronic Acid, 0.5 fl.oz./ 15 mL Jar",
        "price": "$4.44",
        "listPrice": "$4.97",
        "imageUrl": "https://m.media-amazon.com/images/I/41dJKuGhXrL._SL160_.jpg",
        "detailPageURL": "https://www.amazon.com/dp/B0C7SWZ862",
        "rating": "4.8",
        "totalReviews": "31",
        "subtitle": "FREEMAN",
        "isPrimeEligible": "1"
    },
    {
        "ASIN": "B01EHW5JYI",
        "title": "Olay Ultimate Eye Cream for Wrinkles, Puffy Eyes + Dark Circles, 0.4oz/13ml",
        "price": "$29.97 ($74.92 / Ounce)",
        "listPrice": "",
        "imageUrl": "https://m.media-amazon.com/images/I/41Vx7qVke4L._SL160_.jpg",
        "detailPageURL": "https://www.amazon.com/dp/B01EHW5JYI",
        "rating": "4.3",
        "totalReviews": "11526",
        "subtitle": "Olay",
        "isPrimeEligible": "1"
    },
    {
        "ASIN": "B01KJGBEYK",
        "title": "Oklahoma Joe's Longhorn Reverse Flow Offset Smoker - 17202053",
        "price": "$799.00",
        "listPrice": "",
        "imageUrl": "https://m.media-amazon.com/images/I/41VdmPXs69L._SL160_.jpg",
        "detailPageURL": "https://www.amazon.com/dp/B01KJGBEYK",
        "rating": "4.5",
        "totalReviews": "413",
        "subtitle": "",
        "isPrimeEligible": "1"
    },
    {
        "ASIN": "B0BS4CHYKY",
        "title": "ILIA - Plant-Based Bright Start Activated Eye Cream | Cruelty-Free, Vegan, Clean Beauty (0.5 oz | 15 ml)",
        "price": "$46.00 ($92.00 / Ounce)",
        "listPrice": "",
        "imageUrl": "https://m.media-amazon.com/images/I/31anywXmNfL._SL160_.jpg",
        "detailPageURL": "https://www.amazon.com/dp/B0BS4CHYKY",
        "rating": "4.4",
        "totalReviews": "43",
        "subtitle": "ILIA",
        "isPrimeEligible": "1"
    },
    {
        "ASIN": "B0084H4HAA",
        "title": "Bee Naturals Queen Best Eye Balm Peeper Keeper - Eyelid Cream Reduces Crows Feet, Wrinkles & Fine Lines - Moisturizes Your Skin - Vitamin E + 10 All Natural Nutrient Oils",
        "price": "$11.98 ($23.96 / Ounce)",
        "listPrice": "",
        "imageUrl": "https://m.media-amazon.com/images/I/315tK8CYwaL._SL160_.jpg",
        "detailPageURL": "https://www.amazon.com/dp/B0084H4HAA",
        "rating": "4.5",
        "totalReviews": "2579",
        "subtitle": "Bee Naturals",
        "isPrimeEligible": "1"
    },
    {
        "ASIN": "B0015Z2XD6",
        "title": "Mario Badescu Hyaluronic Eye Cream Anti Aging for All Skin Types, Under Eye Cream for Dark Circles and Puffiness, Formulated with Hyaluronic Acid & Glycerin, 0.5 Ounce",
        "price": "$18.00 ($36.00 / Ounce)",
        "listPrice": "",
        "imageUrl": "https://m.media-amazon.com/images/I/41aEPcY7mXL._SL160_.jpg",
        "detailPageURL": "https://www.amazon.com/dp/B0015Z2XD6",
        "rating": "4.5",
        "totalReviews": "2144",
        "subtitle": "",
        "isPrimeEligible": "1"
    },
    {
        "ASIN": "B01MDT786Y",
        "title": "Kiehl's Age Defender Eye Repair Cream for Men, 0.5 Ounce",
        "price": "$36.94 ($73.88 / Ounce)",
        "listPrice": "$40.66 ($81.32 / Ounce)",
        "imageUrl": "https://m.media-amazon.com/images/I/51k0hz0mHFL._SL160_.jpg",
        "detailPageURL": "https://www.amazon.com/dp/B01MDT786Y",
        "rating": "4.5",
        "totalReviews": "164",
        "subtitle": "Kiehl's",
        "isPrimeEligible": "1"
    },
    {
        "ASIN": "B07ZZYMWDT",
        "title": "Kiehl's Creamy Eye Treatment with Avocado, 14 g",
        "price": "$30.00 ($61.22 / Ounce)",
        "listPrice": "",
        "imageUrl": "https://m.media-amazon.com/images/I/517liqrIU3L._SL160_.jpg",
        "detailPageURL": "https://www.amazon.com/dp/B07ZZYMWDT",
        "rating": "4.3",
        "totalReviews": "1736",
        "subtitle": "Kiehl's",
        "isPrimeEligible": "0"
    },
    {
        "ASIN": "B08HDKX9FS",
        "title": "First Aid Beauty Eye Duty Niacinamide Brightening Cream, Illuminating Eye Cream for Dark Circles and Puffiness, 0.5 oz.",
        "price": "$26.94 ($53.88 / Fl Oz)",
        "listPrice": "$30.00 ($60.00 / Fl Oz)",
        "imageUrl": "https://m.media-amazon.com/images/I/41u6B42r49L._SL160_.jpg",
        "detailPageURL": "https://www.amazon.com/dp/B08HDKX9FS",
        "rating": "4.3",
        "totalReviews": "1069",
        "subtitle": "First Aid Beauty",
        "isPrimeEligible": "1"
    },
    {
        "ASIN": "B0927XD98Q",
        "title": "Estee Lauder Resilience Multi-Effect Tri-Peptide Eye Cream, 0.5 oz Full Size, Unscented & All Skin Types",
        "price": "$24.99 ($49.98 / Ounce)",
        "listPrice": "$30.00 ($60.00 / Ounce)",
        "imageUrl": "https://m.media-amazon.com/images/I/51MJAHhhMwL._SL160_.jpg",
        "detailPageURL": "https://www.amazon.com/dp/B0927XD98Q",
        "rating": "4.6",
        "totalReviews": "583",
        "subtitle": "Estee Lauder",
        "isPrimeEligible": "0"
    },
    {
        "ASIN": "B01EHW5JYI",
        "title": "Olay Ultimate Eye Cream for Wrinkles, Puffy Eyes + Dark Circles, 0.4oz/13ml",
        "price": "$29.97 ($74.92 / Ounce)",
        "listPrice": "",
        "imageUrl": "https://m.media-amazon.com/images/I/41Vx7qVke4L._SL160_.jpg",
        "detailPageURL": "https://www.amazon.com/dp/B01EHW5JYI",
        "rating": "4.3",
        "totalReviews": "11526",
        "subtitle": "Olay",
        "isPrimeEligible": "1"
    },
    {
        "ASIN": "B01KJGBEYK",
        "title": "Oklahoma Joe's Longhorn Reverse Flow Offset Smoker - 17202053",
        "price": "$799.00",
        "listPrice": "",
        "imageUrl": "https://m.media-amazon.com/images/I/41VdmPXs69L._SL160_.jpg",
        "detailPageURL": "https://www.amazon.com/dp/B01KJGBEYK",
        "rating": "4.5",
        "totalReviews": "413",
        "subtitle": "",
        "isPrimeEligible": "1"
    },
    {
        "ASIN": "B0BS4CHYKY",
        "title": "ILIA - Plant-Based Bright Start Activated Eye Cream | Cruelty-Free, Vegan, Clean Beauty (0.5 oz | 15 ml)",
        "price": "$46.00 ($92.00 / Ounce)",
        "listPrice": "",
        "imageUrl": "https://m.media-amazon.com/images/I/31anywXmNfL._SL160_.jpg",
        "detailPageURL": "https://www.amazon.com/dp/B0BS4CHYKY",
        "rating": "4.4",
        "totalReviews": "43",
        "subtitle": "ILIA",
        "isPrimeEligible": "1"
    },
    {
        "ASIN": "B0084H4HAA",
        "title": "Bee Naturals Queen Best Eye Balm Peeper Keeper - Eyelid Cream Reduces Crows Feet, Wrinkles & Fine Lines - Moisturizes Your Skin - Vitamin E + 10 All Natural Nutrient Oils",
        "price": "$11.98 ($23.96 / Ounce)",
        "listPrice": "",
        "imageUrl": "https://m.media-amazon.com/images/I/315tK8CYwaL._SL160_.jpg",
        "detailPageURL": "https://www.amazon.com/dp/B0084H4HAA",
        "rating": "4.5",
        "totalReviews": "2579",
        "subtitle": "Bee Naturals",
        "isPrimeEligible": "1"
    },
    {
        "ASIN": "B0015Z2XD6",
        "title": "Mario Badescu Hyaluronic Eye Cream Anti Aging for All Skin Types, Under Eye Cream for Dark Circles and Puffiness, Formulated with Hyaluronic Acid & Glycerin, 0.5 Ounce",
        "price": "$18.00 ($36.00 / Ounce)",
        "listPrice": "",
        "imageUrl": "https://m.media-amazon.com/images/I/41aEPcY7mXL._SL160_.jpg",
        "detailPageURL": "https://www.amazon.com/dp/B0015Z2XD6",
        "rating": "4.5",
        "totalReviews": "2144",
        "subtitle": "",
        "isPrimeEligible": "1"
    },
    {
        "ASIN": "B01MDT786Y",
        "title": "Kiehl's Age Defender Eye Repair Cream for Men, 0.5 Ounce",
        "price": "$36.94 ($73.88 / Ounce)",
        "listPrice": "$40.66 ($81.32 / Ounce)",
        "imageUrl": "https://m.media-amazon.com/images/I/51k0hz0mHFL._SL160_.jpg",
        "detailPageURL": "https://www.amazon.com/dp/B01MDT786Y",
        "rating": "4.5",
        "totalReviews": "164",
        "subtitle": "Kiehl's",
        "isPrimeEligible": "1"
    },
    {
        "ASIN": "B07ZZYMWDT",
        "title": "Kiehl's Creamy Eye Treatment with Avocado, 14 g",
        "price": "$30.00 ($61.22 / Ounce)",
        "listPrice": "",
        "imageUrl": "https://m.media-amazon.com/images/I/517liqrIU3L._SL160_.jpg",
        "detailPageURL": "https://www.amazon.com/dp/B07ZZYMWDT",
        "rating": "4.3",
        "totalReviews": "1736",
        "subtitle": "Kiehl's",
        "isPrimeEligible": "0"
    },
    {
        "ASIN": "B08HDKX9FS",
        "title": "First Aid Beauty Eye Duty Niacinamide Brightening Cream, Illuminating Eye Cream for Dark Circles and Puffiness, 0.5 oz.",
        "price": "$26.94 ($53.88 / Fl Oz)",
        "listPrice": "$30.00 ($60.00 / Fl Oz)",
        "imageUrl": "https://m.media-amazon.com/images/I/41u6B42r49L._SL160_.jpg",
        "detailPageURL": "https://www.amazon.com/dp/B08HDKX9FS",
        "rating": "4.3",
        "totalReviews": "1069",
        "subtitle": "First Aid Beauty",
        "isPrimeEligible": "1"
    },
    {
        "ASIN": "B0927XD98Q",
        "title": "Estee Lauder Resilience Multi-Effect Tri-Peptide Eye Cream, 0.5 oz Full Size, Unscented & All Skin Types",
        "price": "$24.99 ($49.98 / Ounce)",
        "listPrice": "$30.00 ($60.00 / Ounce)",
        "imageUrl": "https://m.media-amazon.com/images/I/51MJAHhhMwL._SL160_.jpg",
        "detailPageURL": "https://www.amazon.com/dp/B0927XD98Q",
        "rating": "4.6",
        "totalReviews": "583",
        "subtitle": "Estee Lauder",
        "isPrimeEligible": "0"
    },
    {
        "ASIN": "B09KHK2BM1",
        "title": "Naturium Multi-Peptide Eye Cream Plus Squalene & Hyaluronic Acid, Smoothing & Anti-Aging Skincare, 0.5 oz",
        "price": "$15.99 ($32.15 / Ounce)",
        "listPrice": "",
        "imageUrl": "https://m.media-amazon.com/images/I/31FG1xtHDpL._SL160_.jpg",
        "detailPageURL": "https://www.amazon.com/dp/B09KHK2BM1",
        "rating": "4.5",
        "totalReviews": "323",
        "subtitle": "Naturium",
        "isPrimeEligible": "1"
    },
    {
        "ASIN": "B01KJGBEYK",
        "title": "Oklahoma Joe's Longhorn Reverse Flow Offset Smoker - 17202053",
        "price": "$799.00",
        "listPrice": "",
        "imageUrl": "https://m.media-amazon.com/images/I/41VdmPXs69L._SL160_.jpg",
        "detailPageURL": "https://www.amazon.com/dp/B01KJGBEYK",
        "rating": "4.5",
        "totalReviews": "413",
        "subtitle": "",
        "isPrimeEligible": "1"
    },
    {
        "ASIN": "B0BS4CHYKY",
        "title": "ILIA - Plant-Based Bright Start Activated Eye Cream | Cruelty-Free, Vegan, Clean Beauty (0.5 oz | 15 ml)",
        "price": "$46.00 ($92.00 / Ounce)",
        "listPrice": "",
        "imageUrl": "https://m.media-amazon.com/images/I/31anywXmNfL._SL160_.jpg",
        "detailPageURL": "https://www.amazon.com/dp/B0BS4CHYKY",
        "rating": "4.4",
        "totalReviews": "43",
        "subtitle": "ILIA",
        "isPrimeEligible": "1"
    },
    {
        "ASIN": "B0084H4HAA",
        "title": "Bee Naturals Queen Best Eye Balm Peeper Keeper - Eyelid Cream Reduces Crows Feet, Wrinkles & Fine Lines - Moisturizes Your Skin - Vitamin E + 10 All Natural Nutrient Oils",
        "price": "$11.98 ($23.96 / Ounce)",
        "listPrice": "",
        "imageUrl": "https://m.media-amazon.com/images/I/315tK8CYwaL._SL160_.jpg",
        "detailPageURL": "https://www.amazon.com/dp/B0084H4HAA",
        "rating": "4.5",
        "totalReviews": "2579",
        "subtitle": "Bee Naturals",
        "isPrimeEligible": "1"
    },
    {
        "ASIN": "B0015Z2XD6",
        "title": "Mario Badescu Hyaluronic Eye Cream Anti Aging for All Skin Types, Under Eye Cream for Dark Circles and Puffiness, Formulated with Hyaluronic Acid & Glycerin, 0.5 Ounce",
        "price": "$18.00 ($36.00 / Ounce)",
        "listPrice": "",
        "imageUrl": "https://m.media-amazon.com/images/I/41aEPcY7mXL._SL160_.jpg",
        "detailPageURL": "https://www.amazon.com/dp/B0015Z2XD6",
        "rating": "4.5",
        "totalReviews": "2144",
        "subtitle": "",
        "isPrimeEligible": "1"
    },
    {
        "ASIN": "B01MDT786Y",
        "title": "Kiehl's Age Defender Eye Repair Cream for Men, 0.5 Ounce",
        "price": "$36.94 ($73.88 / Ounce)",
        "listPrice": "$40.66 ($81.32 / Ounce)",
        "imageUrl": "https://m.media-amazon.com/images/I/51k0hz0mHFL._SL160_.jpg",
        "detailPageURL": "https://www.amazon.com/dp/B01MDT786Y",
        "rating": "4.5",
        "totalReviews": "164",
        "subtitle": "Kiehl's",
        "isPrimeEligible": "1"
    },
    {
        "ASIN": "B07ZZYMWDT",
        "title": "Kiehl's Creamy Eye Treatment with Avocado, 14 g",
        "price": "$30.00 ($61.22 / Ounce)",
        "listPrice": "",
        "imageUrl": "https://m.media-amazon.com/images/I/517liqrIU3L._SL160_.jpg",
        "detailPageURL": "https://www.amazon.com/dp/B07ZZYMWDT",
        "rating": "4.3",
        "totalReviews": "1736",
        "subtitle": "Kiehl's",
        "isPrimeEligible": "0"
    },
    {
        "ASIN": "B08HDKX9FS",
        "title": "First Aid Beauty Eye Duty Niacinamide Brightening Cream, Illuminating Eye Cream for Dark Circles and Puffiness, 0.5 oz.",
        "price": "$26.94 ($53.88 / Fl Oz)",
        "listPrice": "$30.00 ($60.00 / Fl Oz)",
        "imageUrl": "https://m.media-amazon.com/images/I/41u6B42r49L._SL160_.jpg",
        "detailPageURL": "https://www.amazon.com/dp/B08HDKX9FS",
        "rating": "4.3",
        "totalReviews": "1069",
        "subtitle": "First Aid Beauty",
        "isPrimeEligible": "1"
    },
    {
        "ASIN": "B0927XD98Q",
        "title": "Estee Lauder Resilience Multi-Effect Tri-Peptide Eye Cream, 0.5 oz Full Size, Unscented & All Skin Types",
        "price": "$24.99 ($49.98 / Ounce)",
        "listPrice": "$30.00 ($60.00 / Ounce)",
        "imageUrl": "https://m.media-amazon.com/images/I/51MJAHhhMwL._SL160_.jpg",
        "detailPageURL": "https://www.amazon.com/dp/B0927XD98Q",
        "rating": "4.6",
        "totalReviews": "583",
        "subtitle": "Estee Lauder",
        "isPrimeEligible": "0"
    },
    {
        "ASIN": "B09KHK2BM1",
        "title": "Naturium Multi-Peptide Eye Cream Plus Squalene & Hyaluronic Acid, Smoothing & Anti-Aging Skincare, 0.5 oz",
        "price": "$15.99 ($32.15 / Ounce)",
        "listPrice": "",
        "imageUrl": "https://m.media-amazon.com/images/I/31FG1xtHDpL._SL160_.jpg",
        "detailPageURL": "https://www.amazon.com/dp/B09KHK2BM1",
        "rating": "4.5",
        "totalReviews": "323",
        "subtitle": "Naturium",
        "isPrimeEligible": "1"
    },
    {
        "ASIN": "B08X699SNK",
        "title": "Neutrogena Rapid Firming Peptide Eye Cream: Depuffing, Brightening, Hydrating, Fragrance-Free, 0.5 fl. oz",
        "price": "$16.99 ($33.98 / Fl Oz)",
        "listPrice": "$46.69 ($93.38 / Fl Oz)",
        "imageUrl": "https://m.media-amazon.com/images/I/31Mk9usjaBL._SL160_.jpg",
        "detailPageURL": "https://www.amazon.com/dp/B08X699SNK",
        "rating": "4.3",
        "totalReviews": "6171",
        "subtitle": "Neutrogena",
        "isPrimeEligible": "1"
    },
    {
        "ASIN": "B0BS4CHYKY",
        "title": "ILIA - Plant-Based Bright Start Activated Eye Cream | Cruelty-Free, Vegan, Clean Beauty (0.5 oz | 15 ml)",
        "price": "$46.00 ($92.00 / Ounce)",
        "listPrice": "",
        "imageUrl": "https://m.media-amazon.com/images/I/31anywXmNfL._SL160_.jpg",
        "detailPageURL": "https://www.amazon.com/dp/B0BS4CHYKY",
        "rating": "4.4",
        "totalReviews": "43",
        "subtitle": "ILIA",
        "isPrimeEligible": "1"
    },
    {
        "ASIN": "B0084H4HAA",
        "title": "Bee Naturals Queen Best Eye Balm Peeper Keeper - Eyelid Cream Reduces Crows Feet, Wrinkles & Fine Lines - Moisturizes Your Skin - Vitamin E + 10 All Natural Nutrient Oils",
        "price": "$11.98 ($23.96 / Ounce)",
        "listPrice": "",
        "imageUrl": "https://m.media-amazon.com/images/I/315tK8CYwaL._SL160_.jpg",
        "detailPageURL": "https://www.amazon.com/dp/B0084H4HAA",
        "rating": "4.5",
        "totalReviews": "2579",
        "subtitle": "Bee Naturals",
        "isPrimeEligible": "1"
    },
    {
        "ASIN": "B0015Z2XD6",
        "title": "Mario Badescu Hyaluronic Eye Cream Anti Aging for All Skin Types, Under Eye Cream for Dark Circles and Puffiness, Formulated with Hyaluronic Acid & Glycerin, 0.5 Ounce",
        "price": "$18.00 ($36.00 / Ounce)",
        "listPrice": "",
        "imageUrl": "https://m.media-amazon.com/images/I/41aEPcY7mXL._SL160_.jpg",
        "detailPageURL": "https://www.amazon.com/dp/B0015Z2XD6",
        "rating": "4.5",
        "totalReviews": "2144",
        "subtitle": "",
        "isPrimeEligible": "1"
    },
    {
        "ASIN": "B01MDT786Y",
        "title": "Kiehl's Age Defender Eye Repair Cream for Men, 0.5 Ounce",
        "price": "$36.94 ($73.88 / Ounce)",
        "listPrice": "$40.66 ($81.32 / Ounce)",
        "imageUrl": "https://m.media-amazon.com/images/I/51k0hz0mHFL._SL160_.jpg",
        "detailPageURL": "https://www.amazon.com/dp/B01MDT786Y",
        "rating": "4.5",
        "totalReviews": "164",
        "subtitle": "Kiehl's",
        "isPrimeEligible": "1"
    },
    {
        "ASIN": "B07ZZYMWDT",
        "title": "Kiehl's Creamy Eye Treatment with Avocado, 14 g",
        "price": "$30.00 ($61.22 / Ounce)",
        "listPrice": "",
        "imageUrl": "https://m.media-amazon.com/images/I/517liqrIU3L._SL160_.jpg",
        "detailPageURL": "https://www.amazon.com/dp/B07ZZYMWDT",
        "rating": "4.3",
        "totalReviews": "1736",
        "subtitle": "Kiehl's",
        "isPrimeEligible": "0"
    },
    {
        "ASIN": "B08HDKX9FS",
        "title": "First Aid Beauty Eye Duty Niacinamide Brightening Cream, Illuminating Eye Cream for Dark Circles and Puffiness, 0.5 oz.",
        "price": "$26.94 ($53.88 / Fl Oz)",
        "listPrice": "$30.00 ($60.00 / Fl Oz)",
        "imageUrl": "https://m.media-amazon.com/images/I/41u6B42r49L._SL160_.jpg",
        "detailPageURL": "https://www.amazon.com/dp/B08HDKX9FS",
        "rating": "4.3",
        "totalReviews": "1069",
        "subtitle": "First Aid Beauty",
        "isPrimeEligible": "1"
    },
    {
        "ASIN": "B0927XD98Q",
        "title": "Estee Lauder Resilience Multi-Effect Tri-Peptide Eye Cream, 0.5 oz Full Size, Unscented & All Skin Types",
        "price": "$24.99 ($49.98 / Ounce)",
        "listPrice": "$30.00 ($60.00 / Ounce)",
        "imageUrl": "https://m.media-amazon.com/images/I/51MJAHhhMwL._SL160_.jpg",
        "detailPageURL": "https://www.amazon.com/dp/B0927XD98Q",
        "rating": "4.6",
        "totalReviews": "583",
        "subtitle": "Estee Lauder",
        "isPrimeEligible": "0"
    },
    {
        "ASIN": "B09KHK2BM1",
        "title": "Naturium Multi-Peptide Eye Cream Plus Squalene & Hyaluronic Acid, Smoothing & Anti-Aging Skincare, 0.5 oz",
        "price": "$15.99 ($32.15 / Ounce)",
        "listPrice": "",
        "imageUrl": "https://m.media-amazon.com/images/I/31FG1xtHDpL._SL160_.jpg",
        "detailPageURL": "https://www.amazon.com/dp/B09KHK2BM1",
        "rating": "4.5",
        "totalReviews": "323",
        "subtitle": "Naturium",
        "isPrimeEligible": "1"
    },
    {
        "ASIN": "B08X699SNK",
        "title": "Neutrogena Rapid Firming Peptide Eye Cream: Depuffing, Brightening, Hydrating, Fragrance-Free, 0.5 fl. oz",
        "price": "$16.99 ($33.98 / Fl Oz)",
        "listPrice": "$46.69 ($93.38 / Fl Oz)",
        "imageUrl": "https://m.media-amazon.com/images/I/31Mk9usjaBL._SL160_.jpg",
        "detailPageURL": "https://www.amazon.com/dp/B08X699SNK",
        "rating": "4.3",
        "totalReviews": "6171",
        "subtitle": "Neutrogena",
        "isPrimeEligible": "1"
    },
    {
        "ASIN": "B00FZVX5EC",
        "title": "Le Mieux Eye Wrinkle Corrector Cream - Hyaluronic Acid Moisturizer for Eyes with 7 Potent Peptides & Amino Acids, Under Eye Corrector Cream (0.5 oz / 15 ml)",
        "price": "$36.00 ($72.00 / Fl Oz)",
        "listPrice": "$48.00 ($96.00 / Fl Oz)",
        "imageUrl": "https://m.media-amazon.com/images/I/31oCdFxFzNL._SL160_.jpg",
        "detailPageURL": "https://www.amazon.com/dp/B00FZVX5EC",
        "rating": "4.7",
        "totalReviews": "203",
        "subtitle": "Le Mieux",
        "isPrimeEligible": "1"
    },
    {
        "ASIN": "B0084H4HAA",
        "title": "Bee Naturals Queen Best Eye Balm Peeper Keeper - Eyelid Cream Reduces Crows Feet, Wrinkles & Fine Lines - Moisturizes Your Skin - Vitamin E + 10 All Natural Nutrient Oils",
        "price": "$11.98 ($23.96 / Ounce)",
        "listPrice": "",
        "imageUrl": "https://m.media-amazon.com/images/I/315tK8CYwaL._SL160_.jpg",
        "detailPageURL": "https://www.amazon.com/dp/B0084H4HAA",
        "rating": "4.5",
        "totalReviews": "2579",
        "subtitle": "Bee Naturals",
        "isPrimeEligible": "1"
    },
    {
        "ASIN": "B0015Z2XD6",
        "title": "Mario Badescu Hyaluronic Eye Cream Anti Aging for All Skin Types, Under Eye Cream for Dark Circles and Puffiness, Formulated with Hyaluronic Acid & Glycerin, 0.5 Ounce",
        "price": "$18.00 ($36.00 / Ounce)",
        "listPrice": "",
        "imageUrl": "https://m.media-amazon.com/images/I/41aEPcY7mXL._SL160_.jpg",
        "detailPageURL": "https://www.amazon.com/dp/B0015Z2XD6",
        "rating": "4.5",
        "totalReviews": "2144",
        "subtitle": "",
        "isPrimeEligible": "1"
    },
    {
        "ASIN": "B01MDT786Y",
        "title": "Kiehl's Age Defender Eye Repair Cream for Men, 0.5 Ounce",
        "price": "$36.94 ($73.88 / Ounce)",
        "listPrice": "$40.66 ($81.32 / Ounce)",
        "imageUrl": "https://m.media-amazon.com/images/I/51k0hz0mHFL._SL160_.jpg",
        "detailPageURL": "https://www.amazon.com/dp/B01MDT786Y",
        "rating": "4.5",
        "totalReviews": "164",
        "subtitle": "Kiehl's",
        "isPrimeEligible": "1"
    },
    {
        "ASIN": "B07ZZYMWDT",
        "title": "Kiehl's Creamy Eye Treatment with Avocado, 14 g",
        "price": "$30.00 ($61.22 / Ounce)",
        "listPrice": "",
        "imageUrl": "https://m.media-amazon.com/images/I/517liqrIU3L._SL160_.jpg",
        "detailPageURL": "https://www.amazon.com/dp/B07ZZYMWDT",
        "rating": "4.3",
        "totalReviews": "1736",
        "subtitle": "Kiehl's",
        "isPrimeEligible": "0"
    },
    {
        "ASIN": "B08HDKX9FS",
        "title": "First Aid Beauty Eye Duty Niacinamide Brightening Cream, Illuminating Eye Cream for Dark Circles and Puffiness, 0.5 oz.",
        "price": "$26.94 ($53.88 / Fl Oz)",
        "listPrice": "$30.00 ($60.00 / Fl Oz)",
        "imageUrl": "https://m.media-amazon.com/images/I/41u6B42r49L._SL160_.jpg",
        "detailPageURL": "https://www.amazon.com/dp/B08HDKX9FS",
        "rating": "4.3",
        "totalReviews": "1069",
        "subtitle": "First Aid Beauty",
        "isPrimeEligible": "1"
    },
    {
        "ASIN": "B0927XD98Q",
        "title": "Estee Lauder Resilience Multi-Effect Tri-Peptide Eye Cream, 0.5 oz Full Size, Unscented & All Skin Types",
        "price": "$24.99 ($49.98 / Ounce)",
        "listPrice": "$30.00 ($60.00 / Ounce)",
        "imageUrl": "https://m.media-amazon.com/images/I/51MJAHhhMwL._SL160_.jpg",
        "detailPageURL": "https://www.amazon.com/dp/B0927XD98Q",
        "rating": "4.6",
        "totalReviews": "583",
        "subtitle": "Estee Lauder",
        "isPrimeEligible": "0"
    },
    {
        "ASIN": "B09KHK2BM1",
        "title": "Naturium Multi-Peptide Eye Cream Plus Squalene & Hyaluronic Acid, Smoothing & Anti-Aging Skincare, 0.5 oz",
        "price": "$15.99 ($32.15 / Ounce)",
        "listPrice": "",
        "imageUrl": "https://m.media-amazon.com/images/I/31FG1xtHDpL._SL160_.jpg",
        "detailPageURL": "https://www.amazon.com/dp/B09KHK2BM1",
        "rating": "4.5",
        "totalReviews": "323",
        "subtitle": "Naturium",
        "isPrimeEligible": "1"
    },
    {
        "ASIN": "B08X699SNK",
        "title": "Neutrogena Rapid Firming Peptide Eye Cream: Depuffing, Brightening, Hydrating, Fragrance-Free, 0.5 fl. oz",
        "price": "$16.99 ($33.98 / Fl Oz)",
        "listPrice": "$46.69 ($93.38 / Fl Oz)",
        "imageUrl": "https://m.media-amazon.com/images/I/31Mk9usjaBL._SL160_.jpg",
        "detailPageURL": "https://www.amazon.com/dp/B08X699SNK",
        "rating": "4.3",
        "totalReviews": "6171",
        "subtitle": "Neutrogena",
        "isPrimeEligible": "1"
    },
    {
        "ASIN": "B00FZVX5EC",
        "title": "Le Mieux Eye Wrinkle Corrector Cream - Hyaluronic Acid Moisturizer for Eyes with 7 Potent Peptides & Amino Acids, Under Eye Corrector Cream (0.5 oz / 15 ml)",
        "price": "$36.00 ($72.00 / Fl Oz)",
        "listPrice": "$48.00 ($96.00 / Fl Oz)",
        "imageUrl": "https://m.media-amazon.com/images/I/31oCdFxFzNL._SL160_.jpg",
        "detailPageURL": "https://www.amazon.com/dp/B00FZVX5EC",
        "rating": "4.7",
        "totalReviews": "203",
        "subtitle": "Le Mieux",
        "isPrimeEligible": "1"
    },
    {
        "ASIN": "B00CWY8O1O",
        "title": "RoC Multi Correxion 5 in 1 Anti-Aging Eye Cream for Puffiness, Under Eye Bags & Dark Circles, Skin Care Treatment with Shea Butter, 0.5 Fl Oz (Packaging May Vary)",
        "price": "$18.99 ($37.98 / Fl Oz)",
        "listPrice": "$29.99 ($59.98 / Fl Oz)",
        "imageUrl": "https://m.media-amazon.com/images/I/41qh7sMFeqL._SL160_.jpg",
        "detailPageURL": "https://www.amazon.com/dp/B00CWY8O1O",
        "rating": "4.3",
        "totalReviews": "7131",
        "subtitle": "RoC",
        "isPrimeEligible": "1"
    },
    {
        "ASIN": "B0015Z2XD6",
        "title": "Mario Badescu Hyaluronic Eye Cream Anti Aging for All Skin Types, Under Eye Cream for Dark Circles and Puffiness, Formulated with Hyaluronic Acid & Glycerin, 0.5 Ounce",
        "price": "$18.00 ($36.00 / Ounce)",
        "listPrice": "",
        "imageUrl": "https://m.media-amazon.com/images/I/41aEPcY7mXL._SL160_.jpg",
        "detailPageURL": "https://www.amazon.com/dp/B0015Z2XD6",
        "rating": "4.5",
        "totalReviews": "2144",
        "subtitle": "",
        "isPrimeEligible": "1"
    },
    {
        "ASIN": "B01MDT786Y",
        "title": "Kiehl's Age Defender Eye Repair Cream for Men, 0.5 Ounce",
        "price": "$36.94 ($73.88 / Ounce)",
        "listPrice": "$40.66 ($81.32 / Ounce)",
        "imageUrl": "https://m.media-amazon.com/images/I/51k0hz0mHFL._SL160_.jpg",
        "detailPageURL": "https://www.amazon.com/dp/B01MDT786Y",
        "rating": "4.5",
        "totalReviews": "164",
        "subtitle": "Kiehl's",
        "isPrimeEligible": "1"
    },
    {
        "ASIN": "B07ZZYMWDT",
        "title": "Kiehl's Creamy Eye Treatment with Avocado, 14 g",
        "price": "$30.00 ($61.22 / Ounce)",
        "listPrice": "",
        "imageUrl": "https://m.media-amazon.com/images/I/517liqrIU3L._SL160_.jpg",
        "detailPageURL": "https://www.amazon.com/dp/B07ZZYMWDT",
        "rating": "4.3",
        "totalReviews": "1736",
        "subtitle": "Kiehl's",
        "isPrimeEligible": "0"
    },
    {
        "ASIN": "B08HDKX9FS",
        "title": "First Aid Beauty Eye Duty Niacinamide Brightening Cream, Illuminating Eye Cream for Dark Circles and Puffiness, 0.5 oz.",
        "price": "$26.94 ($53.88 / Fl Oz)",
        "listPrice": "$30.00 ($60.00 / Fl Oz)",
        "imageUrl": "https://m.media-amazon.com/images/I/41u6B42r49L._SL160_.jpg",
        "detailPageURL": "https://www.amazon.com/dp/B08HDKX9FS",
        "rating": "4.3",
        "totalReviews": "1069",
        "subtitle": "First Aid Beauty",
        "isPrimeEligible": "1"
    },
    {
        "ASIN": "B0927XD98Q",
        "title": "Estee Lauder Resilience Multi-Effect Tri-Peptide Eye Cream, 0.5 oz Full Size, Unscented & All Skin Types",
        "price": "$24.99 ($49.98 / Ounce)",
        "listPrice": "$30.00 ($60.00 / Ounce)",
        "imageUrl": "https://m.media-amazon.com/images/I/51MJAHhhMwL._SL160_.jpg",
        "detailPageURL": "https://www.amazon.com/dp/B0927XD98Q",
        "rating": "4.6",
        "totalReviews": "583",
        "subtitle": "Estee Lauder",
        "isPrimeEligible": "0"
    },
    {
        "ASIN": "B09KHK2BM1",
        "title": "Naturium Multi-Peptide Eye Cream Plus Squalene & Hyaluronic Acid, Smoothing & Anti-Aging Skincare, 0.5 oz",
        "price": "$15.99 ($32.15 / Ounce)",
        "listPrice": "",
        "imageUrl": "https://m.media-amazon.com/images/I/31FG1xtHDpL._SL160_.jpg",
        "detailPageURL": "https://www.amazon.com/dp/B09KHK2BM1",
        "rating": "4.5",
        "totalReviews": "323",
        "subtitle": "Naturium",
        "isPrimeEligible": "1"
    },
    {
        "ASIN": "B08X699SNK",
        "title": "Neutrogena Rapid Firming Peptide Eye Cream: Depuffing, Brightening, Hydrating, Fragrance-Free, 0.5 fl. oz",
        "price": "$16.99 ($33.98 / Fl Oz)",
        "listPrice": "$46.69 ($93.38 / Fl Oz)",
        "imageUrl": "https://m.media-amazon.com/images/I/31Mk9usjaBL._SL160_.jpg",
        "detailPageURL": "https://www.amazon.com/dp/B08X699SNK",
        "rating": "4.3",
        "totalReviews": "6171",
        "subtitle": "Neutrogena",
        "isPrimeEligible": "1"
    },
    {
        "ASIN": "B00FZVX5EC",
        "title": "Le Mieux Eye Wrinkle Corrector Cream - Hyaluronic Acid Moisturizer for Eyes with 7 Potent Peptides & Amino Acids, Under Eye Corrector Cream (0.5 oz / 15 ml)",
        "price": "$36.00 ($72.00 / Fl Oz)",
        "listPrice": "$48.00 ($96.00 / Fl Oz)",
        "imageUrl": "https://m.media-amazon.com/images/I/31oCdFxFzNL._SL160_.jpg",
        "detailPageURL": "https://www.amazon.com/dp/B00FZVX5EC",
        "rating": "4.7",
        "totalReviews": "203",
        "subtitle": "Le Mieux",
        "isPrimeEligible": "1"
    },
    {
        "ASIN": "B00CWY8O1O",
        "title": "RoC Multi Correxion 5 in 1 Anti-Aging Eye Cream for Puffiness, Under Eye Bags & Dark Circles, Skin Care Treatment with Shea Butter, 0.5 Fl Oz (Packaging May Vary)",
        "price": "$18.99 ($37.98 / Fl Oz)",
        "listPrice": "$29.99 ($59.98 / Fl Oz)",
        "imageUrl": "https://m.media-amazon.com/images/I/41qh7sMFeqL._SL160_.jpg",
        "detailPageURL": "https://www.amazon.com/dp/B00CWY8O1O",
        "rating": "4.3",
        "totalReviews": "7131",
        "subtitle": "RoC",
        "isPrimeEligible": "1"
    },
    {
        "ASIN": "B0B2TH7C4H",
        "title": "Neutrogena Rapid Wrinkle Repair Retinol Pro+ Anti-Wrinkle Eye Cream, Targeted Eye Cream for Wrinkles & Dark Circles, Formulated without Fragrance, Dyes, Phthalates, and Parabens, 0.5 oz",
        "price": "$17.40 ($34.80 / Ounce)",
        "listPrice": "$46.69 ($93.38 / Ounce)",
        "imageUrl": "https://m.media-amazon.com/images/I/41Gx0DwUQkL._SL160_.jpg",
        "detailPageURL": "https://www.amazon.com/dp/B0B2TH7C4H",
        "rating": "4.1",
        "totalReviews": "702",
        "subtitle": "Neutrogena",
        "isPrimeEligible": "1"
    },
    {
        "ASIN": "B01MDT786Y",
        "title": "Kiehl's Age Defender Eye Repair Cream for Men, 0.5 Ounce",
        "price": "$36.94 ($73.88 / Ounce)",
        "listPrice": "$40.66 ($81.32 / Ounce)",
        "imageUrl": "https://m.media-amazon.com/images/I/51k0hz0mHFL._SL160_.jpg",
        "detailPageURL": "https://www.amazon.com/dp/B01MDT786Y",
        "rating": "4.5",
        "totalReviews": "164",
        "subtitle": "Kiehl's",
        "isPrimeEligible": "1"
    },
    {
        "ASIN": "B07ZZYMWDT",
        "title": "Kiehl's Creamy Eye Treatment with Avocado, 14 g",
        "price": "$30.00 ($61.22 / Ounce)",
        "listPrice": "",
        "imageUrl": "https://m.media-amazon.com/images/I/517liqrIU3L._SL160_.jpg",
        "detailPageURL": "https://www.amazon.com/dp/B07ZZYMWDT",
        "rating": "4.3",
        "totalReviews": "1736",
        "subtitle": "Kiehl's",
        "isPrimeEligible": "0"
    },
    {
        "ASIN": "B08HDKX9FS",
        "title": "First Aid Beauty Eye Duty Niacinamide Brightening Cream, Illuminating Eye Cream for Dark Circles and Puffiness, 0.5 oz.",
        "price": "$26.94 ($53.88 / Fl Oz)",
        "listPrice": "$30.00 ($60.00 / Fl Oz)",
        "imageUrl": "https://m.media-amazon.com/images/I/41u6B42r49L._SL160_.jpg",
        "detailPageURL": "https://www.amazon.com/dp/B08HDKX9FS",
        "rating": "4.3",
        "totalReviews": "1069",
        "subtitle": "First Aid Beauty",
        "isPrimeEligible": "1"
    },
    {
        "ASIN": "B0927XD98Q",
        "title": "Estee Lauder Resilience Multi-Effect Tri-Peptide Eye Cream, 0.5 oz Full Size, Unscented & All Skin Types",
        "price": "$24.99 ($49.98 / Ounce)",
        "listPrice": "$30.00 ($60.00 / Ounce)",
        "imageUrl": "https://m.media-amazon.com/images/I/51MJAHhhMwL._SL160_.jpg",
        "detailPageURL": "https://www.amazon.com/dp/B0927XD98Q",
        "rating": "4.6",
        "totalReviews": "583",
        "subtitle": "Estee Lauder",
        "isPrimeEligible": "0"
    },
    {
        "ASIN": "B09KHK2BM1",
        "title": "Naturium Multi-Peptide Eye Cream Plus Squalene & Hyaluronic Acid, Smoothing & Anti-Aging Skincare, 0.5 oz",
        "price": "$15.99 ($32.15 / Ounce)",
        "listPrice": "",
        "imageUrl": "https://m.media-amazon.com/images/I/31FG1xtHDpL._SL160_.jpg",
        "detailPageURL": "https://www.amazon.com/dp/B09KHK2BM1",
        "rating": "4.5",
        "totalReviews": "323",
        "subtitle": "Naturium",
        "isPrimeEligible": "1"
    },
    {
        "ASIN": "B08X699SNK",
        "title": "Neutrogena Rapid Firming Peptide Eye Cream: Depuffing, Brightening, Hydrating, Fragrance-Free, 0.5 fl. oz",
        "price": "$16.99 ($33.98 / Fl Oz)",
        "listPrice": "$46.69 ($93.38 / Fl Oz)",
        "imageUrl": "https://m.media-amazon.com/images/I/31Mk9usjaBL._SL160_.jpg",
        "detailPageURL": "https://www.amazon.com/dp/B08X699SNK",
        "rating": "4.3",
        "totalReviews": "6171",
        "subtitle": "Neutrogena",
        "isPrimeEligible": "1"
    },
    {
        "ASIN": "B00FZVX5EC",
        "title": "Le Mieux Eye Wrinkle Corrector Cream - Hyaluronic Acid Moisturizer for Eyes with 7 Potent Peptides & Amino Acids, Under Eye Corrector Cream (0.5 oz / 15 ml)",
        "price": "$36.00 ($72.00 / Fl Oz)",
        "listPrice": "$48.00 ($96.00 / Fl Oz)",
        "imageUrl": "https://m.media-amazon.com/images/I/31oCdFxFzNL._SL160_.jpg",
        "detailPageURL": "https://www.amazon.com/dp/B00FZVX5EC",
        "rating": "4.7",
        "totalReviews": "203",
        "subtitle": "Le Mieux",
        "isPrimeEligible": "1"
    },
    {
        "ASIN": "B00CWY8O1O",
        "title": "RoC Multi Correxion 5 in 1 Anti-Aging Eye Cream for Puffiness, Under Eye Bags & Dark Circles, Skin Care Treatment with Shea Butter, 0.5 Fl Oz (Packaging May Vary)",
        "price": "$18.99 ($37.98 / Fl Oz)",
        "listPrice": "$29.99 ($59.98 / Fl Oz)",
        "imageUrl": "https://m.media-amazon.com/images/I/41qh7sMFeqL._SL160_.jpg",
        "detailPageURL": "https://www.amazon.com/dp/B00CWY8O1O",
        "rating": "4.3",
        "totalReviews": "7131",
        "subtitle": "RoC",
        "isPrimeEligible": "1"
    },
    {
        "ASIN": "B0B2TH7C4H",
        "title": "Neutrogena Rapid Wrinkle Repair Retinol Pro+ Anti-Wrinkle Eye Cream, Targeted Eye Cream for Wrinkles & Dark Circles, Formulated without Fragrance, Dyes, Phthalates, and Parabens, 0.5 oz",
        "price": "$17.40 ($34.80 / Ounce)",
        "listPrice": "$46.69 ($93.38 / Ounce)",
        "imageUrl": "https://m.media-amazon.com/images/I/41Gx0DwUQkL._SL160_.jpg",
        "detailPageURL": "https://www.amazon.com/dp/B0B2TH7C4H",
        "rating": "4.1",
        "totalReviews": "702",
        "subtitle": "Neutrogena",
        "isPrimeEligible": "1"
    },
    {
        "ASIN": "B07Q4PY2DQ",
        "title": "Vichy Mineral 89 Eyes Serum with Caffeine and Hyaluronic Acid, Moisturizing Under Eye Cream Gel to Smooth Fine Lines and Hydrate Eye Area, Suitable for Sensitive Skin & Fragrance Free",
        "price": "$24.99 ($49.00 / Fl Oz)",
        "listPrice": "",
        "imageUrl": "https://m.media-amazon.com/images/I/31U0AdtYDbL._SL160_.jpg",
        "detailPageURL": "https://www.amazon.com/dp/B07Q4PY2DQ",
        "rating": "4.5",
        "totalReviews": "15653",
        "subtitle": "",
        "isPrimeEligible": "1"
    },
    {
        "ASIN": "B07ZZYMWDT",
        "title": "Kiehl's Creamy Eye Treatment with Avocado, 14 g",
        "price": "$30.00 ($61.22 / Ounce)",
        "listPrice": "",
        "imageUrl": "https://m.media-amazon.com/images/I/517liqrIU3L._SL160_.jpg",
        "detailPageURL": "https://www.amazon.com/dp/B07ZZYMWDT",
        "rating": "4.3",
        "totalReviews": "1736",
        "subtitle": "Kiehl's",
        "isPrimeEligible": "0"
    },
    {
        "ASIN": "B08HDKX9FS",
        "title": "First Aid Beauty Eye Duty Niacinamide Brightening Cream, Illuminating Eye Cream for Dark Circles and Puffiness, 0.5 oz.",
        "price": "$26.94 ($53.88 / Fl Oz)",
        "listPrice": "$30.00 ($60.00 / Fl Oz)",
        "imageUrl": "https://m.media-amazon.com/images/I/41u6B42r49L._SL160_.jpg",
        "detailPageURL": "https://www.amazon.com/dp/B08HDKX9FS",
        "rating": "4.3",
        "totalReviews": "1069",
        "subtitle": "First Aid Beauty",
        "isPrimeEligible": "1"
    },
    {
        "ASIN": "B0927XD98Q",
        "title": "Estee Lauder Resilience Multi-Effect Tri-Peptide Eye Cream, 0.5 oz Full Size, Unscented & All Skin Types",
        "price": "$24.99 ($49.98 / Ounce)",
        "listPrice": "$30.00 ($60.00 / Ounce)",
        "imageUrl": "https://m.media-amazon.com/images/I/51MJAHhhMwL._SL160_.jpg",
        "detailPageURL": "https://www.amazon.com/dp/B0927XD98Q",
        "rating": "4.6",
        "totalReviews": "583",
        "subtitle": "Estee Lauder",
        "isPrimeEligible": "0"
    },
    {
        "ASIN": "B09KHK2BM1",
        "title": "Naturium Multi-Peptide Eye Cream Plus Squalene & Hyaluronic Acid, Smoothing & Anti-Aging Skincare, 0.5 oz",
        "price": "$15.99 ($32.15 / Ounce)",
        "listPrice": "",
        "imageUrl": "https://m.media-amazon.com/images/I/31FG1xtHDpL._SL160_.jpg",
        "detailPageURL": "https://www.amazon.com/dp/B09KHK2BM1",
        "rating": "4.5",
        "totalReviews": "323",
        "subtitle": "Naturium",
        "isPrimeEligible": "1"
    },
    {
        "ASIN": "B08X699SNK",
        "title": "Neutrogena Rapid Firming Peptide Eye Cream: Depuffing, Brightening, Hydrating, Fragrance-Free, 0.5 fl. oz",
        "price": "$16.99 ($33.98 / Fl Oz)",
        "listPrice": "$46.69 ($93.38 / Fl Oz)",
        "imageUrl": "https://m.media-amazon.com/images/I/31Mk9usjaBL._SL160_.jpg",
        "detailPageURL": "https://www.amazon.com/dp/B08X699SNK",
        "rating": "4.3",
        "totalReviews": "6171",
        "subtitle": "Neutrogena",
        "isPrimeEligible": "1"
    },
    {
        "ASIN": "B00FZVX5EC",
        "title": "Le Mieux Eye Wrinkle Corrector Cream - Hyaluronic Acid Moisturizer for Eyes with 7 Potent Peptides & Amino Acids, Under Eye Corrector Cream (0.5 oz / 15 ml)",
        "price": "$36.00 ($72.00 / Fl Oz)",
        "listPrice": "$48.00 ($96.00 / Fl Oz)",
        "imageUrl": "https://m.media-amazon.com/images/I/31oCdFxFzNL._SL160_.jpg",
        "detailPageURL": "https://www.amazon.com/dp/B00FZVX5EC",
        "rating": "4.7",
        "totalReviews": "203",
        "subtitle": "Le Mieux",
        "isPrimeEligible": "1"
    },
    {
        "ASIN": "B00CWY8O1O",
        "title": "RoC Multi Correxion 5 in 1 Anti-Aging Eye Cream for Puffiness, Under Eye Bags & Dark Circles, Skin Care Treatment with Shea Butter, 0.5 Fl Oz (Packaging May Vary)",
        "price": "$18.99 ($37.98 / Fl Oz)",
        "listPrice": "$29.99 ($59.98 / Fl Oz)",
        "imageUrl": "https://m.media-amazon.com/images/I/41qh7sMFeqL._SL160_.jpg",
        "detailPageURL": "https://www.amazon.com/dp/B00CWY8O1O",
        "rating": "4.3",
        "totalReviews": "7131",
        "subtitle": "RoC",
        "isPrimeEligible": "1"
    },
    {
        "ASIN": "B0B2TH7C4H",
        "title": "Neutrogena Rapid Wrinkle Repair Retinol Pro+ Anti-Wrinkle Eye Cream, Targeted Eye Cream for Wrinkles & Dark Circles, Formulated without Fragrance, Dyes, Phthalates, and Parabens, 0.5 oz",
        "price": "$17.40 ($34.80 / Ounce)",
        "listPrice": "$46.69 ($93.38 / Ounce)",
        "imageUrl": "https://m.media-amazon.com/images/I/41Gx0DwUQkL._SL160_.jpg",
        "detailPageURL": "https://www.amazon.com/dp/B0B2TH7C4H",
        "rating": "4.1",
        "totalReviews": "702",
        "subtitle": "Neutrogena",
        "isPrimeEligible": "1"
    },
    {
        "ASIN": "B07Q4PY2DQ",
        "title": "Vichy Mineral 89 Eyes Serum with Caffeine and Hyaluronic Acid, Moisturizing Under Eye Cream Gel to Smooth Fine Lines and Hydrate Eye Area, Suitable for Sensitive Skin & Fragrance Free",
        "price": "$24.99 ($49.00 / Fl Oz)",
        "listPrice": "",
        "imageUrl": "https://m.media-amazon.com/images/I/31U0AdtYDbL._SL160_.jpg",
        "detailPageURL": "https://www.amazon.com/dp/B07Q4PY2DQ",
        "rating": "4.5",
        "totalReviews": "15653",
        "subtitle": "",
        "isPrimeEligible": "1"
    },
    {
        "ASIN": "B085FSZ672",
        "title": "[heimish] Marine Care Eye Cream 1.01fl.oz/30ml | Nourishing and Hydrating Eye Cream with Marine Collagen, Adenosine, and Peptides for Brighter, Firmer Under-Eye Area | Korean Skincare",
        "price": "$13.00 ($12.87 / Fl Oz)",
        "listPrice": "$26.00 ($25.74 / Fl Oz)",
        "imageUrl": "https://m.media-amazon.com/images/I/31Gh0PLJWkL._SL160_.jpg",
        "detailPageURL": "https://www.amazon.com/dp/B085FSZ672",
        "rating": "4.5",
        "totalReviews": "317",
        "subtitle": "HEIMISH",
        "isPrimeEligible": "1"
    },
    {
        "ASIN": "B08HDKX9FS",
        "title": "First Aid Beauty Eye Duty Niacinamide Brightening Cream, Illuminating Eye Cream for Dark Circles and Puffiness, 0.5 oz.",
        "price": "$26.94 ($53.88 / Fl Oz)",
        "listPrice": "$30.00 ($60.00 / Fl Oz)",
        "imageUrl": "https://m.media-amazon.com/images/I/41u6B42r49L._SL160_.jpg",
        "detailPageURL": "https://www.amazon.com/dp/B08HDKX9FS",
        "rating": "4.3",
        "totalReviews": "1069",
        "subtitle": "First Aid Beauty",
        "isPrimeEligible": "1"
    },
    {
        "ASIN": "B0927XD98Q",
        "title": "Estee Lauder Resilience Multi-Effect Tri-Peptide Eye Cream, 0.5 oz Full Size, Unscented & All Skin Types",
        "price": "$24.99 ($49.98 / Ounce)",
        "listPrice": "$30.00 ($60.00 / Ounce)",
        "imageUrl": "https://m.media-amazon.com/images/I/51MJAHhhMwL._SL160_.jpg",
        "detailPageURL": "https://www.amazon.com/dp/B0927XD98Q",
        "rating": "4.6",
        "totalReviews": "583",
        "subtitle": "Estee Lauder",
        "isPrimeEligible": "0"
    },
    {
        "ASIN": "B09KHK2BM1",
        "title": "Naturium Multi-Peptide Eye Cream Plus Squalene & Hyaluronic Acid, Smoothing & Anti-Aging Skincare, 0.5 oz",
        "price": "$15.99 ($32.15 / Ounce)",
        "listPrice": "",
        "imageUrl": "https://m.media-amazon.com/images/I/31FG1xtHDpL._SL160_.jpg",
        "detailPageURL": "https://www.amazon.com/dp/B09KHK2BM1",
        "rating": "4.5",
        "totalReviews": "323",
        "subtitle": "Naturium",
        "isPrimeEligible": "1"
    },
    {
        "ASIN": "B08X699SNK",
        "title": "Neutrogena Rapid Firming Peptide Eye Cream: Depuffing, Brightening, Hydrating, Fragrance-Free, 0.5 fl. oz",
        "price": "$16.99 ($33.98 / Fl Oz)",
        "listPrice": "$46.69 ($93.38 / Fl Oz)",
        "imageUrl": "https://m.media-amazon.com/images/I/31Mk9usjaBL._SL160_.jpg",
        "detailPageURL": "https://www.amazon.com/dp/B08X699SNK",
        "rating": "4.3",
        "totalReviews": "6171",
        "subtitle": "Neutrogena",
        "isPrimeEligible": "1"
    },
    {
        "ASIN": "B00FZVX5EC",
        "title": "Le Mieux Eye Wrinkle Corrector Cream - Hyaluronic Acid Moisturizer for Eyes with 7 Potent Peptides & Amino Acids, Under Eye Corrector Cream (0.5 oz / 15 ml)",
        "price": "$36.00 ($72.00 / Fl Oz)",
        "listPrice": "$48.00 ($96.00 / Fl Oz)",
        "imageUrl": "https://m.media-amazon.com/images/I/31oCdFxFzNL._SL160_.jpg",
        "detailPageURL": "https://www.amazon.com/dp/B00FZVX5EC",
        "rating": "4.7",
        "totalReviews": "203",
        "subtitle": "Le Mieux",
        "isPrimeEligible": "1"
    },
    {
        "ASIN": "B00CWY8O1O",
        "title": "RoC Multi Correxion 5 in 1 Anti-Aging Eye Cream for Puffiness, Under Eye Bags & Dark Circles, Skin Care Treatment with Shea Butter, 0.5 Fl Oz (Packaging May Vary)",
        "price": "$18.99 ($37.98 / Fl Oz)",
        "listPrice": "$29.99 ($59.98 / Fl Oz)",
        "imageUrl": "https://m.media-amazon.com/images/I/41qh7sMFeqL._SL160_.jpg",
        "detailPageURL": "https://www.amazon.com/dp/B00CWY8O1O",
        "rating": "4.3",
        "totalReviews": "7131",
        "subtitle": "RoC",
        "isPrimeEligible": "1"
    },
    {
        "ASIN": "B0B2TH7C4H",
        "title": "Neutrogena Rapid Wrinkle Repair Retinol Pro+ Anti-Wrinkle Eye Cream, Targeted Eye Cream for Wrinkles & Dark Circles, Formulated without Fragrance, Dyes, Phthalates, and Parabens, 0.5 oz",
        "price": "$17.40 ($34.80 / Ounce)",
        "listPrice": "$46.69 ($93.38 / Ounce)",
        "imageUrl": "https://m.media-amazon.com/images/I/41Gx0DwUQkL._SL160_.jpg",
        "detailPageURL": "https://www.amazon.com/dp/B0B2TH7C4H",
        "rating": "4.1",
        "totalReviews": "702",
        "subtitle": "Neutrogena",
        "isPrimeEligible": "1"
    },
    {
        "ASIN": "B07Q4PY2DQ",
        "title": "Vichy Mineral 89 Eyes Serum with Caffeine and Hyaluronic Acid, Moisturizing Under Eye Cream Gel to Smooth Fine Lines and Hydrate Eye Area, Suitable for Sensitive Skin & Fragrance Free",
        "price": "$24.99 ($49.00 / Fl Oz)",
        "listPrice": "",
        "imageUrl": "https://m.media-amazon.com/images/I/31U0AdtYDbL._SL160_.jpg",
        "detailPageURL": "https://www.amazon.com/dp/B07Q4PY2DQ",
        "rating": "4.5",
        "totalReviews": "15653",
        "subtitle": "",
        "isPrimeEligible": "1"
    },
    {
        "ASIN": "B085FSZ672",
        "title": "[heimish] Marine Care Eye Cream 1.01fl.oz/30ml | Nourishing and Hydrating Eye Cream with Marine Collagen, Adenosine, and Peptides for Brighter, Firmer Under-Eye Area | Korean Skincare",
        "price": "$13.00 ($12.87 / Fl Oz)",
        "listPrice": "$26.00 ($25.74 / Fl Oz)",
        "imageUrl": "https://m.media-amazon.com/images/I/31Gh0PLJWkL._SL160_.jpg",
        "detailPageURL": "https://www.amazon.com/dp/B085FSZ672",
        "rating": "4.5",
        "totalReviews": "317",
        "subtitle": "HEIMISH",
        "isPrimeEligible": "1"
    },
    {
        "ASIN": "B098QZL96Z",
        "title": "L'Oreal Paris Age Perfect Cell Renewal Anti-Aging Eye Cream, For Dark Circles & Puffiness 0.5 Fl Oz (Pack of 1)",
        "price": "$14.85 ($8.74 / Fl Oz)",
        "listPrice": "$28.99 ($17.05 / Fl Oz)",
        "imageUrl": "https://m.media-amazon.com/images/I/31MuDMyr1XL._SL160_.jpg",
        "detailPageURL": "https://www.amazon.com/dp/B098QZL96Z",
        "rating": "4.3",
        "totalReviews": "1606",
        "subtitle": "L\u2019Or\u00e9al Paris",
        "isPrimeEligible": "1"
    },
    {
        "ASIN": "B0927XD98Q",
        "title": "Estee Lauder Resilience Multi-Effect Tri-Peptide Eye Cream, 0.5 oz Full Size, Unscented & All Skin Types",
        "price": "$24.99 ($49.98 / Ounce)",
        "listPrice": "$30.00 ($60.00 / Ounce)",
        "imageUrl": "https://m.media-amazon.com/images/I/51MJAHhhMwL._SL160_.jpg",
        "detailPageURL": "https://www.amazon.com/dp/B0927XD98Q",
        "rating": "4.6",
        "totalReviews": "583",
        "subtitle": "Estee Lauder",
        "isPrimeEligible": "0"
    },
    {
        "ASIN": "B09KHK2BM1",
        "title": "Naturium Multi-Peptide Eye Cream Plus Squalene & Hyaluronic Acid, Smoothing & Anti-Aging Skincare, 0.5 oz",
        "price": "$15.99 ($32.15 / Ounce)",
        "listPrice": "",
        "imageUrl": "https://m.media-amazon.com/images/I/31FG1xtHDpL._SL160_.jpg",
        "detailPageURL": "https://www.amazon.com/dp/B09KHK2BM1",
        "rating": "4.5",
        "totalReviews": "323",
        "subtitle": "Naturium",
        "isPrimeEligible": "1"
    },
    {
        "ASIN": "B08X699SNK",
        "title": "Neutrogena Rapid Firming Peptide Eye Cream: Depuffing, Brightening, Hydrating, Fragrance-Free, 0.5 fl. oz",
        "price": "$16.99 ($33.98 / Fl Oz)",
        "listPrice": "$46.69 ($93.38 / Fl Oz)",
        "imageUrl": "https://m.media-amazon.com/images/I/31Mk9usjaBL._SL160_.jpg",
        "detailPageURL": "https://www.amazon.com/dp/B08X699SNK",
        "rating": "4.3",
        "totalReviews": "6171",
        "subtitle": "Neutrogena",
        "isPrimeEligible": "1"
    },
    {
        "ASIN": "B00FZVX5EC",
        "title": "Le Mieux Eye Wrinkle Corrector Cream - Hyaluronic Acid Moisturizer for Eyes with 7 Potent Peptides & Amino Acids, Under Eye Corrector Cream (0.5 oz / 15 ml)",
        "price": "$36.00 ($72.00 / Fl Oz)",
        "listPrice": "$48.00 ($96.00 / Fl Oz)",
        "imageUrl": "https://m.media-amazon.com/images/I/31oCdFxFzNL._SL160_.jpg",
        "detailPageURL": "https://www.amazon.com/dp/B00FZVX5EC",
        "rating": "4.7",
        "totalReviews": "203",
        "subtitle": "Le Mieux",
        "isPrimeEligible": "1"
    },
    {
        "ASIN": "B00CWY8O1O",
        "title": "RoC Multi Correxion 5 in 1 Anti-Aging Eye Cream for Puffiness, Under Eye Bags & Dark Circles, Skin Care Treatment with Shea Butter, 0.5 Fl Oz (Packaging May Vary)",
        "price": "$18.99 ($37.98 / Fl Oz)",
        "listPrice": "$29.99 ($59.98 / Fl Oz)",
        "imageUrl": "https://m.media-amazon.com/images/I/41qh7sMFeqL._SL160_.jpg",
        "detailPageURL": "https://www.amazon.com/dp/B00CWY8O1O",
        "rating": "4.3",
        "totalReviews": "7131",
        "subtitle": "RoC",
        "isPrimeEligible": "1"
    },
    {
        "ASIN": "B0B2TH7C4H",
        "title": "Neutrogena Rapid Wrinkle Repair Retinol Pro+ Anti-Wrinkle Eye Cream, Targeted Eye Cream for Wrinkles & Dark Circles, Formulated without Fragrance, Dyes, Phthalates, and Parabens, 0.5 oz",
        "price": "$17.40 ($34.80 / Ounce)",
        "listPrice": "$46.69 ($93.38 / Ounce)",
        "imageUrl": "https://m.media-amazon.com/images/I/41Gx0DwUQkL._SL160_.jpg",
        "detailPageURL": "https://www.amazon.com/dp/B0B2TH7C4H",
        "rating": "4.1",
        "totalReviews": "702",
        "subtitle": "Neutrogena",
        "isPrimeEligible": "1"
    },
    {
        "ASIN": "B07Q4PY2DQ",
        "title": "Vichy Mineral 89 Eyes Serum with Caffeine and Hyaluronic Acid, Moisturizing Under Eye Cream Gel to Smooth Fine Lines and Hydrate Eye Area, Suitable for Sensitive Skin & Fragrance Free",
        "price": "$24.99 ($49.00 / Fl Oz)",
        "listPrice": "",
        "imageUrl": "https://m.media-amazon.com/images/I/31U0AdtYDbL._SL160_.jpg",
        "detailPageURL": "https://www.amazon.com/dp/B07Q4PY2DQ",
        "rating": "4.5",
        "totalReviews": "15653",
        "subtitle": "",
        "isPrimeEligible": "1"
    },
    {
        "ASIN": "B085FSZ672",
        "title": "[heimish] Marine Care Eye Cream 1.01fl.oz/30ml | Nourishing and Hydrating Eye Cream with Marine Collagen, Adenosine, and Peptides for Brighter, Firmer Under-Eye Area | Korean Skincare",
        "price": "$13.00 ($12.87 / Fl Oz)",
        "listPrice": "$26.00 ($25.74 / Fl Oz)",
        "imageUrl": "https://m.media-amazon.com/images/I/31Gh0PLJWkL._SL160_.jpg",
        "detailPageURL": "https://www.amazon.com/dp/B085FSZ672",
        "rating": "4.5",
        "totalReviews": "317",
        "subtitle": "HEIMISH",
        "isPrimeEligible": "1"
    },
    {
        "ASIN": "B098QZL96Z",
        "title": "L'Oreal Paris Age Perfect Cell Renewal Anti-Aging Eye Cream, For Dark Circles & Puffiness 0.5 Fl Oz (Pack of 1)",
        "price": "$14.85 ($8.74 / Fl Oz)",
        "listPrice": "$28.99 ($17.05 / Fl Oz)",
        "imageUrl": "https://m.media-amazon.com/images/I/31MuDMyr1XL._SL160_.jpg",
        "detailPageURL": "https://www.amazon.com/dp/B098QZL96Z",
        "rating": "4.3",
        "totalReviews": "1606",
        "subtitle": "L\u2019Or\u00e9al Paris",
        "isPrimeEligible": "1"
    },
    {
        "ASIN": "B09P5ZRNVF",
        "title": "Kiehl's Creamy Eye Treatment with Avocado - 7 ml, Travel Size",
        "price": "$10.00 ($50.00 / Fl Oz)",
        "listPrice": "",
        "imageUrl": "https://m.media-amazon.com/images/I/21h5jLRIO-L._SL160_.jpg",
        "detailPageURL": "https://www.amazon.com/dp/B09P5ZRNVF",
        "rating": "4.3",
        "totalReviews": "1317",
        "subtitle": "Kiehl's",
        "isPrimeEligible": "1"
    },
    {
        "ASIN": "B09KHK2BM1",
        "title": "Naturium Multi-Peptide Eye Cream Plus Squalene & Hyaluronic Acid, Smoothing & Anti-Aging Skincare, 0.5 oz",
        "price": "$15.99 ($32.15 / Ounce)",
        "listPrice": "",
        "imageUrl": "https://m.media-amazon.com/images/I/31FG1xtHDpL._SL160_.jpg",
        "detailPageURL": "https://www.amazon.com/dp/B09KHK2BM1",
        "rating": "4.5",
        "totalReviews": "323",
        "subtitle": "Naturium",
        "isPrimeEligible": "1"
    },
    {
        "ASIN": "B08X699SNK",
        "title": "Neutrogena Rapid Firming Peptide Eye Cream: Depuffing, Brightening, Hydrating, Fragrance-Free, 0.5 fl. oz",
        "price": "$16.99 ($33.98 / Fl Oz)",
        "listPrice": "$46.69 ($93.38 / Fl Oz)",
        "imageUrl": "https://m.media-amazon.com/images/I/31Mk9usjaBL._SL160_.jpg",
        "detailPageURL": "https://www.amazon.com/dp/B08X699SNK",
        "rating": "4.3",
        "totalReviews": "6171",
        "subtitle": "Neutrogena",
        "isPrimeEligible": "1"
    },
    {
        "ASIN": "B00FZVX5EC",
        "title": "Le Mieux Eye Wrinkle Corrector Cream - Hyaluronic Acid Moisturizer for Eyes with 7 Potent Peptides & Amino Acids, Under Eye Corrector Cream (0.5 oz / 15 ml)",
        "price": "$36.00 ($72.00 / Fl Oz)",
        "listPrice": "$48.00 ($96.00 / Fl Oz)",
        "imageUrl": "https://m.media-amazon.com/images/I/31oCdFxFzNL._SL160_.jpg",
        "detailPageURL": "https://www.amazon.com/dp/B00FZVX5EC",
        "rating": "4.7",
        "totalReviews": "203",
        "subtitle": "Le Mieux",
        "isPrimeEligible": "1"
    },
    {
        "ASIN": "B00CWY8O1O",
        "title": "RoC Multi Correxion 5 in 1 Anti-Aging Eye Cream for Puffiness, Under Eye Bags & Dark Circles, Skin Care Treatment with Shea Butter, 0.5 Fl Oz (Packaging May Vary)",
        "price": "$18.99 ($37.98 / Fl Oz)",
        "listPrice": "$29.99 ($59.98 / Fl Oz)",
        "imageUrl": "https://m.media-amazon.com/images/I/41qh7sMFeqL._SL160_.jpg",
        "detailPageURL": "https://www.amazon.com/dp/B00CWY8O1O",
        "rating": "4.3",
        "totalReviews": "7131",
        "subtitle": "RoC",
        "isPrimeEligible": "1"
    },
    {
        "ASIN": "B0B2TH7C4H",
        "title": "Neutrogena Rapid Wrinkle Repair Retinol Pro+ Anti-Wrinkle Eye Cream, Targeted Eye Cream for Wrinkles & Dark Circles, Formulated without Fragrance, Dyes, Phthalates, and Parabens, 0.5 oz",
        "price": "$17.40 ($34.80 / Ounce)",
        "listPrice": "$46.69 ($93.38 / Ounce)",
        "imageUrl": "https://m.media-amazon.com/images/I/41Gx0DwUQkL._SL160_.jpg",
        "detailPageURL": "https://www.amazon.com/dp/B0B2TH7C4H",
        "rating": "4.1",
        "totalReviews": "702",
        "subtitle": "Neutrogena",
        "isPrimeEligible": "1"
    },
    {
        "ASIN": "B07Q4PY2DQ",
        "title": "Vichy Mineral 89 Eyes Serum with Caffeine and Hyaluronic Acid, Moisturizing Under Eye Cream Gel to Smooth Fine Lines and Hydrate Eye Area, Suitable for Sensitive Skin & Fragrance Free",
        "price": "$24.99 ($49.00 / Fl Oz)",
        "listPrice": "",
        "imageUrl": "https://m.media-amazon.com/images/I/31U0AdtYDbL._SL160_.jpg",
        "detailPageURL": "https://www.amazon.com/dp/B07Q4PY2DQ",
        "rating": "4.5",
        "totalReviews": "15653",
        "subtitle": "",
        "isPrimeEligible": "1"
    },
    {
        "ASIN": "B085FSZ672",
        "title": "[heimish] Marine Care Eye Cream 1.01fl.oz/30ml | Nourishing and Hydrating Eye Cream with Marine Collagen, Adenosine, and Peptides for Brighter, Firmer Under-Eye Area | Korean Skincare",
        "price": "$13.00 ($12.87 / Fl Oz)",
        "listPrice": "$26.00 ($25.74 / Fl Oz)",
        "imageUrl": "https://m.media-amazon.com/images/I/31Gh0PLJWkL._SL160_.jpg",
        "detailPageURL": "https://www.amazon.com/dp/B085FSZ672",
        "rating": "4.5",
        "totalReviews": "317",
        "subtitle": "HEIMISH",
        "isPrimeEligible": "1"
    },
    {
        "ASIN": "B098QZL96Z",
        "title": "L'Oreal Paris Age Perfect Cell Renewal Anti-Aging Eye Cream, For Dark Circles & Puffiness 0.5 Fl Oz (Pack of 1)",
        "price": "$14.85 ($8.74 / Fl Oz)",
        "listPrice": "$28.99 ($17.05 / Fl Oz)",
        "imageUrl": "https://m.media-amazon.com/images/I/31MuDMyr1XL._SL160_.jpg",
        "detailPageURL": "https://www.amazon.com/dp/B098QZL96Z",
        "rating": "4.3",
        "totalReviews": "1606",
        "subtitle": "L\u2019Or\u00e9al Paris",
        "isPrimeEligible": "1"
    },
    {
        "ASIN": "B09P5ZRNVF",
        "title": "Kiehl's Creamy Eye Treatment with Avocado - 7 ml, Travel Size",
        "price": "$10.00 ($50.00 / Fl Oz)",
        "listPrice": "",
        "imageUrl": "https://m.media-amazon.com/images/I/21h5jLRIO-L._SL160_.jpg",
        "detailPageURL": "https://www.amazon.com/dp/B09P5ZRNVF",
        "rating": "4.3",
        "totalReviews": "1317",
        "subtitle": "Kiehl's",
        "isPrimeEligible": "1"
    },
    {
        "ASIN": "B00IEJJJYC",
        "title": "Multi Function Eye Cream 0.5 oz",
        "price": "$44.99 ($89.98 / Fl Oz)",
        "listPrice": "",
        "imageUrl": "https://m.media-amazon.com/images/I/31cBODgKeHL._SL160_.jpg",
        "detailPageURL": "https://www.amazon.com/dp/B00IEJJJYC",
        "rating": "4.5",
        "totalReviews": "261",
        "subtitle": "RODAN + FIELDS",
        "isPrimeEligible": "0"
    },
    {
        "ASIN": "B08X699SNK",
        "title": "Neutrogena Rapid Firming Peptide Eye Cream: Depuffing, Brightening, Hydrating, Fragrance-Free, 0.5 fl. oz",
        "price": "$16.99 ($33.98 / Fl Oz)",
        "listPrice": "$46.69 ($93.38 / Fl Oz)",
        "imageUrl": "https://m.media-amazon.com/images/I/31Mk9usjaBL._SL160_.jpg",
        "detailPageURL": "https://www.amazon.com/dp/B08X699SNK",
        "rating": "4.3",
        "totalReviews": "6171",
        "subtitle": "Neutrogena",
        "isPrimeEligible": "1"
    },
    {
        "ASIN": "B00FZVX5EC",
        "title": "Le Mieux Eye Wrinkle Corrector Cream - Hyaluronic Acid Moisturizer for Eyes with 7 Potent Peptides & Amino Acids, Under Eye Corrector Cream (0.5 oz / 15 ml)",
        "price": "$36.00 ($72.00 / Fl Oz)",
        "listPrice": "$48.00 ($96.00 / Fl Oz)",
        "imageUrl": "https://m.media-amazon.com/images/I/31oCdFxFzNL._SL160_.jpg",
        "detailPageURL": "https://www.amazon.com/dp/B00FZVX5EC",
        "rating": "4.7",
        "totalReviews": "203",
        "subtitle": "Le Mieux",
        "isPrimeEligible": "1"
    },
    {
        "ASIN": "B00CWY8O1O",
        "title": "RoC Multi Correxion 5 in 1 Anti-Aging Eye Cream for Puffiness, Under Eye Bags & Dark Circles, Skin Care Treatment with Shea Butter, 0.5 Fl Oz (Packaging May Vary)",
        "price": "$18.99 ($37.98 / Fl Oz)",
        "listPrice": "$29.99 ($59.98 / Fl Oz)",
        "imageUrl": "https://m.media-amazon.com/images/I/41qh7sMFeqL._SL160_.jpg",
        "detailPageURL": "https://www.amazon.com/dp/B00CWY8O1O",
        "rating": "4.3",
        "totalReviews": "7131",
        "subtitle": "RoC",
        "isPrimeEligible": "1"
    },
    {
        "ASIN": "B0B2TH7C4H",
        "title": "Neutrogena Rapid Wrinkle Repair Retinol Pro+ Anti-Wrinkle Eye Cream, Targeted Eye Cream for Wrinkles & Dark Circles, Formulated without Fragrance, Dyes, Phthalates, and Parabens, 0.5 oz",
        "price": "$17.40 ($34.80 / Ounce)",
        "listPrice": "$46.69 ($93.38 / Ounce)",
        "imageUrl": "https://m.media-amazon.com/images/I/41Gx0DwUQkL._SL160_.jpg",
        "detailPageURL": "https://www.amazon.com/dp/B0B2TH7C4H",
        "rating": "4.1",
        "totalReviews": "702",
        "subtitle": "Neutrogena",
        "isPrimeEligible": "1"
    },
    {
        "ASIN": "B07Q4PY2DQ",
        "title": "Vichy Mineral 89 Eyes Serum with Caffeine and Hyaluronic Acid, Moisturizing Under Eye Cream Gel to Smooth Fine Lines and Hydrate Eye Area, Suitable for Sensitive Skin & Fragrance Free",
        "price": "$24.99 ($49.00 / Fl Oz)",
        "listPrice": "",
        "imageUrl": "https://m.media-amazon.com/images/I/31U0AdtYDbL._SL160_.jpg",
        "detailPageURL": "https://www.amazon.com/dp/B07Q4PY2DQ",
        "rating": "4.5",
        "totalReviews": "15653",
        "subtitle": "",
        "isPrimeEligible": "1"
    },
    {
        "ASIN": "B085FSZ672",
        "title": "[heimish] Marine Care Eye Cream 1.01fl.oz/30ml | Nourishing and Hydrating Eye Cream with Marine Collagen, Adenosine, and Peptides for Brighter, Firmer Under-Eye Area | Korean Skincare",
        "price": "$13.00 ($12.87 / Fl Oz)",
        "listPrice": "$26.00 ($25.74 / Fl Oz)",
        "imageUrl": "https://m.media-amazon.com/images/I/31Gh0PLJWkL._SL160_.jpg",
        "detailPageURL": "https://www.amazon.com/dp/B085FSZ672",
        "rating": "4.5",
        "totalReviews": "317",
        "subtitle": "HEIMISH",
        "isPrimeEligible": "1"
    },
    {
        "ASIN": "B098QZL96Z",
        "title": "L'Oreal Paris Age Perfect Cell Renewal Anti-Aging Eye Cream, For Dark Circles & Puffiness 0.5 Fl Oz (Pack of 1)",
        "price": "$14.85 ($8.74 / Fl Oz)",
        "listPrice": "$28.99 ($17.05 / Fl Oz)",
        "imageUrl": "https://m.media-amazon.com/images/I/31MuDMyr1XL._SL160_.jpg",
        "detailPageURL": "https://www.amazon.com/dp/B098QZL96Z",
        "rating": "4.3",
        "totalReviews": "1606",
        "subtitle": "L\u2019Or\u00e9al Paris",
        "isPrimeEligible": "1"
    },
    {
        "ASIN": "B09P5ZRNVF",
        "title": "Kiehl's Creamy Eye Treatment with Avocado - 7 ml, Travel Size",
        "price": "$10.00 ($50.00 / Fl Oz)",
        "listPrice": "",
        "imageUrl": "https://m.media-amazon.com/images/I/21h5jLRIO-L._SL160_.jpg",
        "detailPageURL": "https://www.amazon.com/dp/B09P5ZRNVF",
        "rating": "4.3",
        "totalReviews": "1317",
        "subtitle": "Kiehl's",
        "isPrimeEligible": "1"
    },
    {
        "ASIN": "B00IEJJJYC",
        "title": "Multi Function Eye Cream 0.5 oz",
        "price": "$44.99 ($89.98 / Fl Oz)",
        "listPrice": "",
        "imageUrl": "https://m.media-amazon.com/images/I/31cBODgKeHL._SL160_.jpg",
        "detailPageURL": "https://www.amazon.com/dp/B00IEJJJYC",
        "rating": "4.5",
        "totalReviews": "261",
        "subtitle": "RODAN + FIELDS",
        "isPrimeEligible": "0"
    },
    {
        "ASIN": "B004D24818",
        "title": "Neutrogena Rapid Wrinkle Repair Retinol Eye Cream for Dark Circles, Daily Anti-Aging Under Eye Cream with Retinol & Hyaluronic Acid to Fight Fine Lines, Wrinkles, & Dark Spots, 0.5 fl. oz",
        "price": "$17.52 ($3.50 / Fl Oz)",
        "listPrice": "$29.49 ($5.90 / Fl Oz)",
        "imageUrl": "https://m.media-amazon.com/images/I/41bHH-v8WsL._SL160_.jpg",
        "detailPageURL": "https://www.amazon.com/dp/B004D24818",
        "rating": "4.4",
        "totalReviews": "20968",
        "subtitle": "Neutrogena",
        "isPrimeEligible": "1"
    },
    {
        "ASIN": "B00FZVX5EC",
        "title": "Le Mieux Eye Wrinkle Corrector Cream - Hyaluronic Acid Moisturizer for Eyes with 7 Potent Peptides & Amino Acids, Under Eye Corrector Cream (0.5 oz / 15 ml)",
        "price": "$36.00 ($72.00 / Fl Oz)",
        "listPrice": "$48.00 ($96.00 / Fl Oz)",
        "imageUrl": "https://m.media-amazon.com/images/I/31oCdFxFzNL._SL160_.jpg",
        "detailPageURL": "https://www.amazon.com/dp/B00FZVX5EC",
        "rating": "4.7",
        "totalReviews": "203",
        "subtitle": "Le Mieux",
        "isPrimeEligible": "1"
    },
    {
        "ASIN": "B00CWY8O1O",
        "title": "RoC Multi Correxion 5 in 1 Anti-Aging Eye Cream for Puffiness, Under Eye Bags & Dark Circles, Skin Care Treatment with Shea Butter, 0.5 Fl Oz (Packaging May Vary)",
        "price": "$18.99 ($37.98 / Fl Oz)",
        "listPrice": "$29.99 ($59.98 / Fl Oz)",
        "imageUrl": "https://m.media-amazon.com/images/I/41qh7sMFeqL._SL160_.jpg",
        "detailPageURL": "https://www.amazon.com/dp/B00CWY8O1O",
        "rating": "4.3",
        "totalReviews": "7131",
        "subtitle": "RoC",
        "isPrimeEligible": "1"
    },
    {
        "ASIN": "B0B2TH7C4H",
        "title": "Neutrogena Rapid Wrinkle Repair Retinol Pro+ Anti-Wrinkle Eye Cream, Targeted Eye Cream for Wrinkles & Dark Circles, Formulated without Fragrance, Dyes, Phthalates, and Parabens, 0.5 oz",
        "price": "$17.40 ($34.80 / Ounce)",
        "listPrice": "$46.69 ($93.38 / Ounce)",
        "imageUrl": "https://m.media-amazon.com/images/I/41Gx0DwUQkL._SL160_.jpg",
        "detailPageURL": "https://www.amazon.com/dp/B0B2TH7C4H",
        "rating": "4.1",
        "totalReviews": "702",
        "subtitle": "Neutrogena",
        "isPrimeEligible": "1"
    },
    {
        "ASIN": "B07Q4PY2DQ",
        "title": "Vichy Mineral 89 Eyes Serum with Caffeine and Hyaluronic Acid, Moisturizing Under Eye Cream Gel to Smooth Fine Lines and Hydrate Eye Area, Suitable for Sensitive Skin & Fragrance Free",
        "price": "$24.99 ($49.00 / Fl Oz)",
        "listPrice": "",
        "imageUrl": "https://m.media-amazon.com/images/I/31U0AdtYDbL._SL160_.jpg",
        "detailPageURL": "https://www.amazon.com/dp/B07Q4PY2DQ",
        "rating": "4.5",
        "totalReviews": "15653",
        "subtitle": "",
        "isPrimeEligible": "1"
    },
    {
        "ASIN": "B085FSZ672",
        "title": "[heimish] Marine Care Eye Cream 1.01fl.oz/30ml | Nourishing and Hydrating Eye Cream with Marine Collagen, Adenosine, and Peptides for Brighter, Firmer Under-Eye Area | Korean Skincare",
        "price": "$13.00 ($12.87 / Fl Oz)",
        "listPrice": "$26.00 ($25.74 / Fl Oz)",
        "imageUrl": "https://m.media-amazon.com/images/I/31Gh0PLJWkL._SL160_.jpg",
        "detailPageURL": "https://www.amazon.com/dp/B085FSZ672",
        "rating": "4.5",
        "totalReviews": "317",
        "subtitle": "HEIMISH",
        "isPrimeEligible": "1"
    },
    {
        "ASIN": "B098QZL96Z",
        "title": "L'Oreal Paris Age Perfect Cell Renewal Anti-Aging Eye Cream, For Dark Circles & Puffiness 0.5 Fl Oz (Pack of 1)",
        "price": "$14.85 ($8.74 / Fl Oz)",
        "listPrice": "$28.99 ($17.05 / Fl Oz)",
        "imageUrl": "https://m.media-amazon.com/images/I/31MuDMyr1XL._SL160_.jpg",
        "detailPageURL": "https://www.amazon.com/dp/B098QZL96Z",
        "rating": "4.3",
        "totalReviews": "1606",
        "subtitle": "L\u2019Or\u00e9al Paris",
        "isPrimeEligible": "1"
    },
    {
        "ASIN": "B09P5ZRNVF",
        "title": "Kiehl's Creamy Eye Treatment with Avocado - 7 ml, Travel Size",
        "price": "$10.00 ($50.00 / Fl Oz)",
        "listPrice": "",
        "imageUrl": "https://m.media-amazon.com/images/I/21h5jLRIO-L._SL160_.jpg",
        "detailPageURL": "https://www.amazon.com/dp/B09P5ZRNVF",
        "rating": "4.3",
        "totalReviews": "1317",
        "subtitle": "Kiehl's",
        "isPrimeEligible": "1"
    },
    {
        "ASIN": "B00IEJJJYC",
        "title": "Multi Function Eye Cream 0.5 oz",
        "price": "$44.99 ($89.98 / Fl Oz)",
        "listPrice": "",
        "imageUrl": "https://m.media-amazon.com/images/I/31cBODgKeHL._SL160_.jpg",
        "detailPageURL": "https://www.amazon.com/dp/B00IEJJJYC",
        "rating": "4.5",
        "totalReviews": "261",
        "subtitle": "RODAN + FIELDS",
        "isPrimeEligible": "0"
    },
    {
        "ASIN": "B004D24818",
        "title": "Neutrogena Rapid Wrinkle Repair Retinol Eye Cream for Dark Circles, Daily Anti-Aging Under Eye Cream with Retinol & Hyaluronic Acid to Fight Fine Lines, Wrinkles, & Dark Spots, 0.5 fl. oz",
        "price": "$17.52 ($3.50 / Fl Oz)",
        "listPrice": "$29.49 ($5.90 / Fl Oz)",
        "imageUrl": "https://m.media-amazon.com/images/I/41bHH-v8WsL._SL160_.jpg",
        "detailPageURL": "https://www.amazon.com/dp/B004D24818",
        "rating": "4.4",
        "totalReviews": "20968",
        "subtitle": "Neutrogena",
        "isPrimeEligible": "1"
    },
    {
        "ASIN": "B07L9C3W23",
        "title": "Alastin Restorative Eye Treatment, 0.5 Fl Oz",
        "price": "$88.00 ($176.00 / Fl Oz)",
        "listPrice": "",
        "imageUrl": "https://m.media-amazon.com/images/I/2117Ip3y0kL._SL160_.jpg",
        "detailPageURL": "https://www.amazon.com/dp/B07L9C3W23",
        "rating": "4.6",
        "totalReviews": "155",
        "subtitle": "Alastin",
        "isPrimeEligible": "1"
    },
    {
        "ASIN": "B00CWY8O1O",
        "title": "RoC Multi Correxion 5 in 1 Anti-Aging Eye Cream for Puffiness, Under Eye Bags & Dark Circles, Skin Care Treatment with Shea Butter, 0.5 Fl Oz (Packaging May Vary)",
        "price": "$18.99 ($37.98 / Fl Oz)",
        "listPrice": "$29.99 ($59.98 / Fl Oz)",
        "imageUrl": "https://m.media-amazon.com/images/I/41qh7sMFeqL._SL160_.jpg",
        "detailPageURL": "https://www.amazon.com/dp/B00CWY8O1O",
        "rating": "4.3",
        "totalReviews": "7131",
        "subtitle": "RoC",
        "isPrimeEligible": "1"
    },
    {
        "ASIN": "B0B2TH7C4H",
        "title": "Neutrogena Rapid Wrinkle Repair Retinol Pro+ Anti-Wrinkle Eye Cream, Targeted Eye Cream for Wrinkles & Dark Circles, Formulated without Fragrance, Dyes, Phthalates, and Parabens, 0.5 oz",
        "price": "$17.40 ($34.80 / Ounce)",
        "listPrice": "$46.69 ($93.38 / Ounce)",
        "imageUrl": "https://m.media-amazon.com/images/I/41Gx0DwUQkL._SL160_.jpg",
        "detailPageURL": "https://www.amazon.com/dp/B0B2TH7C4H",
        "rating": "4.1",
        "totalReviews": "702",
        "subtitle": "Neutrogena",
        "isPrimeEligible": "1"
    },
    {
        "ASIN": "B07Q4PY2DQ",
        "title": "Vichy Mineral 89 Eyes Serum with Caffeine and Hyaluronic Acid, Moisturizing Under Eye Cream Gel to Smooth Fine Lines and Hydrate Eye Area, Suitable for Sensitive Skin & Fragrance Free",
        "price": "$24.99 ($49.00 / Fl Oz)",
        "listPrice": "",
        "imageUrl": "https://m.media-amazon.com/images/I/31U0AdtYDbL._SL160_.jpg",
        "detailPageURL": "https://www.amazon.com/dp/B07Q4PY2DQ",
        "rating": "4.5",
        "totalReviews": "15653",
        "subtitle": "",
        "isPrimeEligible": "1"
    },
    {
        "ASIN": "B085FSZ672",
        "title": "[heimish] Marine Care Eye Cream 1.01fl.oz/30ml | Nourishing and Hydrating Eye Cream with Marine Collagen, Adenosine, and Peptides for Brighter, Firmer Under-Eye Area | Korean Skincare",
        "price": "$13.00 ($12.87 / Fl Oz)",
        "listPrice": "$26.00 ($25.74 / Fl Oz)",
        "imageUrl": "https://m.media-amazon.com/images/I/31Gh0PLJWkL._SL160_.jpg",
        "detailPageURL": "https://www.amazon.com/dp/B085FSZ672",
        "rating": "4.5",
        "totalReviews": "317",
        "subtitle": "HEIMISH",
        "isPrimeEligible": "1"
    },
    {
        "ASIN": "B098QZL96Z",
        "title": "L'Oreal Paris Age Perfect Cell Renewal Anti-Aging Eye Cream, For Dark Circles & Puffiness 0.5 Fl Oz (Pack of 1)",
        "price": "$14.85 ($8.74 / Fl Oz)",
        "listPrice": "$28.99 ($17.05 / Fl Oz)",
        "imageUrl": "https://m.media-amazon.com/images/I/31MuDMyr1XL._SL160_.jpg",
        "detailPageURL": "https://www.amazon.com/dp/B098QZL96Z",
        "rating": "4.3",
        "totalReviews": "1606",
        "subtitle": "L\u2019Or\u00e9al Paris",
        "isPrimeEligible": "1"
    },
    {
        "ASIN": "B09P5ZRNVF",
        "title": "Kiehl's Creamy Eye Treatment with Avocado - 7 ml, Travel Size",
        "price": "$10.00 ($50.00 / Fl Oz)",
        "listPrice": "",
        "imageUrl": "https://m.media-amazon.com/images/I/21h5jLRIO-L._SL160_.jpg",
        "detailPageURL": "https://www.amazon.com/dp/B09P5ZRNVF",
        "rating": "4.3",
        "totalReviews": "1317",
        "subtitle": "Kiehl's",
        "isPrimeEligible": "1"
    },
    {
        "ASIN": "B00IEJJJYC",
        "title": "Multi Function Eye Cream 0.5 oz",
        "price": "$44.99 ($89.98 / Fl Oz)",
        "listPrice": "",
        "imageUrl": "https://m.media-amazon.com/images/I/31cBODgKeHL._SL160_.jpg",
        "detailPageURL": "https://www.amazon.com/dp/B00IEJJJYC",
        "rating": "4.5",
        "totalReviews": "261",
        "subtitle": "RODAN + FIELDS",
        "isPrimeEligible": "0"
    },
    {
        "ASIN": "B004D24818",
        "title": "Neutrogena Rapid Wrinkle Repair Retinol Eye Cream for Dark Circles, Daily Anti-Aging Under Eye Cream with Retinol & Hyaluronic Acid to Fight Fine Lines, Wrinkles, & Dark Spots, 0.5 fl. oz",
        "price": "$17.52 ($3.50 / Fl Oz)",
        "listPrice": "$29.49 ($5.90 / Fl Oz)",
        "imageUrl": "https://m.media-amazon.com/images/I/41bHH-v8WsL._SL160_.jpg",
        "detailPageURL": "https://www.amazon.com/dp/B004D24818",
        "rating": "4.4",
        "totalReviews": "20968",
        "subtitle": "Neutrogena",
        "isPrimeEligible": "1"
    },
    {
        "ASIN": "B07L9C3W23",
        "title": "Alastin Restorative Eye Treatment, 0.5 Fl Oz",
        "price": "$88.00 ($176.00 / Fl Oz)",
        "listPrice": "",
        "imageUrl": "https://m.media-amazon.com/images/I/2117Ip3y0kL._SL160_.jpg",
        "detailPageURL": "https://www.amazon.com/dp/B07L9C3W23",
        "rating": "4.6",
        "totalReviews": "155",
        "subtitle": "Alastin",
        "isPrimeEligible": "1"
    },
    {
        "ASIN": "B085CHYTDR",
        "title": "Farmacy Cheer Up Brightening Vitamin C Eye Cream with Hyaluronic Acid, Peptides & Caffeine - Treats Dark Circles & Fine Lines",
        "price": "$34.49 ($68.98 / Fl Oz)",
        "listPrice": "$45.00 ($90.00 / Fl Oz)",
        "imageUrl": "https://m.media-amazon.com/images/I/41ysVukgwdL._SL160_.jpg",
        "detailPageURL": "https://www.amazon.com/dp/B085CHYTDR",
        "rating": "4.4",
        "totalReviews": "285",
        "subtitle": "Farmacy",
        "isPrimeEligible": "1"
    },
    {
        "ASIN": "B0B2TH7C4H",
        "title": "Neutrogena Rapid Wrinkle Repair Retinol Pro+ Anti-Wrinkle Eye Cream, Targeted Eye Cream for Wrinkles & Dark Circles, Formulated without Fragrance, Dyes, Phthalates, and Parabens, 0.5 oz",
        "price": "$17.40 ($34.80 / Ounce)",
        "listPrice": "$46.69 ($93.38 / Ounce)",
        "imageUrl": "https://m.media-amazon.com/images/I/41Gx0DwUQkL._SL160_.jpg",
        "detailPageURL": "https://www.amazon.com/dp/B0B2TH7C4H",
        "rating": "4.1",
        "totalReviews": "702",
        "subtitle": "Neutrogena",
        "isPrimeEligible": "1"
    },
    {
        "ASIN": "B07Q4PY2DQ",
        "title": "Vichy Mineral 89 Eyes Serum with Caffeine and Hyaluronic Acid, Moisturizing Under Eye Cream Gel to Smooth Fine Lines and Hydrate Eye Area, Suitable for Sensitive Skin & Fragrance Free",
        "price": "$24.99 ($49.00 / Fl Oz)",
        "listPrice": "",
        "imageUrl": "https://m.media-amazon.com/images/I/31U0AdtYDbL._SL160_.jpg",
        "detailPageURL": "https://www.amazon.com/dp/B07Q4PY2DQ",
        "rating": "4.5",
        "totalReviews": "15653",
        "subtitle": "",
        "isPrimeEligible": "1"
    },
    {
        "ASIN": "B085FSZ672",
        "title": "[heimish] Marine Care Eye Cream 1.01fl.oz/30ml | Nourishing and Hydrating Eye Cream with Marine Collagen, Adenosine, and Peptides for Brighter, Firmer Under-Eye Area | Korean Skincare",
        "price": "$13.00 ($12.87 / Fl Oz)",
        "listPrice": "$26.00 ($25.74 / Fl Oz)",
        "imageUrl": "https://m.media-amazon.com/images/I/31Gh0PLJWkL._SL160_.jpg",
        "detailPageURL": "https://www.amazon.com/dp/B085FSZ672",
        "rating": "4.5",
        "totalReviews": "317",
        "subtitle": "HEIMISH",
        "isPrimeEligible": "1"
    },
    {
        "ASIN": "B098QZL96Z",
        "title": "L'Oreal Paris Age Perfect Cell Renewal Anti-Aging Eye Cream, For Dark Circles & Puffiness 0.5 Fl Oz (Pack of 1)",
        "price": "$14.85 ($8.74 / Fl Oz)",
        "listPrice": "$28.99 ($17.05 / Fl Oz)",
        "imageUrl": "https://m.media-amazon.com/images/I/31MuDMyr1XL._SL160_.jpg",
        "detailPageURL": "https://www.amazon.com/dp/B098QZL96Z",
        "rating": "4.3",
        "totalReviews": "1606",
        "subtitle": "L\u2019Or\u00e9al Paris",
        "isPrimeEligible": "1"
    },
    {
        "ASIN": "B09P5ZRNVF",
        "title": "Kiehl's Creamy Eye Treatment with Avocado - 7 ml, Travel Size",
        "price": "$10.00 ($50.00 / Fl Oz)",
        "listPrice": "",
        "imageUrl": "https://m.media-amazon.com/images/I/21h5jLRIO-L._SL160_.jpg",
        "detailPageURL": "https://www.amazon.com/dp/B09P5ZRNVF",
        "rating": "4.3",
        "totalReviews": "1317",
        "subtitle": "Kiehl's",
        "isPrimeEligible": "1"
    },
    {
        "ASIN": "B00IEJJJYC",
        "title": "Multi Function Eye Cream 0.5 oz",
        "price": "$44.99 ($89.98 / Fl Oz)",
        "listPrice": "",
        "imageUrl": "https://m.media-amazon.com/images/I/31cBODgKeHL._SL160_.jpg",
        "detailPageURL": "https://www.amazon.com/dp/B00IEJJJYC",
        "rating": "4.5",
        "totalReviews": "261",
        "subtitle": "RODAN + FIELDS",
        "isPrimeEligible": "0"
    },
    {
        "ASIN": "B004D24818",
        "title": "Neutrogena Rapid Wrinkle Repair Retinol Eye Cream for Dark Circles, Daily Anti-Aging Under Eye Cream with Retinol & Hyaluronic Acid to Fight Fine Lines, Wrinkles, & Dark Spots, 0.5 fl. oz",
        "price": "$17.52 ($3.50 / Fl Oz)",
        "listPrice": "$29.49 ($5.90 / Fl Oz)",
        "imageUrl": "https://m.media-amazon.com/images/I/41bHH-v8WsL._SL160_.jpg",
        "detailPageURL": "https://www.amazon.com/dp/B004D24818",
        "rating": "4.4",
        "totalReviews": "20968",
        "subtitle": "Neutrogena",
        "isPrimeEligible": "1"
    },
    {
        "ASIN": "B07L9C3W23",
        "title": "Alastin Restorative Eye Treatment, 0.5 Fl Oz",
        "price": "$88.00 ($176.00 / Fl Oz)",
        "listPrice": "",
        "imageUrl": "https://m.media-amazon.com/images/I/2117Ip3y0kL._SL160_.jpg",
        "detailPageURL": "https://www.amazon.com/dp/B07L9C3W23",
        "rating": "4.6",
        "totalReviews": "155",
        "subtitle": "Alastin",
        "isPrimeEligible": "1"
    },
    {
        "ASIN": "B085CHYTDR",
        "title": "Farmacy Cheer Up Brightening Vitamin C Eye Cream with Hyaluronic Acid, Peptides & Caffeine - Treats Dark Circles & Fine Lines",
        "price": "$34.49 ($68.98 / Fl Oz)",
        "listPrice": "$45.00 ($90.00 / Fl Oz)",
        "imageUrl": "https://m.media-amazon.com/images/I/41ysVukgwdL._SL160_.jpg",
        "detailPageURL": "https://www.amazon.com/dp/B085CHYTDR",
        "rating": "4.4",
        "totalReviews": "285",
        "subtitle": "Farmacy",
        "isPrimeEligible": "1"
    },
    {
        "ASIN": "B01K2UMMI0",
        "title": "Baebody Eye Gel, Cooling Eye Gel For Dark Circles And Puffiness, Hydrating Eye Cream, Soothing Eye Gel, Brightening Eye Gel, Day And Night Eye Gel",
        "price": "$24.99 ($14.70 / Fl Oz)",
        "listPrice": "$34.99 ($20.58 / Fl Oz)",
        "imageUrl": "https://m.media-amazon.com/images/I/31Z-FmG2lYL._SL160_.jpg",
        "detailPageURL": "https://www.amazon.com/dp/B01K2UMMI0",
        "rating": "3.9",
        "totalReviews": "25769",
        "subtitle": "Baebody",
        "isPrimeEligible": "1"
    },
    {
        "ASIN": "B07Q4PY2DQ",
        "title": "Vichy Mineral 89 Eyes Serum with Caffeine and Hyaluronic Acid, Moisturizing Under Eye Cream Gel to Smooth Fine Lines and Hydrate Eye Area, Suitable for Sensitive Skin & Fragrance Free",
        "price": "$24.99 ($49.00 / Fl Oz)",
        "listPrice": "",
        "imageUrl": "https://m.media-amazon.com/images/I/31U0AdtYDbL._SL160_.jpg",
        "detailPageURL": "https://www.amazon.com/dp/B07Q4PY2DQ",
        "rating": "4.5",
        "totalReviews": "15653",
        "subtitle": "",
        "isPrimeEligible": "1"
    },
    {
        "ASIN": "B085FSZ672",
        "title": "[heimish] Marine Care Eye Cream 1.01fl.oz/30ml | Nourishing and Hydrating Eye Cream with Marine Collagen, Adenosine, and Peptides for Brighter, Firmer Under-Eye Area | Korean Skincare",
        "price": "$13.00 ($12.87 / Fl Oz)",
        "listPrice": "$26.00 ($25.74 / Fl Oz)",
        "imageUrl": "https://m.media-amazon.com/images/I/31Gh0PLJWkL._SL160_.jpg",
        "detailPageURL": "https://www.amazon.com/dp/B085FSZ672",
        "rating": "4.5",
        "totalReviews": "317",
        "subtitle": "HEIMISH",
        "isPrimeEligible": "1"
    },
    {
        "ASIN": "B098QZL96Z",
        "title": "L'Oreal Paris Age Perfect Cell Renewal Anti-Aging Eye Cream, For Dark Circles & Puffiness 0.5 Fl Oz (Pack of 1)",
        "price": "$14.85 ($8.74 / Fl Oz)",
        "listPrice": "$28.99 ($17.05 / Fl Oz)",
        "imageUrl": "https://m.media-amazon.com/images/I/31MuDMyr1XL._SL160_.jpg",
        "detailPageURL": "https://www.amazon.com/dp/B098QZL96Z",
        "rating": "4.3",
        "totalReviews": "1606",
        "subtitle": "L\u2019Or\u00e9al Paris",
        "isPrimeEligible": "1"
    },
    {
        "ASIN": "B09P5ZRNVF",
        "title": "Kiehl's Creamy Eye Treatment with Avocado - 7 ml, Travel Size",
        "price": "$10.00 ($50.00 / Fl Oz)",
        "listPrice": "",
        "imageUrl": "https://m.media-amazon.com/images/I/21h5jLRIO-L._SL160_.jpg",
        "detailPageURL": "https://www.amazon.com/dp/B09P5ZRNVF",
        "rating": "4.3",
        "totalReviews": "1317",
        "subtitle": "Kiehl's",
        "isPrimeEligible": "1"
    },
    {
        "ASIN": "B00IEJJJYC",
        "title": "Multi Function Eye Cream 0.5 oz",
        "price": "$44.99 ($89.98 / Fl Oz)",
        "listPrice": "",
        "imageUrl": "https://m.media-amazon.com/images/I/31cBODgKeHL._SL160_.jpg",
        "detailPageURL": "https://www.amazon.com/dp/B00IEJJJYC",
        "rating": "4.5",
        "totalReviews": "261",
        "subtitle": "RODAN + FIELDS",
        "isPrimeEligible": "0"
    },
    {
        "ASIN": "B004D24818",
        "title": "Neutrogena Rapid Wrinkle Repair Retinol Eye Cream for Dark Circles, Daily Anti-Aging Under Eye Cream with Retinol & Hyaluronic Acid to Fight Fine Lines, Wrinkles, & Dark Spots, 0.5 fl. oz",
        "price": "$17.52 ($3.50 / Fl Oz)",
        "listPrice": "$29.49 ($5.90 / Fl Oz)",
        "imageUrl": "https://m.media-amazon.com/images/I/41bHH-v8WsL._SL160_.jpg",
        "detailPageURL": "https://www.amazon.com/dp/B004D24818",
        "rating": "4.4",
        "totalReviews": "20968",
        "subtitle": "Neutrogena",
        "isPrimeEligible": "1"
    },
    {
        "ASIN": "B07L9C3W23",
        "title": "Alastin Restorative Eye Treatment, 0.5 Fl Oz",
        "price": "$88.00 ($176.00 / Fl Oz)",
        "listPrice": "",
        "imageUrl": "https://m.media-amazon.com/images/I/2117Ip3y0kL._SL160_.jpg",
        "detailPageURL": "https://www.amazon.com/dp/B07L9C3W23",
        "rating": "4.6",
        "totalReviews": "155",
        "subtitle": "Alastin",
        "isPrimeEligible": "1"
    },
    {
        "ASIN": "B085CHYTDR",
        "title": "Farmacy Cheer Up Brightening Vitamin C Eye Cream with Hyaluronic Acid, Peptides & Caffeine - Treats Dark Circles & Fine Lines",
        "price": "$34.49 ($68.98 / Fl Oz)",
        "listPrice": "$45.00 ($90.00 / Fl Oz)",
        "imageUrl": "https://m.media-amazon.com/images/I/41ysVukgwdL._SL160_.jpg",
        "detailPageURL": "https://www.amazon.com/dp/B085CHYTDR",
        "rating": "4.4",
        "totalReviews": "285",
        "subtitle": "Farmacy",
        "isPrimeEligible": "1"
    },
    {
        "ASIN": "B01K2UMMI0",
        "title": "Baebody Eye Gel, Cooling Eye Gel For Dark Circles And Puffiness, Hydrating Eye Cream, Soothing Eye Gel, Brightening Eye Gel, Day And Night Eye Gel",
        "price": "$24.99 ($14.70 / Fl Oz)",
        "listPrice": "$34.99 ($20.58 / Fl Oz)",
        "imageUrl": "https://m.media-amazon.com/images/I/31Z-FmG2lYL._SL160_.jpg",
        "detailPageURL": "https://www.amazon.com/dp/B01K2UMMI0",
        "rating": "3.9",
        "totalReviews": "25769",
        "subtitle": "Baebody",
        "isPrimeEligible": "1"
    },
    {
        "ASIN": "B08P5YL69Q",
        "title": "AHC Aesthetic Hydration Cosmetics Facial Moisturizer Essential Eye Cream for Face AntiAging Hydrating Korean Skincare OZ, 0.33 Ounce",
        "price": "$3.99 ($12.09 / Ounce)",
        "listPrice": "$5.59 ($16.94 / Ounce)",
        "imageUrl": "https://m.media-amazon.com/images/I/31SQfgRN-BL._SL160_.jpg",
        "detailPageURL": "https://www.amazon.com/dp/B08P5YL69Q",
        "rating": "4.4",
        "totalReviews": "997",
        "subtitle": "AHC",
        "isPrimeEligible": "1"
    },
    {
        "ASIN": "B085FSZ672",
        "title": "[heimish] Marine Care Eye Cream 1.01fl.oz/30ml | Nourishing and Hydrating Eye Cream with Marine Collagen, Adenosine, and Peptides for Brighter, Firmer Under-Eye Area | Korean Skincare",
        "price": "$13.00 ($12.87 / Fl Oz)",
        "listPrice": "$26.00 ($25.74 / Fl Oz)",
        "imageUrl": "https://m.media-amazon.com/images/I/31Gh0PLJWkL._SL160_.jpg",
        "detailPageURL": "https://www.amazon.com/dp/B085FSZ672",
        "rating": "4.5",
        "totalReviews": "317",
        "subtitle": "HEIMISH",
        "isPrimeEligible": "1"
    },
    {
        "ASIN": "B098QZL96Z",
        "title": "L'Oreal Paris Age Perfect Cell Renewal Anti-Aging Eye Cream, For Dark Circles & Puffiness 0.5 Fl Oz (Pack of 1)",
        "price": "$14.85 ($8.74 / Fl Oz)",
        "listPrice": "$28.99 ($17.05 / Fl Oz)",
        "imageUrl": "https://m.media-amazon.com/images/I/31MuDMyr1XL._SL160_.jpg",
        "detailPageURL": "https://www.amazon.com/dp/B098QZL96Z",
        "rating": "4.3",
        "totalReviews": "1606",
        "subtitle": "L\u2019Or\u00e9al Paris",
        "isPrimeEligible": "1"
    },
    {
        "ASIN": "B09P5ZRNVF",
        "title": "Kiehl's Creamy Eye Treatment with Avocado - 7 ml, Travel Size",
        "price": "$10.00 ($50.00 / Fl Oz)",
        "listPrice": "",
        "imageUrl": "https://m.media-amazon.com/images/I/21h5jLRIO-L._SL160_.jpg",
        "detailPageURL": "https://www.amazon.com/dp/B09P5ZRNVF",
        "rating": "4.3",
        "totalReviews": "1317",
        "subtitle": "Kiehl's",
        "isPrimeEligible": "1"
    },
    {
        "ASIN": "B00IEJJJYC",
        "title": "Multi Function Eye Cream 0.5 oz",
        "price": "$44.99 ($89.98 / Fl Oz)",
        "listPrice": "",
        "imageUrl": "https://m.media-amazon.com/images/I/31cBODgKeHL._SL160_.jpg",
        "detailPageURL": "https://www.amazon.com/dp/B00IEJJJYC",
        "rating": "4.5",
        "totalReviews": "261",
        "subtitle": "RODAN + FIELDS",
        "isPrimeEligible": "0"
    },
    {
        "ASIN": "B004D24818",
        "title": "Neutrogena Rapid Wrinkle Repair Retinol Eye Cream for Dark Circles, Daily Anti-Aging Under Eye Cream with Retinol & Hyaluronic Acid to Fight Fine Lines, Wrinkles, & Dark Spots, 0.5 fl. oz",
        "price": "$17.52 ($3.50 / Fl Oz)",
        "listPrice": "$29.49 ($5.90 / Fl Oz)",
        "imageUrl": "https://m.media-amazon.com/images/I/41bHH-v8WsL._SL160_.jpg",
        "detailPageURL": "https://www.amazon.com/dp/B004D24818",
        "rating": "4.4",
        "totalReviews": "20968",
        "subtitle": "Neutrogena",
        "isPrimeEligible": "1"
    },
    {
        "ASIN": "B07L9C3W23",
        "title": "Alastin Restorative Eye Treatment, 0.5 Fl Oz",
        "price": "$88.00 ($176.00 / Fl Oz)",
        "listPrice": "",
        "imageUrl": "https://m.media-amazon.com/images/I/2117Ip3y0kL._SL160_.jpg",
        "detailPageURL": "https://www.amazon.com/dp/B07L9C3W23",
        "rating": "4.6",
        "totalReviews": "155",
        "subtitle": "Alastin",
        "isPrimeEligible": "1"
    },
    {
        "ASIN": "B085CHYTDR",
        "title": "Farmacy Cheer Up Brightening Vitamin C Eye Cream with Hyaluronic Acid, Peptides & Caffeine - Treats Dark Circles & Fine Lines",
        "price": "$34.49 ($68.98 / Fl Oz)",
        "listPrice": "$45.00 ($90.00 / Fl Oz)",
        "imageUrl": "https://m.media-amazon.com/images/I/41ysVukgwdL._SL160_.jpg",
        "detailPageURL": "https://www.amazon.com/dp/B085CHYTDR",
        "rating": "4.4",
        "totalReviews": "285",
        "subtitle": "Farmacy",
        "isPrimeEligible": "1"
    },
    {
        "ASIN": "B01K2UMMI0",
        "title": "Baebody Eye Gel, Cooling Eye Gel For Dark Circles And Puffiness, Hydrating Eye Cream, Soothing Eye Gel, Brightening Eye Gel, Day And Night Eye Gel",
        "price": "$24.99 ($14.70 / Fl Oz)",
        "listPrice": "$34.99 ($20.58 / Fl Oz)",
        "imageUrl": "https://m.media-amazon.com/images/I/31Z-FmG2lYL._SL160_.jpg",
        "detailPageURL": "https://www.amazon.com/dp/B01K2UMMI0",
        "rating": "3.9",
        "totalReviews": "25769",
        "subtitle": "Baebody",
        "isPrimeEligible": "1"
    },
    {
        "ASIN": "B08P5YL69Q",
        "title": "AHC Aesthetic Hydration Cosmetics Facial Moisturizer Essential Eye Cream for Face AntiAging Hydrating Korean Skincare OZ, 0.33 Ounce",
        "price": "$3.99 ($12.09 / Ounce)",
        "listPrice": "$5.59 ($16.94 / Ounce)",
        "imageUrl": "https://m.media-amazon.com/images/I/31SQfgRN-BL._SL160_.jpg",
        "detailPageURL": "https://www.amazon.com/dp/B08P5YL69Q",
        "rating": "4.4",
        "totalReviews": "997",
        "subtitle": "AHC",
        "isPrimeEligible": "1"
    },
    {
        "ASIN": "B07CKJRJXB",
        "title": "No7 Lift & Luminate Eye Cream - Dark Circles & Puffiness Solution - Shea Butter, Hyaluronic Acid & Ginseng (15ml)",
        "price": "$12.93",
        "listPrice": "$15.98",
        "imageUrl": "https://m.media-amazon.com/images/I/31pJCzbhXrL._SL160_.jpg",
        "detailPageURL": "https://www.amazon.com/dp/B07CKJRJXB",
        "rating": "4.5",
        "totalReviews": "1473",
        "subtitle": "No7",
        "isPrimeEligible": "0"
    },
    {
        "ASIN": "B098QZL96Z",
        "title": "L'Oreal Paris Age Perfect Cell Renewal Anti-Aging Eye Cream, For Dark Circles & Puffiness 0.5 Fl Oz (Pack of 1)",
        "price": "$14.85 ($8.74 / Fl Oz)",
        "listPrice": "$28.99 ($17.05 / Fl Oz)",
        "imageUrl": "https://m.media-amazon.com/images/I/31MuDMyr1XL._SL160_.jpg",
        "detailPageURL": "https://www.amazon.com/dp/B098QZL96Z",
        "rating": "4.3",
        "totalReviews": "1606",
        "subtitle": "L\u2019Or\u00e9al Paris",
        "isPrimeEligible": "1"
    },
    {
        "ASIN": "B09P5ZRNVF",
        "title": "Kiehl's Creamy Eye Treatment with Avocado - 7 ml, Travel Size",
        "price": "$10.00 ($50.00 / Fl Oz)",
        "listPrice": "",
        "imageUrl": "https://m.media-amazon.com/images/I/21h5jLRIO-L._SL160_.jpg",
        "detailPageURL": "https://www.amazon.com/dp/B09P5ZRNVF",
        "rating": "4.3",
        "totalReviews": "1317",
        "subtitle": "Kiehl's",
        "isPrimeEligible": "1"
    },
    {
        "ASIN": "B00IEJJJYC",
        "title": "Multi Function Eye Cream 0.5 oz",
        "price": "$44.99 ($89.98 / Fl Oz)",
        "listPrice": "",
        "imageUrl": "https://m.media-amazon.com/images/I/31cBODgKeHL._SL160_.jpg",
        "detailPageURL": "https://www.amazon.com/dp/B00IEJJJYC",
        "rating": "4.5",
        "totalReviews": "261",
        "subtitle": "RODAN + FIELDS",
        "isPrimeEligible": "0"
    },
    {
        "ASIN": "B004D24818",
        "title": "Neutrogena Rapid Wrinkle Repair Retinol Eye Cream for Dark Circles, Daily Anti-Aging Under Eye Cream with Retinol & Hyaluronic Acid to Fight Fine Lines, Wrinkles, & Dark Spots, 0.5 fl. oz",
        "price": "$17.52 ($3.50 / Fl Oz)",
        "listPrice": "$29.49 ($5.90 / Fl Oz)",
        "imageUrl": "https://m.media-amazon.com/images/I/41bHH-v8WsL._SL160_.jpg",
        "detailPageURL": "https://www.amazon.com/dp/B004D24818",
        "rating": "4.4",
        "totalReviews": "20968",
        "subtitle": "Neutrogena",
        "isPrimeEligible": "1"
    },
    {
        "ASIN": "B07L9C3W23",
        "title": "Alastin Restorative Eye Treatment, 0.5 Fl Oz",
        "price": "$88.00 ($176.00 / Fl Oz)",
        "listPrice": "",
        "imageUrl": "https://m.media-amazon.com/images/I/2117Ip3y0kL._SL160_.jpg",
        "detailPageURL": "https://www.amazon.com/dp/B07L9C3W23",
        "rating": "4.6",
        "totalReviews": "155",
        "subtitle": "Alastin",
        "isPrimeEligible": "1"
    },
    {
        "ASIN": "B085CHYTDR",
        "title": "Farmacy Cheer Up Brightening Vitamin C Eye Cream with Hyaluronic Acid, Peptides & Caffeine - Treats Dark Circles & Fine Lines",
        "price": "$34.49 ($68.98 / Fl Oz)",
        "listPrice": "$45.00 ($90.00 / Fl Oz)",
        "imageUrl": "https://m.media-amazon.com/images/I/41ysVukgwdL._SL160_.jpg",
        "detailPageURL": "https://www.amazon.com/dp/B085CHYTDR",
        "rating": "4.4",
        "totalReviews": "285",
        "subtitle": "Farmacy",
        "isPrimeEligible": "1"
    },
    {
        "ASIN": "B01K2UMMI0",
        "title": "Baebody Eye Gel, Cooling Eye Gel For Dark Circles And Puffiness, Hydrating Eye Cream, Soothing Eye Gel, Brightening Eye Gel, Day And Night Eye Gel",
        "price": "$24.99 ($14.70 / Fl Oz)",
        "listPrice": "$34.99 ($20.58 / Fl Oz)",
        "imageUrl": "https://m.media-amazon.com/images/I/31Z-FmG2lYL._SL160_.jpg",
        "detailPageURL": "https://www.amazon.com/dp/B01K2UMMI0",
        "rating": "3.9",
        "totalReviews": "25769",
        "subtitle": "Baebody",
        "isPrimeEligible": "1"
    },
    {
        "ASIN": "B08P5YL69Q",
        "title": "AHC Aesthetic Hydration Cosmetics Facial Moisturizer Essential Eye Cream for Face AntiAging Hydrating Korean Skincare OZ, 0.33 Ounce",
        "price": "$3.99 ($12.09 / Ounce)",
        "listPrice": "$5.59 ($16.94 / Ounce)",
        "imageUrl": "https://m.media-amazon.com/images/I/31SQfgRN-BL._SL160_.jpg",
        "detailPageURL": "https://www.amazon.com/dp/B08P5YL69Q",
        "rating": "4.4",
        "totalReviews": "997",
        "subtitle": "AHC",
        "isPrimeEligible": "1"
    },
    {
        "ASIN": "B07CKJRJXB",
        "title": "No7 Lift & Luminate Eye Cream - Dark Circles & Puffiness Solution - Shea Butter, Hyaluronic Acid & Ginseng (15ml)",
        "price": "$12.93",
        "listPrice": "$15.98",
        "imageUrl": "https://m.media-amazon.com/images/I/31pJCzbhXrL._SL160_.jpg",
        "detailPageURL": "https://www.amazon.com/dp/B07CKJRJXB",
        "rating": "4.5",
        "totalReviews": "1473",
        "subtitle": "No7",
        "isPrimeEligible": "0"
    },
    {
        "ASIN": "B07NN8WFGR",
        "title": "StriVectin Advanced Acids Hyaluronic Tripeptide Gel Cream for Eyes, Intense Hydration & Blue Light Neutralizer, 0.5 Fl Oz",
        "price": "$32.50 ($65.00 / Fl Oz)",
        "listPrice": "$65.00 ($130.00 / Fl Oz)",
        "imageUrl": "https://m.media-amazon.com/images/I/31JEapo1RvS._SL160_.jpg",
        "detailPageURL": "https://www.amazon.com/dp/B07NN8WFGR",
        "rating": "4.5",
        "totalReviews": "682",
        "subtitle": "",
        "isPrimeEligible": "1"
    },
    {
        "ASIN": "B09P5ZRNVF",
        "title": "Kiehl's Creamy Eye Treatment with Avocado - 7 ml, Travel Size",
        "price": "$10.00 ($50.00 / Fl Oz)",
        "listPrice": "",
        "imageUrl": "https://m.media-amazon.com/images/I/21h5jLRIO-L._SL160_.jpg",
        "detailPageURL": "https://www.amazon.com/dp/B09P5ZRNVF",
        "rating": "4.3",
        "totalReviews": "1317",
        "subtitle": "Kiehl's",
        "isPrimeEligible": "1"
    },
    {
        "ASIN": "B00IEJJJYC",
        "title": "Multi Function Eye Cream 0.5 oz",
        "price": "$44.99 ($89.98 / Fl Oz)",
        "listPrice": "",
        "imageUrl": "https://m.media-amazon.com/images/I/31cBODgKeHL._SL160_.jpg",
        "detailPageURL": "https://www.amazon.com/dp/B00IEJJJYC",
        "rating": "4.5",
        "totalReviews": "261",
        "subtitle": "RODAN + FIELDS",
        "isPrimeEligible": "0"
    },
    {
        "ASIN": "B004D24818",
        "title": "Neutrogena Rapid Wrinkle Repair Retinol Eye Cream for Dark Circles, Daily Anti-Aging Under Eye Cream with Retinol & Hyaluronic Acid to Fight Fine Lines, Wrinkles, & Dark Spots, 0.5 fl. oz",
        "price": "$17.52 ($3.50 / Fl Oz)",
        "listPrice": "$29.49 ($5.90 / Fl Oz)",
        "imageUrl": "https://m.media-amazon.com/images/I/41bHH-v8WsL._SL160_.jpg",
        "detailPageURL": "https://www.amazon.com/dp/B004D24818",
        "rating": "4.4",
        "totalReviews": "20968",
        "subtitle": "Neutrogena",
        "isPrimeEligible": "1"
    },
    {
        "ASIN": "B07L9C3W23",
        "title": "Alastin Restorative Eye Treatment, 0.5 Fl Oz",
        "price": "$88.00 ($176.00 / Fl Oz)",
        "listPrice": "",
        "imageUrl": "https://m.media-amazon.com/images/I/2117Ip3y0kL._SL160_.jpg",
        "detailPageURL": "https://www.amazon.com/dp/B07L9C3W23",
        "rating": "4.6",
        "totalReviews": "155",
        "subtitle": "Alastin",
        "isPrimeEligible": "1"
    },
    {
        "ASIN": "B085CHYTDR",
        "title": "Farmacy Cheer Up Brightening Vitamin C Eye Cream with Hyaluronic Acid, Peptides & Caffeine - Treats Dark Circles & Fine Lines",
        "price": "$34.49 ($68.98 / Fl Oz)",
        "listPrice": "$45.00 ($90.00 / Fl Oz)",
        "imageUrl": "https://m.media-amazon.com/images/I/41ysVukgwdL._SL160_.jpg",
        "detailPageURL": "https://www.amazon.com/dp/B085CHYTDR",
        "rating": "4.4",
        "totalReviews": "285",
        "subtitle": "Farmacy",
        "isPrimeEligible": "1"
    },
    {
        "ASIN": "B01K2UMMI0",
        "title": "Baebody Eye Gel, Cooling Eye Gel For Dark Circles And Puffiness, Hydrating Eye Cream, Soothing Eye Gel, Brightening Eye Gel, Day And Night Eye Gel",
        "price": "$24.99 ($14.70 / Fl Oz)",
        "listPrice": "$34.99 ($20.58 / Fl Oz)",
        "imageUrl": "https://m.media-amazon.com/images/I/31Z-FmG2lYL._SL160_.jpg",
        "detailPageURL": "https://www.amazon.com/dp/B01K2UMMI0",
        "rating": "3.9",
        "totalReviews": "25769",
        "subtitle": "Baebody",
        "isPrimeEligible": "1"
    },
    {
        "ASIN": "B08P5YL69Q",
        "title": "AHC Aesthetic Hydration Cosmetics Facial Moisturizer Essential Eye Cream for Face AntiAging Hydrating Korean Skincare OZ, 0.33 Ounce",
        "price": "$3.99 ($12.09 / Ounce)",
        "listPrice": "$5.59 ($16.94 / Ounce)",
        "imageUrl": "https://m.media-amazon.com/images/I/31SQfgRN-BL._SL160_.jpg",
        "detailPageURL": "https://www.amazon.com/dp/B08P5YL69Q",
        "rating": "4.4",
        "totalReviews": "997",
        "subtitle": "AHC",
        "isPrimeEligible": "1"
    },
    {
        "ASIN": "B07CKJRJXB",
        "title": "No7 Lift & Luminate Eye Cream - Dark Circles & Puffiness Solution - Shea Butter, Hyaluronic Acid & Ginseng (15ml)",
        "price": "$12.93",
        "listPrice": "$15.98",
        "imageUrl": "https://m.media-amazon.com/images/I/31pJCzbhXrL._SL160_.jpg",
        "detailPageURL": "https://www.amazon.com/dp/B07CKJRJXB",
        "rating": "4.5",
        "totalReviews": "1473",
        "subtitle": "No7",
        "isPrimeEligible": "0"
    },
    {
        "ASIN": "B07NN8WFGR",
        "title": "StriVectin Advanced Acids Hyaluronic Tripeptide Gel Cream for Eyes, Intense Hydration & Blue Light Neutralizer, 0.5 Fl Oz",
        "price": "$32.50 ($65.00 / Fl Oz)",
        "listPrice": "$65.00 ($130.00 / Fl Oz)",
        "imageUrl": "https://m.media-amazon.com/images/I/31JEapo1RvS._SL160_.jpg",
        "detailPageURL": "https://www.amazon.com/dp/B07NN8WFGR",
        "rating": "4.5",
        "totalReviews": "682",
        "subtitle": "",
        "isPrimeEligible": "1"
    },
    {
        "ASIN": "B08NVSY45N",
        "title": "Yes To Avocado Daily Eye Cream, Fragrance-Free, Hydrating & Smoothing, with Hyaluronic Acid & Omega 3, 0.5 Fl Oz",
        "price": "$9.49",
        "listPrice": "$10.99",
        "imageUrl": "https://m.media-amazon.com/images/I/31ak-7Up4BL._SL160_.jpg",
        "detailPageURL": "https://www.amazon.com/dp/B08NVSY45N",
        "rating": "4.2",
        "totalReviews": "1351",
        "subtitle": "Yes To",
        "isPrimeEligible": "1"
    },
    {
        "ASIN": "B00IEJJJYC",
        "title": "Multi Function Eye Cream 0.5 oz",
        "price": "$44.99 ($89.98 / Fl Oz)",
        "listPrice": "",
        "imageUrl": "https://m.media-amazon.com/images/I/31cBODgKeHL._SL160_.jpg",
        "detailPageURL": "https://www.amazon.com/dp/B00IEJJJYC",
        "rating": "4.5",
        "totalReviews": "261",
        "subtitle": "RODAN + FIELDS",
        "isPrimeEligible": "0"
    },
    {
        "ASIN": "B004D24818",
        "title": "Neutrogena Rapid Wrinkle Repair Retinol Eye Cream for Dark Circles, Daily Anti-Aging Under Eye Cream with Retinol & Hyaluronic Acid to Fight Fine Lines, Wrinkles, & Dark Spots, 0.5 fl. oz",
        "price": "$17.52 ($3.50 / Fl Oz)",
        "listPrice": "$29.49 ($5.90 / Fl Oz)",
        "imageUrl": "https://m.media-amazon.com/images/I/41bHH-v8WsL._SL160_.jpg",
        "detailPageURL": "https://www.amazon.com/dp/B004D24818",
        "rating": "4.4",
        "totalReviews": "20968",
        "subtitle": "Neutrogena",
        "isPrimeEligible": "1"
    },
    {
        "ASIN": "B07L9C3W23",
        "title": "Alastin Restorative Eye Treatment, 0.5 Fl Oz",
        "price": "$88.00 ($176.00 / Fl Oz)",
        "listPrice": "",
        "imageUrl": "https://m.media-amazon.com/images/I/2117Ip3y0kL._SL160_.jpg",
        "detailPageURL": "https://www.amazon.com/dp/B07L9C3W23",
        "rating": "4.6",
        "totalReviews": "155",
        "subtitle": "Alastin",
        "isPrimeEligible": "1"
    },
    {
        "ASIN": "B085CHYTDR",
        "title": "Farmacy Cheer Up Brightening Vitamin C Eye Cream with Hyaluronic Acid, Peptides & Caffeine - Treats Dark Circles & Fine Lines",
        "price": "$34.49 ($68.98 / Fl Oz)",
        "listPrice": "$45.00 ($90.00 / Fl Oz)",
        "imageUrl": "https://m.media-amazon.com/images/I/41ysVukgwdL._SL160_.jpg",
        "detailPageURL": "https://www.amazon.com/dp/B085CHYTDR",
        "rating": "4.4",
        "totalReviews": "285",
        "subtitle": "Farmacy",
        "isPrimeEligible": "1"
    },
    {
        "ASIN": "B01K2UMMI0",
        "title": "Baebody Eye Gel, Cooling Eye Gel For Dark Circles And Puffiness, Hydrating Eye Cream, Soothing Eye Gel, Brightening Eye Gel, Day And Night Eye Gel",
        "price": "$24.99 ($14.70 / Fl Oz)",
        "listPrice": "$34.99 ($20.58 / Fl Oz)",
        "imageUrl": "https://m.media-amazon.com/images/I/31Z-FmG2lYL._SL160_.jpg",
        "detailPageURL": "https://www.amazon.com/dp/B01K2UMMI0",
        "rating": "3.9",
        "totalReviews": "25769",
        "subtitle": "Baebody",
        "isPrimeEligible": "1"
    },
    {
        "ASIN": "B08P5YL69Q",
        "title": "AHC Aesthetic Hydration Cosmetics Facial Moisturizer Essential Eye Cream for Face AntiAging Hydrating Korean Skincare OZ, 0.33 Ounce",
        "price": "$3.99 ($12.09 / Ounce)",
        "listPrice": "$5.59 ($16.94 / Ounce)",
        "imageUrl": "https://m.media-amazon.com/images/I/31SQfgRN-BL._SL160_.jpg",
        "detailPageURL": "https://www.amazon.com/dp/B08P5YL69Q",
        "rating": "4.4",
        "totalReviews": "997",
        "subtitle": "AHC",
        "isPrimeEligible": "1"
    },
    {
        "ASIN": "B07CKJRJXB",
        "title": "No7 Lift & Luminate Eye Cream - Dark Circles & Puffiness Solution - Shea Butter, Hyaluronic Acid & Ginseng (15ml)",
        "price": "$12.93",
        "listPrice": "$15.98",
        "imageUrl": "https://m.media-amazon.com/images/I/31pJCzbhXrL._SL160_.jpg",
        "detailPageURL": "https://www.amazon.com/dp/B07CKJRJXB",
        "rating": "4.5",
        "totalReviews": "1473",
        "subtitle": "No7",
        "isPrimeEligible": "0"
    },
    {
        "ASIN": "B07NN8WFGR",
        "title": "StriVectin Advanced Acids Hyaluronic Tripeptide Gel Cream for Eyes, Intense Hydration & Blue Light Neutralizer, 0.5 Fl Oz",
        "price": "$32.50 ($65.00 / Fl Oz)",
        "listPrice": "$65.00 ($130.00 / Fl Oz)",
        "imageUrl": "https://m.media-amazon.com/images/I/31JEapo1RvS._SL160_.jpg",
        "detailPageURL": "https://www.amazon.com/dp/B07NN8WFGR",
        "rating": "4.5",
        "totalReviews": "682",
        "subtitle": "",
        "isPrimeEligible": "1"
    },
    {
        "ASIN": "B08NVSY45N",
        "title": "Yes To Avocado Daily Eye Cream, Fragrance-Free, Hydrating & Smoothing, with Hyaluronic Acid & Omega 3, 0.5 Fl Oz",
        "price": "$9.49",
        "listPrice": "$10.99",
        "imageUrl": "https://m.media-amazon.com/images/I/31ak-7Up4BL._SL160_.jpg",
        "detailPageURL": "https://www.amazon.com/dp/B08NVSY45N",
        "rating": "4.2",
        "totalReviews": "1351",
        "subtitle": "Yes To",
        "isPrimeEligible": "1"
    },
    {
        "ASIN": "B07BRW7ZL5",
        "title": "No7 Restore & Renew Multi Action Eye Cream - Skin Renewing Under Eye Cream for Puffiness and Dark Circles - Eye Moisturizing Brightening Cream for Anti Wrinkles + Skin Firming (15ml)",
        "price": "$18.98 ($37.96 / Ounce)",
        "listPrice": "",
        "imageUrl": "https://m.media-amazon.com/images/I/21o35jiackL._SL160_.jpg",
        "detailPageURL": "https://www.amazon.com/dp/B07BRW7ZL5",
        "rating": "4.5",
        "totalReviews": "1297",
        "subtitle": "No7",
        "isPrimeEligible": "1"
    },
    {
        "ASIN": "B004D24818",
        "title": "Neutrogena Rapid Wrinkle Repair Retinol Eye Cream for Dark Circles, Daily Anti-Aging Under Eye Cream with Retinol & Hyaluronic Acid to Fight Fine Lines, Wrinkles, & Dark Spots, 0.5 fl. oz",
        "price": "$17.52 ($3.50 / Fl Oz)",
        "listPrice": "$29.49 ($5.90 / Fl Oz)",
        "imageUrl": "https://m.media-amazon.com/images/I/41bHH-v8WsL._SL160_.jpg",
        "detailPageURL": "https://www.amazon.com/dp/B004D24818",
        "rating": "4.4",
        "totalReviews": "20968",
        "subtitle": "Neutrogena",
        "isPrimeEligible": "1"
    },
    {
        "ASIN": "B07L9C3W23",
        "title": "Alastin Restorative Eye Treatment, 0.5 Fl Oz",
        "price": "$88.00 ($176.00 / Fl Oz)",
        "listPrice": "",
        "imageUrl": "https://m.media-amazon.com/images/I/2117Ip3y0kL._SL160_.jpg",
        "detailPageURL": "https://www.amazon.com/dp/B07L9C3W23",
        "rating": "4.6",
        "totalReviews": "155",
        "subtitle": "Alastin",
        "isPrimeEligible": "1"
    },
    {
        "ASIN": "B085CHYTDR",
        "title": "Farmacy Cheer Up Brightening Vitamin C Eye Cream with Hyaluronic Acid, Peptides & Caffeine - Treats Dark Circles & Fine Lines",
        "price": "$34.49 ($68.98 / Fl Oz)",
        "listPrice": "$45.00 ($90.00 / Fl Oz)",
        "imageUrl": "https://m.media-amazon.com/images/I/41ysVukgwdL._SL160_.jpg",
        "detailPageURL": "https://www.amazon.com/dp/B085CHYTDR",
        "rating": "4.4",
        "totalReviews": "285",
        "subtitle": "Farmacy",
        "isPrimeEligible": "1"
    },
    {
        "ASIN": "B01K2UMMI0",
        "title": "Baebody Eye Gel, Cooling Eye Gel For Dark Circles And Puffiness, Hydrating Eye Cream, Soothing Eye Gel, Brightening Eye Gel, Day And Night Eye Gel",
        "price": "$24.99 ($14.70 / Fl Oz)",
        "listPrice": "$34.99 ($20.58 / Fl Oz)",
        "imageUrl": "https://m.media-amazon.com/images/I/31Z-FmG2lYL._SL160_.jpg",
        "detailPageURL": "https://www.amazon.com/dp/B01K2UMMI0",
        "rating": "3.9",
        "totalReviews": "25769",
        "subtitle": "Baebody",
        "isPrimeEligible": "1"
    },
    {
        "ASIN": "B08P5YL69Q",
        "title": "AHC Aesthetic Hydration Cosmetics Facial Moisturizer Essential Eye Cream for Face AntiAging Hydrating Korean Skincare OZ, 0.33 Ounce",
        "price": "$3.99 ($12.09 / Ounce)",
        "listPrice": "$5.59 ($16.94 / Ounce)",
        "imageUrl": "https://m.media-amazon.com/images/I/31SQfgRN-BL._SL160_.jpg",
        "detailPageURL": "https://www.amazon.com/dp/B08P5YL69Q",
        "rating": "4.4",
        "totalReviews": "997",
        "subtitle": "AHC",
        "isPrimeEligible": "1"
    },
    {
        "ASIN": "B07CKJRJXB",
        "title": "No7 Lift & Luminate Eye Cream - Dark Circles & Puffiness Solution - Shea Butter, Hyaluronic Acid & Ginseng (15ml)",
        "price": "$12.93",
        "listPrice": "$15.98",
        "imageUrl": "https://m.media-amazon.com/images/I/31pJCzbhXrL._SL160_.jpg",
        "detailPageURL": "https://www.amazon.com/dp/B07CKJRJXB",
        "rating": "4.5",
        "totalReviews": "1473",
        "subtitle": "No7",
        "isPrimeEligible": "0"
    },
    {
        "ASIN": "B07NN8WFGR",
        "title": "StriVectin Advanced Acids Hyaluronic Tripeptide Gel Cream for Eyes, Intense Hydration & Blue Light Neutralizer, 0.5 Fl Oz",
        "price": "$32.50 ($65.00 / Fl Oz)",
        "listPrice": "$65.00 ($130.00 / Fl Oz)",
        "imageUrl": "https://m.media-amazon.com/images/I/31JEapo1RvS._SL160_.jpg",
        "detailPageURL": "https://www.amazon.com/dp/B07NN8WFGR",
        "rating": "4.5",
        "totalReviews": "682",
        "subtitle": "",
        "isPrimeEligible": "1"
    },
    {
        "ASIN": "B08NVSY45N",
        "title": "Yes To Avocado Daily Eye Cream, Fragrance-Free, Hydrating & Smoothing, with Hyaluronic Acid & Omega 3, 0.5 Fl Oz",
        "price": "$9.49",
        "listPrice": "$10.99",
        "imageUrl": "https://m.media-amazon.com/images/I/31ak-7Up4BL._SL160_.jpg",
        "detailPageURL": "https://www.amazon.com/dp/B08NVSY45N",
        "rating": "4.2",
        "totalReviews": "1351",
        "subtitle": "Yes To",
        "isPrimeEligible": "1"
    },
    {
        "ASIN": "B07BRW7ZL5",
        "title": "No7 Restore & Renew Multi Action Eye Cream - Skin Renewing Under Eye Cream for Puffiness and Dark Circles - Eye Moisturizing Brightening Cream for Anti Wrinkles + Skin Firming (15ml)",
        "price": "$18.98 ($37.96 / Ounce)",
        "listPrice": "",
        "imageUrl": "https://m.media-amazon.com/images/I/21o35jiackL._SL160_.jpg",
        "detailPageURL": "https://www.amazon.com/dp/B07BRW7ZL5",
        "rating": "4.5",
        "totalReviews": "1297",
        "subtitle": "No7",
        "isPrimeEligible": "1"
    },
    {
        "ASIN": "B00303GLXY",
        "title": "Obagi ELASTIderm Eye Cream, Firming Eye Cream for Fine Lines and Wrinkles, Ophthalmologist Tested, 0.5 oz",
        "price": "$125.00 ($125.00 / Fl Oz)",
        "listPrice": "",
        "imageUrl": "https://m.media-amazon.com/images/I/312tKfFFD7S._SL160_.jpg",
        "detailPageURL": "https://www.amazon.com/dp/B00303GLXY",
        "rating": "4.5",
        "totalReviews": "1013",
        "subtitle": "",
        "isPrimeEligible": "1"
    },
    {
        "ASIN": "B07L9C3W23",
        "title": "Alastin Restorative Eye Treatment, 0.5 Fl Oz",
        "price": "$88.00 ($176.00 / Fl Oz)",
        "listPrice": "",
        "imageUrl": "https://m.media-amazon.com/images/I/2117Ip3y0kL._SL160_.jpg",
        "detailPageURL": "https://www.amazon.com/dp/B07L9C3W23",
        "rating": "4.6",
        "totalReviews": "155",
        "subtitle": "Alastin",
        "isPrimeEligible": "1"
    },
    {
        "ASIN": "B085CHYTDR",
        "title": "Farmacy Cheer Up Brightening Vitamin C Eye Cream with Hyaluronic Acid, Peptides & Caffeine - Treats Dark Circles & Fine Lines",
        "price": "$34.49 ($68.98 / Fl Oz)",
        "listPrice": "$45.00 ($90.00 / Fl Oz)",
        "imageUrl": "https://m.media-amazon.com/images/I/41ysVukgwdL._SL160_.jpg",
        "detailPageURL": "https://www.amazon.com/dp/B085CHYTDR",
        "rating": "4.4",
        "totalReviews": "285",
        "subtitle": "Farmacy",
        "isPrimeEligible": "1"
    },
    {
        "ASIN": "B01K2UMMI0",
        "title": "Baebody Eye Gel, Cooling Eye Gel For Dark Circles And Puffiness, Hydrating Eye Cream, Soothing Eye Gel, Brightening Eye Gel, Day And Night Eye Gel",
        "price": "$24.99 ($14.70 / Fl Oz)",
        "listPrice": "$34.99 ($20.58 / Fl Oz)",
        "imageUrl": "https://m.media-amazon.com/images/I/31Z-FmG2lYL._SL160_.jpg",
        "detailPageURL": "https://www.amazon.com/dp/B01K2UMMI0",
        "rating": "3.9",
        "totalReviews": "25769",
        "subtitle": "Baebody",
        "isPrimeEligible": "1"
    },
    {
        "ASIN": "B08P5YL69Q",
        "title": "AHC Aesthetic Hydration Cosmetics Facial Moisturizer Essential Eye Cream for Face AntiAging Hydrating Korean Skincare OZ, 0.33 Ounce",
        "price": "$3.99 ($12.09 / Ounce)",
        "listPrice": "$5.59 ($16.94 / Ounce)",
        "imageUrl": "https://m.media-amazon.com/images/I/31SQfgRN-BL._SL160_.jpg",
        "detailPageURL": "https://www.amazon.com/dp/B08P5YL69Q",
        "rating": "4.4",
        "totalReviews": "997",
        "subtitle": "AHC",
        "isPrimeEligible": "1"
    },
    {
        "ASIN": "B07CKJRJXB",
        "title": "No7 Lift & Luminate Eye Cream - Dark Circles & Puffiness Solution - Shea Butter, Hyaluronic Acid & Ginseng (15ml)",
        "price": "$12.93",
        "listPrice": "$15.98",
        "imageUrl": "https://m.media-amazon.com/images/I/31pJCzbhXrL._SL160_.jpg",
        "detailPageURL": "https://www.amazon.com/dp/B07CKJRJXB",
        "rating": "4.5",
        "totalReviews": "1473",
        "subtitle": "No7",
        "isPrimeEligible": "0"
    },
    {
        "ASIN": "B07NN8WFGR",
        "title": "StriVectin Advanced Acids Hyaluronic Tripeptide Gel Cream for Eyes, Intense Hydration & Blue Light Neutralizer, 0.5 Fl Oz",
        "price": "$32.50 ($65.00 / Fl Oz)",
        "listPrice": "$65.00 ($130.00 / Fl Oz)",
        "imageUrl": "https://m.media-amazon.com/images/I/31JEapo1RvS._SL160_.jpg",
        "detailPageURL": "https://www.amazon.com/dp/B07NN8WFGR",
        "rating": "4.5",
        "totalReviews": "682",
        "subtitle": "",
        "isPrimeEligible": "1"
    },
    {
        "ASIN": "B08NVSY45N",
        "title": "Yes To Avocado Daily Eye Cream, Fragrance-Free, Hydrating & Smoothing, with Hyaluronic Acid & Omega 3, 0.5 Fl Oz",
        "price": "$9.49",
        "listPrice": "$10.99",
        "imageUrl": "https://m.media-amazon.com/images/I/31ak-7Up4BL._SL160_.jpg",
        "detailPageURL": "https://www.amazon.com/dp/B08NVSY45N",
        "rating": "4.2",
        "totalReviews": "1351",
        "subtitle": "Yes To",
        "isPrimeEligible": "1"
    },
    {
        "ASIN": "B07BRW7ZL5",
        "title": "No7 Restore & Renew Multi Action Eye Cream - Skin Renewing Under Eye Cream for Puffiness and Dark Circles - Eye Moisturizing Brightening Cream for Anti Wrinkles + Skin Firming (15ml)",
        "price": "$18.98 ($37.96 / Ounce)",
        "listPrice": "",
        "imageUrl": "https://m.media-amazon.com/images/I/21o35jiackL._SL160_.jpg",
        "detailPageURL": "https://www.amazon.com/dp/B07BRW7ZL5",
        "rating": "4.5",
        "totalReviews": "1297",
        "subtitle": "No7",
        "isPrimeEligible": "1"
    },
    {
        "ASIN": "B00303GLXY",
        "title": "Obagi ELASTIderm Eye Cream, Firming Eye Cream for Fine Lines and Wrinkles, Ophthalmologist Tested, 0.5 oz",
        "price": "$125.00 ($125.00 / Fl Oz)",
        "listPrice": "",
        "imageUrl": "https://m.media-amazon.com/images/I/312tKfFFD7S._SL160_.jpg",
        "detailPageURL": "https://www.amazon.com/dp/B00303GLXY",
        "rating": "4.5",
        "totalReviews": "1013",
        "subtitle": "",
        "isPrimeEligible": "1"
    },
    {
        "ASIN": "B000OUTR32",
        "title": "Clinique All About Eyes Cream for Unisex, 0.5 Ounce",
        "price": "$19.00 ($37.25 / Fl Oz)",
        "listPrice": "$22.99 ($45.08 / Fl Oz)",
        "imageUrl": "https://m.media-amazon.com/images/I/41Y4fwziWJL._SL160_.jpg",
        "detailPageURL": "https://www.amazon.com/dp/B000OUTR32",
        "rating": "4.6",
        "totalReviews": "2021",
        "subtitle": "Clinique",
        "isPrimeEligible": "1"
    },
    {
        "ASIN": "B085CHYTDR",
        "title": "Farmacy Cheer Up Brightening Vitamin C Eye Cream with Hyaluronic Acid, Peptides & Caffeine - Treats Dark Circles & Fine Lines",
        "price": "$34.49 ($68.98 / Fl Oz)",
        "listPrice": "$45.00 ($90.00 / Fl Oz)",
        "imageUrl": "https://m.media-amazon.com/images/I/41ysVukgwdL._SL160_.jpg",
        "detailPageURL": "https://www.amazon.com/dp/B085CHYTDR",
        "rating": "4.4",
        "totalReviews": "285",
        "subtitle": "Farmacy",
        "isPrimeEligible": "1"
    },
    {
        "ASIN": "B01K2UMMI0",
        "title": "Baebody Eye Gel, Cooling Eye Gel For Dark Circles And Puffiness, Hydrating Eye Cream, Soothing Eye Gel, Brightening Eye Gel, Day And Night Eye Gel",
        "price": "$24.99 ($14.70 / Fl Oz)",
        "listPrice": "$34.99 ($20.58 / Fl Oz)",
        "imageUrl": "https://m.media-amazon.com/images/I/31Z-FmG2lYL._SL160_.jpg",
        "detailPageURL": "https://www.amazon.com/dp/B01K2UMMI0",
        "rating": "3.9",
        "totalReviews": "25769",
        "subtitle": "Baebody",
        "isPrimeEligible": "1"
    },
    {
        "ASIN": "B08P5YL69Q",
        "title": "AHC Aesthetic Hydration Cosmetics Facial Moisturizer Essential Eye Cream for Face AntiAging Hydrating Korean Skincare OZ, 0.33 Ounce",
        "price": "$3.99 ($12.09 / Ounce)",
        "listPrice": "$5.59 ($16.94 / Ounce)",
        "imageUrl": "https://m.media-amazon.com/images/I/31SQfgRN-BL._SL160_.jpg",
        "detailPageURL": "https://www.amazon.com/dp/B08P5YL69Q",
        "rating": "4.4",
        "totalReviews": "997",
        "subtitle": "AHC",
        "isPrimeEligible": "1"
    },
    {
        "ASIN": "B07CKJRJXB",
        "title": "No7 Lift & Luminate Eye Cream - Dark Circles & Puffiness Solution - Shea Butter, Hyaluronic Acid & Ginseng (15ml)",
        "price": "$12.93",
        "listPrice": "$15.98",
        "imageUrl": "https://m.media-amazon.com/images/I/31pJCzbhXrL._SL160_.jpg",
        "detailPageURL": "https://www.amazon.com/dp/B07CKJRJXB",
        "rating": "4.5",
        "totalReviews": "1473",
        "subtitle": "No7",
        "isPrimeEligible": "0"
    },
    {
        "ASIN": "B07NN8WFGR",
        "title": "StriVectin Advanced Acids Hyaluronic Tripeptide Gel Cream for Eyes, Intense Hydration & Blue Light Neutralizer, 0.5 Fl Oz",
        "price": "$32.50 ($65.00 / Fl Oz)",
        "listPrice": "$65.00 ($130.00 / Fl Oz)",
        "imageUrl": "https://m.media-amazon.com/images/I/31JEapo1RvS._SL160_.jpg",
        "detailPageURL": "https://www.amazon.com/dp/B07NN8WFGR",
        "rating": "4.5",
        "totalReviews": "682",
        "subtitle": "",
        "isPrimeEligible": "1"
    },
    {
        "ASIN": "B08NVSY45N",
        "title": "Yes To Avocado Daily Eye Cream, Fragrance-Free, Hydrating & Smoothing, with Hyaluronic Acid & Omega 3, 0.5 Fl Oz",
        "price": "$9.49",
        "listPrice": "$10.99",
        "imageUrl": "https://m.media-amazon.com/images/I/31ak-7Up4BL._SL160_.jpg",
        "detailPageURL": "https://www.amazon.com/dp/B08NVSY45N",
        "rating": "4.2",
        "totalReviews": "1351",
        "subtitle": "Yes To",
        "isPrimeEligible": "1"
    },
    {
        "ASIN": "B07BRW7ZL5",
        "title": "No7 Restore & Renew Multi Action Eye Cream - Skin Renewing Under Eye Cream for Puffiness and Dark Circles - Eye Moisturizing Brightening Cream for Anti Wrinkles + Skin Firming (15ml)",
        "price": "$18.98 ($37.96 / Ounce)",
        "listPrice": "",
        "imageUrl": "https://m.media-amazon.com/images/I/21o35jiackL._SL160_.jpg",
        "detailPageURL": "https://www.amazon.com/dp/B07BRW7ZL5",
        "rating": "4.5",
        "totalReviews": "1297",
        "subtitle": "No7",
        "isPrimeEligible": "1"
    },
    {
        "ASIN": "B00303GLXY",
        "title": "Obagi ELASTIderm Eye Cream, Firming Eye Cream for Fine Lines and Wrinkles, Ophthalmologist Tested, 0.5 oz",
        "price": "$125.00 ($125.00 / Fl Oz)",
        "listPrice": "",
        "imageUrl": "https://m.media-amazon.com/images/I/312tKfFFD7S._SL160_.jpg",
        "detailPageURL": "https://www.amazon.com/dp/B00303GLXY",
        "rating": "4.5",
        "totalReviews": "1013",
        "subtitle": "",
        "isPrimeEligible": "1"
    },
    {
        "ASIN": "B000OUTR32",
        "title": "Clinique All About Eyes Cream for Unisex, 0.5 Ounce",
        "price": "$19.00 ($37.25 / Fl Oz)",
        "listPrice": "$22.99 ($45.08 / Fl Oz)",
        "imageUrl": "https://m.media-amazon.com/images/I/41Y4fwziWJL._SL160_.jpg",
        "detailPageURL": "https://www.amazon.com/dp/B000OUTR32",
        "rating": "4.6",
        "totalReviews": "2021",
        "subtitle": "Clinique",
        "isPrimeEligible": "1"
    },
    {
        "ASIN": "B00AGPUL7G",
        "title": "Clinique All About Eyes Rich Cream, 0.5 Ounce",
        "price": "$24.07 ($48.14 / Ounce)",
        "listPrice": "$27.03 ($54.06 / Ounce)",
        "imageUrl": "https://m.media-amazon.com/images/I/31p+xIfadwL._SL160_.jpg",
        "detailPageURL": "https://www.amazon.com/dp/B00AGPUL7G",
        "rating": "4.7",
        "totalReviews": "1312",
        "subtitle": "Clinique",
        "isPrimeEligible": "1"
    },
    {
        "ASIN": "B01K2UMMI0",
        "title": "Baebody Eye Gel, Cooling Eye Gel For Dark Circles And Puffiness, Hydrating Eye Cream, Soothing Eye Gel, Brightening Eye Gel, Day And Night Eye Gel",
        "price": "$24.99 ($14.70 / Fl Oz)",
        "listPrice": "$34.99 ($20.58 / Fl Oz)",
        "imageUrl": "https://m.media-amazon.com/images/I/31Z-FmG2lYL._SL160_.jpg",
        "detailPageURL": "https://www.amazon.com/dp/B01K2UMMI0",
        "rating": "3.9",
        "totalReviews": "25769",
        "subtitle": "Baebody",
        "isPrimeEligible": "1"
    },
    {
        "ASIN": "B08P5YL69Q",
        "title": "AHC Aesthetic Hydration Cosmetics Facial Moisturizer Essential Eye Cream for Face AntiAging Hydrating Korean Skincare OZ, 0.33 Ounce",
        "price": "$3.99 ($12.09 / Ounce)",
        "listPrice": "$5.59 ($16.94 / Ounce)",
        "imageUrl": "https://m.media-amazon.com/images/I/31SQfgRN-BL._SL160_.jpg",
        "detailPageURL": "https://www.amazon.com/dp/B08P5YL69Q",
        "rating": "4.4",
        "totalReviews": "997",
        "subtitle": "AHC",
        "isPrimeEligible": "1"
    },
    {
        "ASIN": "B07CKJRJXB",
        "title": "No7 Lift & Luminate Eye Cream - Dark Circles & Puffiness Solution - Shea Butter, Hyaluronic Acid & Ginseng (15ml)",
        "price": "$12.93",
        "listPrice": "$15.98",
        "imageUrl": "https://m.media-amazon.com/images/I/31pJCzbhXrL._SL160_.jpg",
        "detailPageURL": "https://www.amazon.com/dp/B07CKJRJXB",
        "rating": "4.5",
        "totalReviews": "1473",
        "subtitle": "No7",
        "isPrimeEligible": "0"
    },
    {
        "ASIN": "B07NN8WFGR",
        "title": "StriVectin Advanced Acids Hyaluronic Tripeptide Gel Cream for Eyes, Intense Hydration & Blue Light Neutralizer, 0.5 Fl Oz",
        "price": "$32.50 ($65.00 / Fl Oz)",
        "listPrice": "$65.00 ($130.00 / Fl Oz)",
        "imageUrl": "https://m.media-amazon.com/images/I/31JEapo1RvS._SL160_.jpg",
        "detailPageURL": "https://www.amazon.com/dp/B07NN8WFGR",
        "rating": "4.5",
        "totalReviews": "682",
        "subtitle": "",
        "isPrimeEligible": "1"
    },
    {
        "ASIN": "B08NVSY45N",
        "title": "Yes To Avocado Daily Eye Cream, Fragrance-Free, Hydrating & Smoothing, with Hyaluronic Acid & Omega 3, 0.5 Fl Oz",
        "price": "$9.49",
        "listPrice": "$10.99",
        "imageUrl": "https://m.media-amazon.com/images/I/31ak-7Up4BL._SL160_.jpg",
        "detailPageURL": "https://www.amazon.com/dp/B08NVSY45N",
        "rating": "4.2",
        "totalReviews": "1351",
        "subtitle": "Yes To",
        "isPrimeEligible": "1"
    },
    {
        "ASIN": "B07BRW7ZL5",
        "title": "No7 Restore & Renew Multi Action Eye Cream - Skin Renewing Under Eye Cream for Puffiness and Dark Circles - Eye Moisturizing Brightening Cream for Anti Wrinkles + Skin Firming (15ml)",
        "price": "$18.98 ($37.96 / Ounce)",
        "listPrice": "",
        "imageUrl": "https://m.media-amazon.com/images/I/21o35jiackL._SL160_.jpg",
        "detailPageURL": "https://www.amazon.com/dp/B07BRW7ZL5",
        "rating": "4.5",
        "totalReviews": "1297",
        "subtitle": "No7",
        "isPrimeEligible": "1"
    },
    {
        "ASIN": "B00303GLXY",
        "title": "Obagi ELASTIderm Eye Cream, Firming Eye Cream for Fine Lines and Wrinkles, Ophthalmologist Tested, 0.5 oz",
        "price": "$125.00 ($125.00 / Fl Oz)",
        "listPrice": "",
        "imageUrl": "https://m.media-amazon.com/images/I/312tKfFFD7S._SL160_.jpg",
        "detailPageURL": "https://www.amazon.com/dp/B00303GLXY",
        "rating": "4.5",
        "totalReviews": "1013",
        "subtitle": "",
        "isPrimeEligible": "1"
    },
    {
        "ASIN": "B000OUTR32",
        "title": "Clinique All About Eyes Cream for Unisex, 0.5 Ounce",
        "price": "$19.00 ($37.25 / Fl Oz)",
        "listPrice": "$22.99 ($45.08 / Fl Oz)",
        "imageUrl": "https://m.media-amazon.com/images/I/41Y4fwziWJL._SL160_.jpg",
        "detailPageURL": "https://www.amazon.com/dp/B000OUTR32",
        "rating": "4.6",
        "totalReviews": "2021",
        "subtitle": "Clinique",
        "isPrimeEligible": "1"
    },
    {
        "ASIN": "B00AGPUL7G",
        "title": "Clinique All About Eyes Rich Cream, 0.5 Ounce",
        "price": "$24.07 ($48.14 / Ounce)",
        "listPrice": "$27.03 ($54.06 / Ounce)",
        "imageUrl": "https://m.media-amazon.com/images/I/31p+xIfadwL._SL160_.jpg",
        "detailPageURL": "https://www.amazon.com/dp/B00AGPUL7G",
        "rating": "4.7",
        "totalReviews": "1312",
        "subtitle": "Clinique",
        "isPrimeEligible": "1"
    },
    {
        "ASIN": "B08G67TX18",
        "title": "Neocutis Lumiere Firm Riche - Extra Moisturizing Illuminating & Tightening Eye Cream - 15 ML",
        "price": "$118.00 ($236.00 / Fl Oz)",
        "listPrice": "",
        "imageUrl": "https://m.media-amazon.com/images/I/41oosrqKPDL._SL160_.jpg",
        "detailPageURL": "https://www.amazon.com/dp/B08G67TX18",
        "rating": "4.6",
        "totalReviews": "356",
        "subtitle": "",
        "isPrimeEligible": "1"
    },
    {
        "ASIN": "B08P5YL69Q",
        "title": "AHC Aesthetic Hydration Cosmetics Facial Moisturizer Essential Eye Cream for Face AntiAging Hydrating Korean Skincare OZ, 0.33 Ounce",
        "price": "$3.99 ($12.09 / Ounce)",
        "listPrice": "$5.59 ($16.94 / Ounce)",
        "imageUrl": "https://m.media-amazon.com/images/I/31SQfgRN-BL._SL160_.jpg",
        "detailPageURL": "https://www.amazon.com/dp/B08P5YL69Q",
        "rating": "4.4",
        "totalReviews": "997",
        "subtitle": "AHC",
        "isPrimeEligible": "1"
    },
    {
        "ASIN": "B07CKJRJXB",
        "title": "No7 Lift & Luminate Eye Cream - Dark Circles & Puffiness Solution - Shea Butter, Hyaluronic Acid & Ginseng (15ml)",
        "price": "$12.93",
        "listPrice": "$15.98",
        "imageUrl": "https://m.media-amazon.com/images/I/31pJCzbhXrL._SL160_.jpg",
        "detailPageURL": "https://www.amazon.com/dp/B07CKJRJXB",
        "rating": "4.5",
        "totalReviews": "1473",
        "subtitle": "No7",
        "isPrimeEligible": "0"
    },
    {
        "ASIN": "B07NN8WFGR",
        "title": "StriVectin Advanced Acids Hyaluronic Tripeptide Gel Cream for Eyes, Intense Hydration & Blue Light Neutralizer, 0.5 Fl Oz",
        "price": "$32.50 ($65.00 / Fl Oz)",
        "listPrice": "$65.00 ($130.00 / Fl Oz)",
        "imageUrl": "https://m.media-amazon.com/images/I/31JEapo1RvS._SL160_.jpg",
        "detailPageURL": "https://www.amazon.com/dp/B07NN8WFGR",
        "rating": "4.5",
        "totalReviews": "682",
        "subtitle": "",
        "isPrimeEligible": "1"
    },
    {
        "ASIN": "B08NVSY45N",
        "title": "Yes To Avocado Daily Eye Cream, Fragrance-Free, Hydrating & Smoothing, with Hyaluronic Acid & Omega 3, 0.5 Fl Oz",
        "price": "$9.49",
        "listPrice": "$10.99",
        "imageUrl": "https://m.media-amazon.com/images/I/31ak-7Up4BL._SL160_.jpg",
        "detailPageURL": "https://www.amazon.com/dp/B08NVSY45N",
        "rating": "4.2",
        "totalReviews": "1351",
        "subtitle": "Yes To",
        "isPrimeEligible": "1"
    },
    {
        "ASIN": "B07BRW7ZL5",
        "title": "No7 Restore & Renew Multi Action Eye Cream - Skin Renewing Under Eye Cream for Puffiness and Dark Circles - Eye Moisturizing Brightening Cream for Anti Wrinkles + Skin Firming (15ml)",
        "price": "$18.98 ($37.96 / Ounce)",
        "listPrice": "",
        "imageUrl": "https://m.media-amazon.com/images/I/21o35jiackL._SL160_.jpg",
        "detailPageURL": "https://www.amazon.com/dp/B07BRW7ZL5",
        "rating": "4.5",
        "totalReviews": "1297",
        "subtitle": "No7",
        "isPrimeEligible": "1"
    },
    {
        "ASIN": "B00303GLXY",
        "title": "Obagi ELASTIderm Eye Cream, Firming Eye Cream for Fine Lines and Wrinkles, Ophthalmologist Tested, 0.5 oz",
        "price": "$125.00 ($125.00 / Fl Oz)",
        "listPrice": "",
        "imageUrl": "https://m.media-amazon.com/images/I/312tKfFFD7S._SL160_.jpg",
        "detailPageURL": "https://www.amazon.com/dp/B00303GLXY",
        "rating": "4.5",
        "totalReviews": "1013",
        "subtitle": "",
        "isPrimeEligible": "1"
    },
    {
        "ASIN": "B000OUTR32",
        "title": "Clinique All About Eyes Cream for Unisex, 0.5 Ounce",
        "price": "$19.00 ($37.25 / Fl Oz)",
        "listPrice": "$22.99 ($45.08 / Fl Oz)",
        "imageUrl": "https://m.media-amazon.com/images/I/41Y4fwziWJL._SL160_.jpg",
        "detailPageURL": "https://www.amazon.com/dp/B000OUTR32",
        "rating": "4.6",
        "totalReviews": "2021",
        "subtitle": "Clinique",
        "isPrimeEligible": "1"
    },
    {
        "ASIN": "B00AGPUL7G",
        "title": "Clinique All About Eyes Rich Cream, 0.5 Ounce",
        "price": "$24.07 ($48.14 / Ounce)",
        "listPrice": "$27.03 ($54.06 / Ounce)",
        "imageUrl": "https://m.media-amazon.com/images/I/31p+xIfadwL._SL160_.jpg",
        "detailPageURL": "https://www.amazon.com/dp/B00AGPUL7G",
        "rating": "4.7",
        "totalReviews": "1312",
        "subtitle": "Clinique",
        "isPrimeEligible": "1"
    },
    {
        "ASIN": "B08G67TX18",
        "title": "Neocutis Lumiere Firm Riche - Extra Moisturizing Illuminating & Tightening Eye Cream - 15 ML",
        "price": "$118.00 ($236.00 / Fl Oz)",
        "listPrice": "",
        "imageUrl": "https://m.media-amazon.com/images/I/41oosrqKPDL._SL160_.jpg",
        "detailPageURL": "https://www.amazon.com/dp/B08G67TX18",
        "rating": "4.6",
        "totalReviews": "356",
        "subtitle": "",
        "isPrimeEligible": "1"
    },
    {
        "ASIN": "B00QL67MY4",
        "title": "Brickell Men's Restoring Under Eye Cream for Men, Natural and Organic Anti Aging Eye Balm To Reduce Puffiness, Wrinkles, Dark Circles, Crows Feet and Under Eye Bags, 0.5 Ounce, Unscented",
        "price": "$40.00 ($80.00 / Ounce)",
        "listPrice": "",
        "imageUrl": "https://m.media-amazon.com/images/I/41PKibi1bML._SL160_.jpg",
        "detailPageURL": "https://www.amazon.com/dp/B00QL67MY4",
        "rating": "4.3",
        "totalReviews": "7862",
        "subtitle": "Brickell Men's Products",
        "isPrimeEligible": "1"
    },
    {
        "ASIN": "B07CKJRJXB",
        "title": "No7 Lift & Luminate Eye Cream - Dark Circles & Puffiness Solution - Shea Butter, Hyaluronic Acid & Ginseng (15ml)",
        "price": "$12.93",
        "listPrice": "$15.98",
        "imageUrl": "https://m.media-amazon.com/images/I/31pJCzbhXrL._SL160_.jpg",
        "detailPageURL": "https://www.amazon.com/dp/B07CKJRJXB",
        "rating": "4.5",
        "totalReviews": "1473",
        "subtitle": "No7",
        "isPrimeEligible": "0"
    },
    {
        "ASIN": "B07NN8WFGR",
        "title": "StriVectin Advanced Acids Hyaluronic Tripeptide Gel Cream for Eyes, Intense Hydration & Blue Light Neutralizer, 0.5 Fl Oz",
        "price": "$32.50 ($65.00 / Fl Oz)",
        "listPrice": "$65.00 ($130.00 / Fl Oz)",
        "imageUrl": "https://m.media-amazon.com/images/I/31JEapo1RvS._SL160_.jpg",
        "detailPageURL": "https://www.amazon.com/dp/B07NN8WFGR",
        "rating": "4.5",
        "totalReviews": "682",
        "subtitle": "",
        "isPrimeEligible": "1"
    },
    {
        "ASIN": "B08NVSY45N",
        "title": "Yes To Avocado Daily Eye Cream, Fragrance-Free, Hydrating & Smoothing, with Hyaluronic Acid & Omega 3, 0.5 Fl Oz",
        "price": "$9.49",
        "listPrice": "$10.99",
        "imageUrl": "https://m.media-amazon.com/images/I/31ak-7Up4BL._SL160_.jpg",
        "detailPageURL": "https://www.amazon.com/dp/B08NVSY45N",
        "rating": "4.2",
        "totalReviews": "1351",
        "subtitle": "Yes To",
        "isPrimeEligible": "1"
    },
    {
        "ASIN": "B07BRW7ZL5",
        "title": "No7 Restore & Renew Multi Action Eye Cream - Skin Renewing Under Eye Cream for Puffiness and Dark Circles - Eye Moisturizing Brightening Cream for Anti Wrinkles + Skin Firming (15ml)",
        "price": "$18.98 ($37.96 / Ounce)",
        "listPrice": "",
        "imageUrl": "https://m.media-amazon.com/images/I/21o35jiackL._SL160_.jpg",
        "detailPageURL": "https://www.amazon.com/dp/B07BRW7ZL5",
        "rating": "4.5",
        "totalReviews": "1297",
        "subtitle": "No7",
        "isPrimeEligible": "1"
    },
    {
        "ASIN": "B00303GLXY",
        "title": "Obagi ELASTIderm Eye Cream, Firming Eye Cream for Fine Lines and Wrinkles, Ophthalmologist Tested, 0.5 oz",
        "price": "$125.00 ($125.00 / Fl Oz)",
        "listPrice": "",
        "imageUrl": "https://m.media-amazon.com/images/I/312tKfFFD7S._SL160_.jpg",
        "detailPageURL": "https://www.amazon.com/dp/B00303GLXY",
        "rating": "4.5",
        "totalReviews": "1013",
        "subtitle": "",
        "isPrimeEligible": "1"
    },
    {
        "ASIN": "B000OUTR32",
        "title": "Clinique All About Eyes Cream for Unisex, 0.5 Ounce",
        "price": "$19.00 ($37.25 / Fl Oz)",
        "listPrice": "$22.99 ($45.08 / Fl Oz)",
        "imageUrl": "https://m.media-amazon.com/images/I/41Y4fwziWJL._SL160_.jpg",
        "detailPageURL": "https://www.amazon.com/dp/B000OUTR32",
        "rating": "4.6",
        "totalReviews": "2021",
        "subtitle": "Clinique",
        "isPrimeEligible": "1"
    },
    {
        "ASIN": "B00AGPUL7G",
        "title": "Clinique All About Eyes Rich Cream, 0.5 Ounce",
        "price": "$24.07 ($48.14 / Ounce)",
        "listPrice": "$27.03 ($54.06 / Ounce)",
        "imageUrl": "https://m.media-amazon.com/images/I/31p+xIfadwL._SL160_.jpg",
        "detailPageURL": "https://www.amazon.com/dp/B00AGPUL7G",
        "rating": "4.7",
        "totalReviews": "1312",
        "subtitle": "Clinique",
        "isPrimeEligible": "1"
    },
    {
        "ASIN": "B08G67TX18",
        "title": "Neocutis Lumiere Firm Riche - Extra Moisturizing Illuminating & Tightening Eye Cream - 15 ML",
        "price": "$118.00 ($236.00 / Fl Oz)",
        "listPrice": "",
        "imageUrl": "https://m.media-amazon.com/images/I/41oosrqKPDL._SL160_.jpg",
        "detailPageURL": "https://www.amazon.com/dp/B08G67TX18",
        "rating": "4.6",
        "totalReviews": "356",
        "subtitle": "",
        "isPrimeEligible": "1"
    },
    {
        "ASIN": "B00QL67MY4",
        "title": "Brickell Men's Restoring Under Eye Cream for Men, Natural and Organic Anti Aging Eye Balm To Reduce Puffiness, Wrinkles, Dark Circles, Crows Feet and Under Eye Bags, 0.5 Ounce, Unscented",
        "price": "$40.00 ($80.00 / Ounce)",
        "listPrice": "",
        "imageUrl": "https://m.media-amazon.com/images/I/41PKibi1bML._SL160_.jpg",
        "detailPageURL": "https://www.amazon.com/dp/B00QL67MY4",
        "rating": "4.3",
        "totalReviews": "7862",
        "subtitle": "Brickell Men's Products",
        "isPrimeEligible": "1"
    },
    {
        "ASIN": "B0BSB7K6FN",
        "title": "LPH LAB Temporary Eye Tightener Eye Cream, Instant Reduces Under-Eye Bags, Instant Under Eye Serum, Dark Circles & Puffiness, Anti Aging Fine Lines, Firm That Delicate Skin Under Your Eyes 0.5 oz",
        "price": "$15.98 ($31.96 / Fl Oz)",
        "listPrice": "$17.99 ($35.98 / Fl Oz)",
        "imageUrl": "https://m.media-amazon.com/images/I/51K3OWBQF-L._SL160_.jpg",
        "detailPageURL": "https://www.amazon.com/dp/B0BSB7K6FN",
        "rating": "4.3",
        "totalReviews": "1146",
        "subtitle": "LPH LAB",
        "isPrimeEligible": "1"
    },
    {
        "ASIN": "B07NN8WFGR",
        "title": "StriVectin Advanced Acids Hyaluronic Tripeptide Gel Cream for Eyes, Intense Hydration & Blue Light Neutralizer, 0.5 Fl Oz",
        "price": "$32.50 ($65.00 / Fl Oz)",
        "listPrice": "$65.00 ($130.00 / Fl Oz)",
        "imageUrl": "https://m.media-amazon.com/images/I/31JEapo1RvS._SL160_.jpg",
        "detailPageURL": "https://www.amazon.com/dp/B07NN8WFGR",
        "rating": "4.5",
        "totalReviews": "682",
        "subtitle": "",
        "isPrimeEligible": "1"
    },
    {
        "ASIN": "B08NVSY45N",
        "title": "Yes To Avocado Daily Eye Cream, Fragrance-Free, Hydrating & Smoothing, with Hyaluronic Acid & Omega 3, 0.5 Fl Oz",
        "price": "$9.49",
        "listPrice": "$10.99",
        "imageUrl": "https://m.media-amazon.com/images/I/31ak-7Up4BL._SL160_.jpg",
        "detailPageURL": "https://www.amazon.com/dp/B08NVSY45N",
        "rating": "4.2",
        "totalReviews": "1351",
        "subtitle": "Yes To",
        "isPrimeEligible": "1"
    },
    {
        "ASIN": "B07BRW7ZL5",
        "title": "No7 Restore & Renew Multi Action Eye Cream - Skin Renewing Under Eye Cream for Puffiness and Dark Circles - Eye Moisturizing Brightening Cream for Anti Wrinkles + Skin Firming (15ml)",
        "price": "$18.98 ($37.96 / Ounce)",
        "listPrice": "",
        "imageUrl": "https://m.media-amazon.com/images/I/21o35jiackL._SL160_.jpg",
        "detailPageURL": "https://www.amazon.com/dp/B07BRW7ZL5",
        "rating": "4.5",
        "totalReviews": "1297",
        "subtitle": "No7",
        "isPrimeEligible": "1"
    },
    {
        "ASIN": "B00303GLXY",
        "title": "Obagi ELASTIderm Eye Cream, Firming Eye Cream for Fine Lines and Wrinkles, Ophthalmologist Tested, 0.5 oz",
        "price": "$125.00 ($125.00 / Fl Oz)",
        "listPrice": "",
        "imageUrl": "https://m.media-amazon.com/images/I/312tKfFFD7S._SL160_.jpg",
        "detailPageURL": "https://www.amazon.com/dp/B00303GLXY",
        "rating": "4.5",
        "totalReviews": "1013",
        "subtitle": "",
        "isPrimeEligible": "1"
    },
    {
        "ASIN": "B000OUTR32",
        "title": "Clinique All About Eyes Cream for Unisex, 0.5 Ounce",
        "price": "$19.00 ($37.25 / Fl Oz)",
        "listPrice": "$22.99 ($45.08 / Fl Oz)",
        "imageUrl": "https://m.media-amazon.com/images/I/41Y4fwziWJL._SL160_.jpg",
        "detailPageURL": "https://www.amazon.com/dp/B000OUTR32",
        "rating": "4.6",
        "totalReviews": "2021",
        "subtitle": "Clinique",
        "isPrimeEligible": "1"
    },
    {
        "ASIN": "B00AGPUL7G",
        "title": "Clinique All About Eyes Rich Cream, 0.5 Ounce",
        "price": "$24.07 ($48.14 / Ounce)",
        "listPrice": "$27.03 ($54.06 / Ounce)",
        "imageUrl": "https://m.media-amazon.com/images/I/31p+xIfadwL._SL160_.jpg",
        "detailPageURL": "https://www.amazon.com/dp/B00AGPUL7G",
        "rating": "4.7",
        "totalReviews": "1312",
        "subtitle": "Clinique",
        "isPrimeEligible": "1"
    },
    {
        "ASIN": "B08G67TX18",
        "title": "Neocutis Lumiere Firm Riche - Extra Moisturizing Illuminating & Tightening Eye Cream - 15 ML",
        "price": "$118.00 ($236.00 / Fl Oz)",
        "listPrice": "",
        "imageUrl": "https://m.media-amazon.com/images/I/41oosrqKPDL._SL160_.jpg",
        "detailPageURL": "https://www.amazon.com/dp/B08G67TX18",
        "rating": "4.6",
        "totalReviews": "356",
        "subtitle": "",
        "isPrimeEligible": "1"
    },
    {
        "ASIN": "B00QL67MY4",
        "title": "Brickell Men's Restoring Under Eye Cream for Men, Natural and Organic Anti Aging Eye Balm To Reduce Puffiness, Wrinkles, Dark Circles, Crows Feet and Under Eye Bags, 0.5 Ounce, Unscented",
        "price": "$40.00 ($80.00 / Ounce)",
        "listPrice": "",
        "imageUrl": "https://m.media-amazon.com/images/I/41PKibi1bML._SL160_.jpg",
        "detailPageURL": "https://www.amazon.com/dp/B00QL67MY4",
        "rating": "4.3",
        "totalReviews": "7862",
        "subtitle": "Brickell Men's Products",
        "isPrimeEligible": "1"
    },
    {
        "ASIN": "B0BSB7K6FN",
        "title": "LPH LAB Temporary Eye Tightener Eye Cream, Instant Reduces Under-Eye Bags, Instant Under Eye Serum, Dark Circles & Puffiness, Anti Aging Fine Lines, Firm That Delicate Skin Under Your Eyes 0.5 oz",
        "price": "$15.98 ($31.96 / Fl Oz)",
        "listPrice": "$17.99 ($35.98 / Fl Oz)",
        "imageUrl": "https://m.media-amazon.com/images/I/51K3OWBQF-L._SL160_.jpg",
        "detailPageURL": "https://www.amazon.com/dp/B0BSB7K6FN",
        "rating": "4.3",
        "totalReviews": "1146",
        "subtitle": "LPH LAB",
        "isPrimeEligible": "1"
    },
    {
        "ASIN": "B00BV5RU2E",
        "title": "GinZing Refreshing Eye Cream to Brighten and Depuff by Origins for Unisex - 0.5 oz Eye Cream",
        "price": "$27.31 ($53.55 / Ounce)",
        "listPrice": "",
        "imageUrl": "https://m.media-amazon.com/images/I/41sfrHOiH2L._SL160_.jpg",
        "detailPageURL": "https://www.amazon.com/dp/B00BV5RU2E",
        "rating": "4.4",
        "totalReviews": "294",
        "subtitle": "Origins",
        "isPrimeEligible": "0"
    },
    {
        "ASIN": "B08NVSY45N",
        "title": "Yes To Avocado Daily Eye Cream, Fragrance-Free, Hydrating & Smoothing, with Hyaluronic Acid & Omega 3, 0.5 Fl Oz",
        "price": "$9.49",
        "listPrice": "$10.99",
        "imageUrl": "https://m.media-amazon.com/images/I/31ak-7Up4BL._SL160_.jpg",
        "detailPageURL": "https://www.amazon.com/dp/B08NVSY45N",
        "rating": "4.2",
        "totalReviews": "1351",
        "subtitle": "Yes To",
        "isPrimeEligible": "1"
    },
    {
        "ASIN": "B07BRW7ZL5",
        "title": "No7 Restore & Renew Multi Action Eye Cream - Skin Renewing Under Eye Cream for Puffiness and Dark Circles - Eye Moisturizing Brightening Cream for Anti Wrinkles + Skin Firming (15ml)",
        "price": "$18.98 ($37.96 / Ounce)",
        "listPrice": "",
        "imageUrl": "https://m.media-amazon.com/images/I/21o35jiackL._SL160_.jpg",
        "detailPageURL": "https://www.amazon.com/dp/B07BRW7ZL5",
        "rating": "4.5",
        "totalReviews": "1297",
        "subtitle": "No7",
        "isPrimeEligible": "1"
    },
    {
        "ASIN": "B00303GLXY",
        "title": "Obagi ELASTIderm Eye Cream, Firming Eye Cream for Fine Lines and Wrinkles, Ophthalmologist Tested, 0.5 oz",
        "price": "$125.00 ($125.00 / Fl Oz)",
        "listPrice": "",
        "imageUrl": "https://m.media-amazon.com/images/I/312tKfFFD7S._SL160_.jpg",
        "detailPageURL": "https://www.amazon.com/dp/B00303GLXY",
        "rating": "4.5",
        "totalReviews": "1013",
        "subtitle": "",
        "isPrimeEligible": "1"
    },
    {
        "ASIN": "B000OUTR32",
        "title": "Clinique All About Eyes Cream for Unisex, 0.5 Ounce",
        "price": "$19.00 ($37.25 / Fl Oz)",
        "listPrice": "$22.99 ($45.08 / Fl Oz)",
        "imageUrl": "https://m.media-amazon.com/images/I/41Y4fwziWJL._SL160_.jpg",
        "detailPageURL": "https://www.amazon.com/dp/B000OUTR32",
        "rating": "4.6",
        "totalReviews": "2021",
        "subtitle": "Clinique",
        "isPrimeEligible": "1"
    },
    {
        "ASIN": "B00AGPUL7G",
        "title": "Clinique All About Eyes Rich Cream, 0.5 Ounce",
        "price": "$24.07 ($48.14 / Ounce)",
        "listPrice": "$27.03 ($54.06 / Ounce)",
        "imageUrl": "https://m.media-amazon.com/images/I/31p+xIfadwL._SL160_.jpg",
        "detailPageURL": "https://www.amazon.com/dp/B00AGPUL7G",
        "rating": "4.7",
        "totalReviews": "1312",
        "subtitle": "Clinique",
        "isPrimeEligible": "1"
    },
    {
        "ASIN": "B08G67TX18",
        "title": "Neocutis Lumiere Firm Riche - Extra Moisturizing Illuminating & Tightening Eye Cream - 15 ML",
        "price": "$118.00 ($236.00 / Fl Oz)",
        "listPrice": "",
        "imageUrl": "https://m.media-amazon.com/images/I/41oosrqKPDL._SL160_.jpg",
        "detailPageURL": "https://www.amazon.com/dp/B08G67TX18",
        "rating": "4.6",
        "totalReviews": "356",
        "subtitle": "",
        "isPrimeEligible": "1"
    },
    {
        "ASIN": "B00QL67MY4",
        "title": "Brickell Men's Restoring Under Eye Cream for Men, Natural and Organic Anti Aging Eye Balm To Reduce Puffiness, Wrinkles, Dark Circles, Crows Feet and Under Eye Bags, 0.5 Ounce, Unscented",
        "price": "$40.00 ($80.00 / Ounce)",
        "listPrice": "",
        "imageUrl": "https://m.media-amazon.com/images/I/41PKibi1bML._SL160_.jpg",
        "detailPageURL": "https://www.amazon.com/dp/B00QL67MY4",
        "rating": "4.3",
        "totalReviews": "7862",
        "subtitle": "Brickell Men's Products",
        "isPrimeEligible": "1"
    },
    {
        "ASIN": "B0BSB7K6FN",
        "title": "LPH LAB Temporary Eye Tightener Eye Cream, Instant Reduces Under-Eye Bags, Instant Under Eye Serum, Dark Circles & Puffiness, Anti Aging Fine Lines, Firm That Delicate Skin Under Your Eyes 0.5 oz",
        "price": "$15.98 ($31.96 / Fl Oz)",
        "listPrice": "$17.99 ($35.98 / Fl Oz)",
        "imageUrl": "https://m.media-amazon.com/images/I/51K3OWBQF-L._SL160_.jpg",
        "detailPageURL": "https://www.amazon.com/dp/B0BSB7K6FN",
        "rating": "4.3",
        "totalReviews": "1146",
        "subtitle": "LPH LAB",
        "isPrimeEligible": "1"
    },
    {
        "ASIN": "B00BV5RU2E",
        "title": "GinZing Refreshing Eye Cream to Brighten and Depuff by Origins for Unisex - 0.5 oz Eye Cream",
        "price": "$27.31 ($53.55 / Ounce)",
        "listPrice": "",
        "imageUrl": "https://m.media-amazon.com/images/I/41sfrHOiH2L._SL160_.jpg",
        "detailPageURL": "https://www.amazon.com/dp/B00BV5RU2E",
        "rating": "4.4",
        "totalReviews": "294",
        "subtitle": "Origins",
        "isPrimeEligible": "0"
    },
    {
        "ASIN": "B0B45LL4DD",
        "title": "Beauty of Joseon Revive eye serum : Ginseng + Retinal, 30ml, 1fl.oz.",
        "price": "$17.00 ($17.00 / Fl Oz)",
        "listPrice": "",
        "imageUrl": "https://m.media-amazon.com/images/I/21Rq+mjT83L._SL160_.jpg",
        "detailPageURL": "https://www.amazon.com/dp/B0B45LL4DD",
        "rating": "4.5",
        "totalReviews": "1115",
        "subtitle": "Beauty of Joseon",
        "isPrimeEligible": "1"
    },
    {
        "ASIN": "B07BRW7ZL5",
        "title": "No7 Restore & Renew Multi Action Eye Cream - Skin Renewing Under Eye Cream for Puffiness and Dark Circles - Eye Moisturizing Brightening Cream for Anti Wrinkles + Skin Firming (15ml)",
        "price": "$18.98 ($37.96 / Ounce)",
        "listPrice": "",
        "imageUrl": "https://m.media-amazon.com/images/I/21o35jiackL._SL160_.jpg",
        "detailPageURL": "https://www.amazon.com/dp/B07BRW7ZL5",
        "rating": "4.5",
        "totalReviews": "1297",
        "subtitle": "No7",
        "isPrimeEligible": "1"
    },
    {
        "ASIN": "B00303GLXY",
        "title": "Obagi ELASTIderm Eye Cream, Firming Eye Cream for Fine Lines and Wrinkles, Ophthalmologist Tested, 0.5 oz",
        "price": "$125.00 ($125.00 / Fl Oz)",
        "listPrice": "",
        "imageUrl": "https://m.media-amazon.com/images/I/312tKfFFD7S._SL160_.jpg",
        "detailPageURL": "https://www.amazon.com/dp/B00303GLXY",
        "rating": "4.5",
        "totalReviews": "1013",
        "subtitle": "",
        "isPrimeEligible": "1"
    },
    {
        "ASIN": "B000OUTR32",
        "title": "Clinique All About Eyes Cream for Unisex, 0.5 Ounce",
        "price": "$19.00 ($37.25 / Fl Oz)",
        "listPrice": "$22.99 ($45.08 / Fl Oz)",
        "imageUrl": "https://m.media-amazon.com/images/I/41Y4fwziWJL._SL160_.jpg",
        "detailPageURL": "https://www.amazon.com/dp/B000OUTR32",
        "rating": "4.6",
        "totalReviews": "2021",
        "subtitle": "Clinique",
        "isPrimeEligible": "1"
    },
    {
        "ASIN": "B00AGPUL7G",
        "title": "Clinique All About Eyes Rich Cream, 0.5 Ounce",
        "price": "$24.07 ($48.14 / Ounce)",
        "listPrice": "$27.03 ($54.06 / Ounce)",
        "imageUrl": "https://m.media-amazon.com/images/I/31p+xIfadwL._SL160_.jpg",
        "detailPageURL": "https://www.amazon.com/dp/B00AGPUL7G",
        "rating": "4.7",
        "totalReviews": "1312",
        "subtitle": "Clinique",
        "isPrimeEligible": "1"
    },
    {
        "ASIN": "B08G67TX18",
        "title": "Neocutis Lumiere Firm Riche - Extra Moisturizing Illuminating & Tightening Eye Cream - 15 ML",
        "price": "$118.00 ($236.00 / Fl Oz)",
        "listPrice": "",
        "imageUrl": "https://m.media-amazon.com/images/I/41oosrqKPDL._SL160_.jpg",
        "detailPageURL": "https://www.amazon.com/dp/B08G67TX18",
        "rating": "4.6",
        "totalReviews": "356",
        "subtitle": "",
        "isPrimeEligible": "1"
    },
    {
        "ASIN": "B00QL67MY4",
        "title": "Brickell Men's Restoring Under Eye Cream for Men, Natural and Organic Anti Aging Eye Balm To Reduce Puffiness, Wrinkles, Dark Circles, Crows Feet and Under Eye Bags, 0.5 Ounce, Unscented",
        "price": "$40.00 ($80.00 / Ounce)",
        "listPrice": "",
        "imageUrl": "https://m.media-amazon.com/images/I/41PKibi1bML._SL160_.jpg",
        "detailPageURL": "https://www.amazon.com/dp/B00QL67MY4",
        "rating": "4.3",
        "totalReviews": "7862",
        "subtitle": "Brickell Men's Products",
        "isPrimeEligible": "1"
    },
    {
        "ASIN": "B0BSB7K6FN",
        "title": "LPH LAB Temporary Eye Tightener Eye Cream, Instant Reduces Under-Eye Bags, Instant Under Eye Serum, Dark Circles & Puffiness, Anti Aging Fine Lines, Firm That Delicate Skin Under Your Eyes 0.5 oz",
        "price": "$15.98 ($31.96 / Fl Oz)",
        "listPrice": "$17.99 ($35.98 / Fl Oz)",
        "imageUrl": "https://m.media-amazon.com/images/I/51K3OWBQF-L._SL160_.jpg",
        "detailPageURL": "https://www.amazon.com/dp/B0BSB7K6FN",
        "rating": "4.3",
        "totalReviews": "1146",
        "subtitle": "LPH LAB",
        "isPrimeEligible": "1"
    },
    {
        "ASIN": "B00BV5RU2E",
        "title": "GinZing Refreshing Eye Cream to Brighten and Depuff by Origins for Unisex - 0.5 oz Eye Cream",
        "price": "$27.31 ($53.55 / Ounce)",
        "listPrice": "",
        "imageUrl": "https://m.media-amazon.com/images/I/41sfrHOiH2L._SL160_.jpg",
        "detailPageURL": "https://www.amazon.com/dp/B00BV5RU2E",
        "rating": "4.4",
        "totalReviews": "294",
        "subtitle": "Origins",
        "isPrimeEligible": "0"
    },
    {
        "ASIN": "B0B45LL4DD",
        "title": "Beauty of Joseon Revive eye serum : Ginseng + Retinal, 30ml, 1fl.oz.",
        "price": "$17.00 ($17.00 / Fl Oz)",
        "listPrice": "",
        "imageUrl": "https://m.media-amazon.com/images/I/21Rq+mjT83L._SL160_.jpg",
        "detailPageURL": "https://www.amazon.com/dp/B0B45LL4DD",
        "rating": "4.5",
        "totalReviews": "1115",
        "subtitle": "Beauty of Joseon",
        "isPrimeEligible": "1"
    },
    {
        "ASIN": "B01C9DJKLA",
        "title": "Loreal Revitalift Eye Cream 0.5 Ounce (14ml) (2 Pack)",
        "price": "$19.20 ($19.20 / Ounce)",
        "listPrice": "$22.04 ($22.04 / Ounce)",
        "imageUrl": "https://m.media-amazon.com/images/I/41zisifTq4L._SL160_.jpg",
        "detailPageURL": "https://www.amazon.com/dp/B01C9DJKLA",
        "rating": "4.7",
        "totalReviews": "1053",
        "subtitle": "L\u2019Or\u00e9al Paris",
        "isPrimeEligible": "1"
    },
    {
        "ASIN": "B00303GLXY",
        "title": "Obagi ELASTIderm Eye Cream, Firming Eye Cream for Fine Lines and Wrinkles, Ophthalmologist Tested, 0.5 oz",
        "price": "$125.00 ($125.00 / Fl Oz)",
        "listPrice": "",
        "imageUrl": "https://m.media-amazon.com/images/I/312tKfFFD7S._SL160_.jpg",
        "detailPageURL": "https://www.amazon.com/dp/B00303GLXY",
        "rating": "4.5",
        "totalReviews": "1013",
        "subtitle": "",
        "isPrimeEligible": "1"
    },
    {
        "ASIN": "B000OUTR32",
        "title": "Clinique All About Eyes Cream for Unisex, 0.5 Ounce",
        "price": "$19.00 ($37.25 / Fl Oz)",
        "listPrice": "$22.99 ($45.08 / Fl Oz)",
        "imageUrl": "https://m.media-amazon.com/images/I/41Y4fwziWJL._SL160_.jpg",
        "detailPageURL": "https://www.amazon.com/dp/B000OUTR32",
        "rating": "4.6",
        "totalReviews": "2021",
        "subtitle": "Clinique",
        "isPrimeEligible": "1"
    },
    {
        "ASIN": "B00AGPUL7G",
        "title": "Clinique All About Eyes Rich Cream, 0.5 Ounce",
        "price": "$24.07 ($48.14 / Ounce)",
        "listPrice": "$27.03 ($54.06 / Ounce)",
        "imageUrl": "https://m.media-amazon.com/images/I/31p+xIfadwL._SL160_.jpg",
        "detailPageURL": "https://www.amazon.com/dp/B00AGPUL7G",
        "rating": "4.7",
        "totalReviews": "1312",
        "subtitle": "Clinique",
        "isPrimeEligible": "1"
    },
    {
        "ASIN": "B08G67TX18",
        "title": "Neocutis Lumiere Firm Riche - Extra Moisturizing Illuminating & Tightening Eye Cream - 15 ML",
        "price": "$118.00 ($236.00 / Fl Oz)",
        "listPrice": "",
        "imageUrl": "https://m.media-amazon.com/images/I/41oosrqKPDL._SL160_.jpg",
        "detailPageURL": "https://www.amazon.com/dp/B08G67TX18",
        "rating": "4.6",
        "totalReviews": "356",
        "subtitle": "",
        "isPrimeEligible": "1"
    },
    {
        "ASIN": "B00QL67MY4",
        "title": "Brickell Men's Restoring Under Eye Cream for Men, Natural and Organic Anti Aging Eye Balm To Reduce Puffiness, Wrinkles, Dark Circles, Crows Feet and Under Eye Bags, 0.5 Ounce, Unscented",
        "price": "$40.00 ($80.00 / Ounce)",
        "listPrice": "",
        "imageUrl": "https://m.media-amazon.com/images/I/41PKibi1bML._SL160_.jpg",
        "detailPageURL": "https://www.amazon.com/dp/B00QL67MY4",
        "rating": "4.3",
        "totalReviews": "7862",
        "subtitle": "Brickell Men's Products",
        "isPrimeEligible": "1"
    },
    {
        "ASIN": "B0BSB7K6FN",
        "title": "LPH LAB Temporary Eye Tightener Eye Cream, Instant Reduces Under-Eye Bags, Instant Under Eye Serum, Dark Circles & Puffiness, Anti Aging Fine Lines, Firm That Delicate Skin Under Your Eyes 0.5 oz",
        "price": "$15.98 ($31.96 / Fl Oz)",
        "listPrice": "$17.99 ($35.98 / Fl Oz)",
        "imageUrl": "https://m.media-amazon.com/images/I/51K3OWBQF-L._SL160_.jpg",
        "detailPageURL": "https://www.amazon.com/dp/B0BSB7K6FN",
        "rating": "4.3",
        "totalReviews": "1146",
        "subtitle": "LPH LAB",
        "isPrimeEligible": "1"
    },
    {
        "ASIN": "B00BV5RU2E",
        "title": "GinZing Refreshing Eye Cream to Brighten and Depuff by Origins for Unisex - 0.5 oz Eye Cream",
        "price": "$27.31 ($53.55 / Ounce)",
        "listPrice": "",
        "imageUrl": "https://m.media-amazon.com/images/I/41sfrHOiH2L._SL160_.jpg",
        "detailPageURL": "https://www.amazon.com/dp/B00BV5RU2E",
        "rating": "4.4",
        "totalReviews": "294",
        "subtitle": "Origins",
        "isPrimeEligible": "0"
    },
    {
        "ASIN": "B0B45LL4DD",
        "title": "Beauty of Joseon Revive eye serum : Ginseng + Retinal, 30ml, 1fl.oz.",
        "price": "$17.00 ($17.00 / Fl Oz)",
        "listPrice": "",
        "imageUrl": "https://m.media-amazon.com/images/I/21Rq+mjT83L._SL160_.jpg",
        "detailPageURL": "https://www.amazon.com/dp/B0B45LL4DD",
        "rating": "4.5",
        "totalReviews": "1115",
        "subtitle": "Beauty of Joseon",
        "isPrimeEligible": "1"
    },
    {
        "ASIN": "B01C9DJKLA",
        "title": "Loreal Revitalift Eye Cream 0.5 Ounce (14ml) (2 Pack)",
        "price": "$19.20 ($19.20 / Ounce)",
        "listPrice": "$22.04 ($22.04 / Ounce)",
        "imageUrl": "https://m.media-amazon.com/images/I/41zisifTq4L._SL160_.jpg",
        "detailPageURL": "https://www.amazon.com/dp/B01C9DJKLA",
        "rating": "4.7",
        "totalReviews": "1053",
        "subtitle": "L\u2019Or\u00e9al Paris",
        "isPrimeEligible": "1"
    },
    {
        "ASIN": "B0C3L93HWG",
        "title": "Vitalysin Caffeine Eye Cream for Dark Circles and Puffiness, Anti-Ageing Reduce Wrinkles and Fine Lines, with Caffeine, Retinol, Peptides and Hyaluronic Acid 0.7 fl oz",
        "price": "$15.99 ($22.84 / Fl Oz)",
        "listPrice": "$16.99 ($24.27 / Fl Oz)",
        "imageUrl": "https://m.media-amazon.com/images/I/41TQVYklI9L._SL160_.jpg",
        "detailPageURL": "https://www.amazon.com/dp/B0C3L93HWG",
        "rating": "4.7",
        "totalReviews": "156",
        "subtitle": "Vitalysin",
        "isPrimeEligible": "1"
    },
    {
        "ASIN": "B000OUTR32",
        "title": "Clinique All About Eyes Cream for Unisex, 0.5 Ounce",
        "price": "$19.00 ($37.25 / Fl Oz)",
        "listPrice": "$22.99 ($45.08 / Fl Oz)",
        "imageUrl": "https://m.media-amazon.com/images/I/41Y4fwziWJL._SL160_.jpg",
        "detailPageURL": "https://www.amazon.com/dp/B000OUTR32",
        "rating": "4.6",
        "totalReviews": "2021",
        "subtitle": "Clinique",
        "isPrimeEligible": "1"
    },
    {
        "ASIN": "B00AGPUL7G",
        "title": "Clinique All About Eyes Rich Cream, 0.5 Ounce",
        "price": "$24.07 ($48.14 / Ounce)",
        "listPrice": "$27.03 ($54.06 / Ounce)",
        "imageUrl": "https://m.media-amazon.com/images/I/31p+xIfadwL._SL160_.jpg",
        "detailPageURL": "https://www.amazon.com/dp/B00AGPUL7G",
        "rating": "4.7",
        "totalReviews": "1312",
        "subtitle": "Clinique",
        "isPrimeEligible": "1"
    },
    {
        "ASIN": "B08G67TX18",
        "title": "Neocutis Lumiere Firm Riche - Extra Moisturizing Illuminating & Tightening Eye Cream - 15 ML",
        "price": "$118.00 ($236.00 / Fl Oz)",
        "listPrice": "",
        "imageUrl": "https://m.media-amazon.com/images/I/41oosrqKPDL._SL160_.jpg",
        "detailPageURL": "https://www.amazon.com/dp/B08G67TX18",
        "rating": "4.6",
        "totalReviews": "356",
        "subtitle": "",
        "isPrimeEligible": "1"
    },
    {
        "ASIN": "B00QL67MY4",
        "title": "Brickell Men's Restoring Under Eye Cream for Men, Natural and Organic Anti Aging Eye Balm To Reduce Puffiness, Wrinkles, Dark Circles, Crows Feet and Under Eye Bags, 0.5 Ounce, Unscented",
        "price": "$40.00 ($80.00 / Ounce)",
        "listPrice": "",
        "imageUrl": "https://m.media-amazon.com/images/I/41PKibi1bML._SL160_.jpg",
        "detailPageURL": "https://www.amazon.com/dp/B00QL67MY4",
        "rating": "4.3",
        "totalReviews": "7862",
        "subtitle": "Brickell Men's Products",
        "isPrimeEligible": "1"
    },
    {
        "ASIN": "B0BSB7K6FN",
        "title": "LPH LAB Temporary Eye Tightener Eye Cream, Instant Reduces Under-Eye Bags, Instant Under Eye Serum, Dark Circles & Puffiness, Anti Aging Fine Lines, Firm That Delicate Skin Under Your Eyes 0.5 oz",
        "price": "$15.98 ($31.96 / Fl Oz)",
        "listPrice": "$17.99 ($35.98 / Fl Oz)",
        "imageUrl": "https://m.media-amazon.com/images/I/51K3OWBQF-L._SL160_.jpg",
        "detailPageURL": "https://www.amazon.com/dp/B0BSB7K6FN",
        "rating": "4.3",
        "totalReviews": "1146",
        "subtitle": "LPH LAB",
        "isPrimeEligible": "1"
    },
    {
        "ASIN": "B00BV5RU2E",
        "title": "GinZing Refreshing Eye Cream to Brighten and Depuff by Origins for Unisex - 0.5 oz Eye Cream",
        "price": "$27.31 ($53.55 / Ounce)",
        "listPrice": "",
        "imageUrl": "https://m.media-amazon.com/images/I/41sfrHOiH2L._SL160_.jpg",
        "detailPageURL": "https://www.amazon.com/dp/B00BV5RU2E",
        "rating": "4.4",
        "totalReviews": "294",
        "subtitle": "Origins",
        "isPrimeEligible": "0"
    },
    {
        "ASIN": "B0B45LL4DD",
        "title": "Beauty of Joseon Revive eye serum : Ginseng + Retinal, 30ml, 1fl.oz.",
        "price": "$17.00 ($17.00 / Fl Oz)",
        "listPrice": "",
        "imageUrl": "https://m.media-amazon.com/images/I/21Rq+mjT83L._SL160_.jpg",
        "detailPageURL": "https://www.amazon.com/dp/B0B45LL4DD",
        "rating": "4.5",
        "totalReviews": "1115",
        "subtitle": "Beauty of Joseon",
        "isPrimeEligible": "1"
    },
    {
        "ASIN": "B01C9DJKLA",
        "title": "Loreal Revitalift Eye Cream 0.5 Ounce (14ml) (2 Pack)",
        "price": "$19.20 ($19.20 / Ounce)",
        "listPrice": "$22.04 ($22.04 / Ounce)",
        "imageUrl": "https://m.media-amazon.com/images/I/41zisifTq4L._SL160_.jpg",
        "detailPageURL": "https://www.amazon.com/dp/B01C9DJKLA",
        "rating": "4.7",
        "totalReviews": "1053",
        "subtitle": "L\u2019Or\u00e9al Paris",
        "isPrimeEligible": "1"
    },
    {
        "ASIN": "B0C3L93HWG",
        "title": "Vitalysin Caffeine Eye Cream for Dark Circles and Puffiness, Anti-Ageing Reduce Wrinkles and Fine Lines, with Caffeine, Retinol, Peptides and Hyaluronic Acid 0.7 fl oz",
        "price": "$15.99 ($22.84 / Fl Oz)",
        "listPrice": "$16.99 ($24.27 / Fl Oz)",
        "imageUrl": "https://m.media-amazon.com/images/I/41TQVYklI9L._SL160_.jpg",
        "detailPageURL": "https://www.amazon.com/dp/B0C3L93HWG",
        "rating": "4.7",
        "totalReviews": "156",
        "subtitle": "Vitalysin",
        "isPrimeEligible": "1"
    },
    {
        "ASIN": "B000F65JSC",
        "title": "Eye Cream by Olay Total Effects 7-in-one Anti-Aging Transforming Eye Cream 0.5 oz Packaging may Vary",
        "price": "$23.48 ($46.96 / Ounce)",
        "listPrice": "",
        "imageUrl": "https://m.media-amazon.com/images/I/41UnWcwNimL._SL160_.jpg",
        "detailPageURL": "https://www.amazon.com/dp/B000F65JSC",
        "rating": "4.4",
        "totalReviews": "5819",
        "subtitle": "Olay",
        "isPrimeEligible": "1"
    },
    {
        "ASIN": "B00AGPUL7G",
        "title": "Clinique All About Eyes Rich Cream, 0.5 Ounce",
        "price": "$24.07 ($48.14 / Ounce)",
        "listPrice": "$27.03 ($54.06 / Ounce)",
        "imageUrl": "https://m.media-amazon.com/images/I/31p+xIfadwL._SL160_.jpg",
        "detailPageURL": "https://www.amazon.com/dp/B00AGPUL7G",
        "rating": "4.7",
        "totalReviews": "1312",
        "subtitle": "Clinique",
        "isPrimeEligible": "1"
    },
    {
        "ASIN": "B08G67TX18",
        "title": "Neocutis Lumiere Firm Riche - Extra Moisturizing Illuminating & Tightening Eye Cream - 15 ML",
        "price": "$118.00 ($236.00 / Fl Oz)",
        "listPrice": "",
        "imageUrl": "https://m.media-amazon.com/images/I/41oosrqKPDL._SL160_.jpg",
        "detailPageURL": "https://www.amazon.com/dp/B08G67TX18",
        "rating": "4.6",
        "totalReviews": "356",
        "subtitle": "",
        "isPrimeEligible": "1"
    },
    {
        "ASIN": "B00QL67MY4",
        "title": "Brickell Men's Restoring Under Eye Cream for Men, Natural and Organic Anti Aging Eye Balm To Reduce Puffiness, Wrinkles, Dark Circles, Crows Feet and Under Eye Bags, 0.5 Ounce, Unscented",
        "price": "$40.00 ($80.00 / Ounce)",
        "listPrice": "",
        "imageUrl": "https://m.media-amazon.com/images/I/41PKibi1bML._SL160_.jpg",
        "detailPageURL": "https://www.amazon.com/dp/B00QL67MY4",
        "rating": "4.3",
        "totalReviews": "7862",
        "subtitle": "Brickell Men's Products",
        "isPrimeEligible": "1"
    },
    {
        "ASIN": "B0BSB7K6FN",
        "title": "LPH LAB Temporary Eye Tightener Eye Cream, Instant Reduces Under-Eye Bags, Instant Under Eye Serum, Dark Circles & Puffiness, Anti Aging Fine Lines, Firm That Delicate Skin Under Your Eyes 0.5 oz",
        "price": "$15.98 ($31.96 / Fl Oz)",
        "listPrice": "$17.99 ($35.98 / Fl Oz)",
        "imageUrl": "https://m.media-amazon.com/images/I/51K3OWBQF-L._SL160_.jpg",
        "detailPageURL": "https://www.amazon.com/dp/B0BSB7K6FN",
        "rating": "4.3",
        "totalReviews": "1146",
        "subtitle": "LPH LAB",
        "isPrimeEligible": "1"
    },
    {
        "ASIN": "B00BV5RU2E",
        "title": "GinZing Refreshing Eye Cream to Brighten and Depuff by Origins for Unisex - 0.5 oz Eye Cream",
        "price": "$27.31 ($53.55 / Ounce)",
        "listPrice": "",
        "imageUrl": "https://m.media-amazon.com/images/I/41sfrHOiH2L._SL160_.jpg",
        "detailPageURL": "https://www.amazon.com/dp/B00BV5RU2E",
        "rating": "4.4",
        "totalReviews": "294",
        "subtitle": "Origins",
        "isPrimeEligible": "0"
    },
    {
        "ASIN": "B0B45LL4DD",
        "title": "Beauty of Joseon Revive eye serum : Ginseng + Retinal, 30ml, 1fl.oz.",
        "price": "$17.00 ($17.00 / Fl Oz)",
        "listPrice": "",
        "imageUrl": "https://m.media-amazon.com/images/I/21Rq+mjT83L._SL160_.jpg",
        "detailPageURL": "https://www.amazon.com/dp/B0B45LL4DD",
        "rating": "4.5",
        "totalReviews": "1115",
        "subtitle": "Beauty of Joseon",
        "isPrimeEligible": "1"
    },
    {
        "ASIN": "B01C9DJKLA",
        "title": "Loreal Revitalift Eye Cream 0.5 Ounce (14ml) (2 Pack)",
        "price": "$19.20 ($19.20 / Ounce)",
        "listPrice": "$22.04 ($22.04 / Ounce)",
        "imageUrl": "https://m.media-amazon.com/images/I/41zisifTq4L._SL160_.jpg",
        "detailPageURL": "https://www.amazon.com/dp/B01C9DJKLA",
        "rating": "4.7",
        "totalReviews": "1053",
        "subtitle": "L\u2019Or\u00e9al Paris",
        "isPrimeEligible": "1"
    },
    {
        "ASIN": "B0C3L93HWG",
        "title": "Vitalysin Caffeine Eye Cream for Dark Circles and Puffiness, Anti-Ageing Reduce Wrinkles and Fine Lines, with Caffeine, Retinol, Peptides and Hyaluronic Acid 0.7 fl oz",
        "price": "$15.99 ($22.84 / Fl Oz)",
        "listPrice": "$16.99 ($24.27 / Fl Oz)",
        "imageUrl": "https://m.media-amazon.com/images/I/41TQVYklI9L._SL160_.jpg",
        "detailPageURL": "https://www.amazon.com/dp/B0C3L93HWG",
        "rating": "4.7",
        "totalReviews": "156",
        "subtitle": "Vitalysin",
        "isPrimeEligible": "1"
    },
    {
        "ASIN": "B000F65JSC",
        "title": "Eye Cream by Olay Total Effects 7-in-one Anti-Aging Transforming Eye Cream 0.5 oz Packaging may Vary",
        "price": "$23.48 ($46.96 / Ounce)",
        "listPrice": "",
        "imageUrl": "https://m.media-amazon.com/images/I/41UnWcwNimL._SL160_.jpg",
        "detailPageURL": "https://www.amazon.com/dp/B000F65JSC",
        "rating": "4.4",
        "totalReviews": "5819",
        "subtitle": "Olay",
        "isPrimeEligible": "1"
    },
    {
        "ASIN": "B001189I3A",
        "title": "100% PURE Coffee Bean Caffeine Eye Cream Refresh & Hydrate Under Eye Treatment Reduce Puffiness, Dark Circles, Wrinkles with Green Tea, Rose Hip, Vitamin E - Youthful Vibrant Eyes - Vegan - 1 oz",
        "price": "$29.00",
        "listPrice": "",
        "imageUrl": "https://m.media-amazon.com/images/I/311joJTkeOL._SL160_.jpg",
        "detailPageURL": "https://www.amazon.com/dp/B001189I3A",
        "rating": "4.0",
        "totalReviews": "4991",
        "subtitle": "100% PURE",
        "isPrimeEligible": "1"
    },
    {
        "ASIN": "B08G67TX18",
        "title": "Neocutis Lumiere Firm Riche - Extra Moisturizing Illuminating & Tightening Eye Cream - 15 ML",
        "price": "$118.00 ($236.00 / Fl Oz)",
        "listPrice": "",
        "imageUrl": "https://m.media-amazon.com/images/I/41oosrqKPDL._SL160_.jpg",
        "detailPageURL": "https://www.amazon.com/dp/B08G67TX18",
        "rating": "4.6",
        "totalReviews": "356",
        "subtitle": "",
        "isPrimeEligible": "1"
    },
    {
        "ASIN": "B00QL67MY4",
        "title": "Brickell Men's Restoring Under Eye Cream for Men, Natural and Organic Anti Aging Eye Balm To Reduce Puffiness, Wrinkles, Dark Circles, Crows Feet and Under Eye Bags, 0.5 Ounce, Unscented",
        "price": "$40.00 ($80.00 / Ounce)",
        "listPrice": "",
        "imageUrl": "https://m.media-amazon.com/images/I/41PKibi1bML._SL160_.jpg",
        "detailPageURL": "https://www.amazon.com/dp/B00QL67MY4",
        "rating": "4.3",
        "totalReviews": "7862",
        "subtitle": "Brickell Men's Products",
        "isPrimeEligible": "1"
    },
    {
        "ASIN": "B0BSB7K6FN",
        "title": "LPH LAB Temporary Eye Tightener Eye Cream, Instant Reduces Under-Eye Bags, Instant Under Eye Serum, Dark Circles & Puffiness, Anti Aging Fine Lines, Firm That Delicate Skin Under Your Eyes 0.5 oz",
        "price": "$15.98 ($31.96 / Fl Oz)",
        "listPrice": "$17.99 ($35.98 / Fl Oz)",
        "imageUrl": "https://m.media-amazon.com/images/I/51K3OWBQF-L._SL160_.jpg",
        "detailPageURL": "https://www.amazon.com/dp/B0BSB7K6FN",
        "rating": "4.3",
        "totalReviews": "1146",
        "subtitle": "LPH LAB",
        "isPrimeEligible": "1"
    },
    {
        "ASIN": "B00BV5RU2E",
        "title": "GinZing Refreshing Eye Cream to Brighten and Depuff by Origins for Unisex - 0.5 oz Eye Cream",
        "price": "$27.31 ($53.55 / Ounce)",
        "listPrice": "",
        "imageUrl": "https://m.media-amazon.com/images/I/41sfrHOiH2L._SL160_.jpg",
        "detailPageURL": "https://www.amazon.com/dp/B00BV5RU2E",
        "rating": "4.4",
        "totalReviews": "294",
        "subtitle": "Origins",
        "isPrimeEligible": "0"
    },
    {
        "ASIN": "B0B45LL4DD",
        "title": "Beauty of Joseon Revive eye serum : Ginseng + Retinal, 30ml, 1fl.oz.",
        "price": "$17.00 ($17.00 / Fl Oz)",
        "listPrice": "",
        "imageUrl": "https://m.media-amazon.com/images/I/21Rq+mjT83L._SL160_.jpg",
        "detailPageURL": "https://www.amazon.com/dp/B0B45LL4DD",
        "rating": "4.5",
        "totalReviews": "1115",
        "subtitle": "Beauty of Joseon",
        "isPrimeEligible": "1"
    },
    {
        "ASIN": "B01C9DJKLA",
        "title": "Loreal Revitalift Eye Cream 0.5 Ounce (14ml) (2 Pack)",
        "price": "$19.20 ($19.20 / Ounce)",
        "listPrice": "$22.04 ($22.04 / Ounce)",
        "imageUrl": "https://m.media-amazon.com/images/I/41zisifTq4L._SL160_.jpg",
        "detailPageURL": "https://www.amazon.com/dp/B01C9DJKLA",
        "rating": "4.7",
        "totalReviews": "1053",
        "subtitle": "L\u2019Or\u00e9al Paris",
        "isPrimeEligible": "1"
    },
    {
        "ASIN": "B0C3L93HWG",
        "title": "Vitalysin Caffeine Eye Cream for Dark Circles and Puffiness, Anti-Ageing Reduce Wrinkles and Fine Lines, with Caffeine, Retinol, Peptides and Hyaluronic Acid 0.7 fl oz",
        "price": "$15.99 ($22.84 / Fl Oz)",
        "listPrice": "$16.99 ($24.27 / Fl Oz)",
        "imageUrl": "https://m.media-amazon.com/images/I/41TQVYklI9L._SL160_.jpg",
        "detailPageURL": "https://www.amazon.com/dp/B0C3L93HWG",
        "rating": "4.7",
        "totalReviews": "156",
        "subtitle": "Vitalysin",
        "isPrimeEligible": "1"
    },
    {
        "ASIN": "B000F65JSC",
        "title": "Eye Cream by Olay Total Effects 7-in-one Anti-Aging Transforming Eye Cream 0.5 oz Packaging may Vary",
        "price": "$23.48 ($46.96 / Ounce)",
        "listPrice": "",
        "imageUrl": "https://m.media-amazon.com/images/I/41UnWcwNimL._SL160_.jpg",
        "detailPageURL": "https://www.amazon.com/dp/B000F65JSC",
        "rating": "4.4",
        "totalReviews": "5819",
        "subtitle": "Olay",
        "isPrimeEligible": "1"
    },
    {
        "ASIN": "B001189I3A",
        "title": "100% PURE Coffee Bean Caffeine Eye Cream Refresh & Hydrate Under Eye Treatment Reduce Puffiness, Dark Circles, Wrinkles with Green Tea, Rose Hip, Vitamin E - Youthful Vibrant Eyes - Vegan - 1 oz",
        "price": "$29.00",
        "listPrice": "",
        "imageUrl": "https://m.media-amazon.com/images/I/311joJTkeOL._SL160_.jpg",
        "detailPageURL": "https://www.amazon.com/dp/B001189I3A",
        "rating": "4.0",
        "totalReviews": "4991",
        "subtitle": "100% PURE",
        "isPrimeEligible": "1"
    },
    {
        "ASIN": "B0B3BX9PLP",
        "title": "Neutrogena Hydro Boost + Eye Cream for Dark Circles & Puffiness, Under Eye Cream with Caffeine, Hyaluronic Acid and Peptides, Fragrance Free, 0.5 oz",
        "price": "$16.54 ($33.08 / Fl Oz)",
        "listPrice": "$30.79 ($61.58 / Fl Oz)",
        "imageUrl": "https://m.media-amazon.com/images/I/41JN0hCR7EL._SL160_.jpg",
        "detailPageURL": "https://www.amazon.com/dp/B0B3BX9PLP",
        "rating": "4.2",
        "totalReviews": "426",
        "subtitle": "Neutrogena",
        "isPrimeEligible": "1"
    },
    {
        "ASIN": "B00QL67MY4",
        "title": "Brickell Men's Restoring Under Eye Cream for Men, Natural and Organic Anti Aging Eye Balm To Reduce Puffiness, Wrinkles, Dark Circles, Crows Feet and Under Eye Bags, 0.5 Ounce, Unscented",
        "price": "$40.00 ($80.00 / Ounce)",
        "listPrice": "",
        "imageUrl": "https://m.media-amazon.com/images/I/41PKibi1bML._SL160_.jpg",
        "detailPageURL": "https://www.amazon.com/dp/B00QL67MY4",
        "rating": "4.3",
        "totalReviews": "7862",
        "subtitle": "Brickell Men's Products",
        "isPrimeEligible": "1"
    },
    {
        "ASIN": "B0BSB7K6FN",
        "title": "LPH LAB Temporary Eye Tightener Eye Cream, Instant Reduces Under-Eye Bags, Instant Under Eye Serum, Dark Circles & Puffiness, Anti Aging Fine Lines, Firm That Delicate Skin Under Your Eyes 0.5 oz",
        "price": "$15.98 ($31.96 / Fl Oz)",
        "listPrice": "$17.99 ($35.98 / Fl Oz)",
        "imageUrl": "https://m.media-amazon.com/images/I/51K3OWBQF-L._SL160_.jpg",
        "detailPageURL": "https://www.amazon.com/dp/B0BSB7K6FN",
        "rating": "4.3",
        "totalReviews": "1146",
        "subtitle": "LPH LAB",
        "isPrimeEligible": "1"
    },
    {
        "ASIN": "B00BV5RU2E",
        "title": "GinZing Refreshing Eye Cream to Brighten and Depuff by Origins for Unisex - 0.5 oz Eye Cream",
        "price": "$27.31 ($53.55 / Ounce)",
        "listPrice": "",
        "imageUrl": "https://m.media-amazon.com/images/I/41sfrHOiH2L._SL160_.jpg",
        "detailPageURL": "https://www.amazon.com/dp/B00BV5RU2E",
        "rating": "4.4",
        "totalReviews": "294",
        "subtitle": "Origins",
        "isPrimeEligible": "0"
    },
    {
        "ASIN": "B0B45LL4DD",
        "title": "Beauty of Joseon Revive eye serum : Ginseng + Retinal, 30ml, 1fl.oz.",
        "price": "$17.00 ($17.00 / Fl Oz)",
        "listPrice": "",
        "imageUrl": "https://m.media-amazon.com/images/I/21Rq+mjT83L._SL160_.jpg",
        "detailPageURL": "https://www.amazon.com/dp/B0B45LL4DD",
        "rating": "4.5",
        "totalReviews": "1115",
        "subtitle": "Beauty of Joseon",
        "isPrimeEligible": "1"
    },
    {
        "ASIN": "B01C9DJKLA",
        "title": "Loreal Revitalift Eye Cream 0.5 Ounce (14ml) (2 Pack)",
        "price": "$19.20 ($19.20 / Ounce)",
        "listPrice": "$22.04 ($22.04 / Ounce)",
        "imageUrl": "https://m.media-amazon.com/images/I/41zisifTq4L._SL160_.jpg",
        "detailPageURL": "https://www.amazon.com/dp/B01C9DJKLA",
        "rating": "4.7",
        "totalReviews": "1053",
        "subtitle": "L\u2019Or\u00e9al Paris",
        "isPrimeEligible": "1"
    },
    {
        "ASIN": "B0C3L93HWG",
        "title": "Vitalysin Caffeine Eye Cream for Dark Circles and Puffiness, Anti-Ageing Reduce Wrinkles and Fine Lines, with Caffeine, Retinol, Peptides and Hyaluronic Acid 0.7 fl oz",
        "price": "$15.99 ($22.84 / Fl Oz)",
        "listPrice": "$16.99 ($24.27 / Fl Oz)",
        "imageUrl": "https://m.media-amazon.com/images/I/41TQVYklI9L._SL160_.jpg",
        "detailPageURL": "https://www.amazon.com/dp/B0C3L93HWG",
        "rating": "4.7",
        "totalReviews": "156",
        "subtitle": "Vitalysin",
        "isPrimeEligible": "1"
    },
    {
        "ASIN": "B000F65JSC",
        "title": "Eye Cream by Olay Total Effects 7-in-one Anti-Aging Transforming Eye Cream 0.5 oz Packaging may Vary",
        "price": "$23.48 ($46.96 / Ounce)",
        "listPrice": "",
        "imageUrl": "https://m.media-amazon.com/images/I/41UnWcwNimL._SL160_.jpg",
        "detailPageURL": "https://www.amazon.com/dp/B000F65JSC",
        "rating": "4.4",
        "totalReviews": "5819",
        "subtitle": "Olay",
        "isPrimeEligible": "1"
    },
    {
        "ASIN": "B001189I3A",
        "title": "100% PURE Coffee Bean Caffeine Eye Cream Refresh & Hydrate Under Eye Treatment Reduce Puffiness, Dark Circles, Wrinkles with Green Tea, Rose Hip, Vitamin E - Youthful Vibrant Eyes - Vegan - 1 oz",
        "price": "$29.00",
        "listPrice": "",
        "imageUrl": "https://m.media-amazon.com/images/I/311joJTkeOL._SL160_.jpg",
        "detailPageURL": "https://www.amazon.com/dp/B001189I3A",
        "rating": "4.0",
        "totalReviews": "4991",
        "subtitle": "100% PURE",
        "isPrimeEligible": "1"
    },
    {
        "ASIN": "B0B3BX9PLP",
        "title": "Neutrogena Hydro Boost + Eye Cream for Dark Circles & Puffiness, Under Eye Cream with Caffeine, Hyaluronic Acid and Peptides, Fragrance Free, 0.5 oz",
        "price": "$16.54 ($33.08 / Fl Oz)",
        "listPrice": "$30.79 ($61.58 / Fl Oz)",
        "imageUrl": "https://m.media-amazon.com/images/I/41JN0hCR7EL._SL160_.jpg",
        "detailPageURL": "https://www.amazon.com/dp/B0B3BX9PLP",
        "rating": "4.2",
        "totalReviews": "426",
        "subtitle": "Neutrogena",
        "isPrimeEligible": "1"
    },
    {
        "ASIN": "B0C2D6K5VH",
        "title": "No7 Future Renew Damage Reversal Eye Serum - Daily Eye Serum with Hyaluronic Acid and Vitamin C for Aging Skin - Dermatologist-Approved, Suitable for Sensitive Skin (15ml)",
        "price": "$17.98 ($35.96 / Fl Oz)",
        "listPrice": "$19.99 ($39.98 / Fl Oz)",
        "imageUrl": "https://m.media-amazon.com/images/I/31GxlBTzDkL._SL160_.jpg",
        "detailPageURL": "https://www.amazon.com/dp/B0C2D6K5VH",
        "rating": "4.7",
        "totalReviews": "132",
        "subtitle": "No7",
        "isPrimeEligible": "1"
    },
    {
        "ASIN": "B0BSB7K6FN",
        "title": "LPH LAB Temporary Eye Tightener Eye Cream, Instant Reduces Under-Eye Bags, Instant Under Eye Serum, Dark Circles & Puffiness, Anti Aging Fine Lines, Firm That Delicate Skin Under Your Eyes 0.5 oz",
        "price": "$15.98 ($31.96 / Fl Oz)",
        "listPrice": "$17.99 ($35.98 / Fl Oz)",
        "imageUrl": "https://m.media-amazon.com/images/I/51K3OWBQF-L._SL160_.jpg",
        "detailPageURL": "https://www.amazon.com/dp/B0BSB7K6FN",
        "rating": "4.3",
        "totalReviews": "1146",
        "subtitle": "LPH LAB",
        "isPrimeEligible": "1"
    },
    {
        "ASIN": "B00BV5RU2E",
        "title": "GinZing Refreshing Eye Cream to Brighten and Depuff by Origins for Unisex - 0.5 oz Eye Cream",
        "price": "$27.31 ($53.55 / Ounce)",
        "listPrice": "",
        "imageUrl": "https://m.media-amazon.com/images/I/41sfrHOiH2L._SL160_.jpg",
        "detailPageURL": "https://www.amazon.com/dp/B00BV5RU2E",
        "rating": "4.4",
        "totalReviews": "294",
        "subtitle": "Origins",
        "isPrimeEligible": "0"
    },
    {
        "ASIN": "B0B45LL4DD",
        "title": "Beauty of Joseon Revive eye serum : Ginseng + Retinal, 30ml, 1fl.oz.",
        "price": "$17.00 ($17.00 / Fl Oz)",
        "listPrice": "",
        "imageUrl": "https://m.media-amazon.com/images/I/21Rq+mjT83L._SL160_.jpg",
        "detailPageURL": "https://www.amazon.com/dp/B0B45LL4DD",
        "rating": "4.5",
        "totalReviews": "1115",
        "subtitle": "Beauty of Joseon",
        "isPrimeEligible": "1"
    },
    {
        "ASIN": "B01C9DJKLA",
        "title": "Loreal Revitalift Eye Cream 0.5 Ounce (14ml) (2 Pack)",
        "price": "$19.20 ($19.20 / Ounce)",
        "listPrice": "$22.04 ($22.04 / Ounce)",
        "imageUrl": "https://m.media-amazon.com/images/I/41zisifTq4L._SL160_.jpg",
        "detailPageURL": "https://www.amazon.com/dp/B01C9DJKLA",
        "rating": "4.7",
        "totalReviews": "1053",
        "subtitle": "L\u2019Or\u00e9al Paris",
        "isPrimeEligible": "1"
    },
    {
        "ASIN": "B0C3L93HWG",
        "title": "Vitalysin Caffeine Eye Cream for Dark Circles and Puffiness, Anti-Ageing Reduce Wrinkles and Fine Lines, with Caffeine, Retinol, Peptides and Hyaluronic Acid 0.7 fl oz",
        "price": "$15.99 ($22.84 / Fl Oz)",
        "listPrice": "$16.99 ($24.27 / Fl Oz)",
        "imageUrl": "https://m.media-amazon.com/images/I/41TQVYklI9L._SL160_.jpg",
        "detailPageURL": "https://www.amazon.com/dp/B0C3L93HWG",
        "rating": "4.7",
        "totalReviews": "156",
        "subtitle": "Vitalysin",
        "isPrimeEligible": "1"
    },
    {
        "ASIN": "B000F65JSC",
        "title": "Eye Cream by Olay Total Effects 7-in-one Anti-Aging Transforming Eye Cream 0.5 oz Packaging may Vary",
        "price": "$23.48 ($46.96 / Ounce)",
        "listPrice": "",
        "imageUrl": "https://m.media-amazon.com/images/I/41UnWcwNimL._SL160_.jpg",
        "detailPageURL": "https://www.amazon.com/dp/B000F65JSC",
        "rating": "4.4",
        "totalReviews": "5819",
        "subtitle": "Olay",
        "isPrimeEligible": "1"
    },
    {
        "ASIN": "B001189I3A",
        "title": "100% PURE Coffee Bean Caffeine Eye Cream Refresh & Hydrate Under Eye Treatment Reduce Puffiness, Dark Circles, Wrinkles with Green Tea, Rose Hip, Vitamin E - Youthful Vibrant Eyes - Vegan - 1 oz",
        "price": "$29.00",
        "listPrice": "",
        "imageUrl": "https://m.media-amazon.com/images/I/311joJTkeOL._SL160_.jpg",
        "detailPageURL": "https://www.amazon.com/dp/B001189I3A",
        "rating": "4.0",
        "totalReviews": "4991",
        "subtitle": "100% PURE",
        "isPrimeEligible": "1"
    },
    {
        "ASIN": "B0B3BX9PLP",
        "title": "Neutrogena Hydro Boost + Eye Cream for Dark Circles & Puffiness, Under Eye Cream with Caffeine, Hyaluronic Acid and Peptides, Fragrance Free, 0.5 oz",
        "price": "$16.54 ($33.08 / Fl Oz)",
        "listPrice": "$30.79 ($61.58 / Fl Oz)",
        "imageUrl": "https://m.media-amazon.com/images/I/41JN0hCR7EL._SL160_.jpg",
        "detailPageURL": "https://www.amazon.com/dp/B0B3BX9PLP",
        "rating": "4.2",
        "totalReviews": "426",
        "subtitle": "Neutrogena",
        "isPrimeEligible": "1"
    },
    {
        "ASIN": "B0C2D6K5VH",
        "title": "No7 Future Renew Damage Reversal Eye Serum - Daily Eye Serum with Hyaluronic Acid and Vitamin C for Aging Skin - Dermatologist-Approved, Suitable for Sensitive Skin (15ml)",
        "price": "$17.98 ($35.96 / Fl Oz)",
        "listPrice": "$19.99 ($39.98 / Fl Oz)",
        "imageUrl": "https://m.media-amazon.com/images/I/31GxlBTzDkL._SL160_.jpg",
        "detailPageURL": "https://www.amazon.com/dp/B0C2D6K5VH",
        "rating": "4.7",
        "totalReviews": "132",
        "subtitle": "No7",
        "isPrimeEligible": "1"
    },
    {
        "ASIN": "B07XQVT3TZ",
        "title": "Olay Regenerist Retinol 24 Night Eye Cream, 0.5oz + Whip Face Moisturizer Travel/Trial Size Bundle",
        "price": "$24.97",
        "listPrice": "$27.99",
        "imageUrl": "https://m.media-amazon.com/images/I/41zeVtMrd8L._SL160_.jpg",
        "detailPageURL": "https://www.amazon.com/dp/B07XQVT3TZ",
        "rating": "4.5",
        "totalReviews": "2305",
        "subtitle": "Olay",
        "isPrimeEligible": "1"
    },
    {
        "ASIN": "B00BV5RU2E",
        "title": "GinZing Refreshing Eye Cream to Brighten and Depuff by Origins for Unisex - 0.5 oz Eye Cream",
        "price": "$27.31 ($53.55 / Ounce)",
        "listPrice": "",
        "imageUrl": "https://m.media-amazon.com/images/I/41sfrHOiH2L._SL160_.jpg",
        "detailPageURL": "https://www.amazon.com/dp/B00BV5RU2E",
        "rating": "4.4",
        "totalReviews": "294",
        "subtitle": "Origins",
        "isPrimeEligible": "0"
    },
    {
        "ASIN": "B0B45LL4DD",
        "title": "Beauty of Joseon Revive eye serum : Ginseng + Retinal, 30ml, 1fl.oz.",
        "price": "$17.00 ($17.00 / Fl Oz)",
        "listPrice": "",
        "imageUrl": "https://m.media-amazon.com/images/I/21Rq+mjT83L._SL160_.jpg",
        "detailPageURL": "https://www.amazon.com/dp/B0B45LL4DD",
        "rating": "4.5",
        "totalReviews": "1115",
        "subtitle": "Beauty of Joseon",
        "isPrimeEligible": "1"
    },
    {
        "ASIN": "B01C9DJKLA",
        "title": "Loreal Revitalift Eye Cream 0.5 Ounce (14ml) (2 Pack)",
        "price": "$19.20 ($19.20 / Ounce)",
        "listPrice": "$22.04 ($22.04 / Ounce)",
        "imageUrl": "https://m.media-amazon.com/images/I/41zisifTq4L._SL160_.jpg",
        "detailPageURL": "https://www.amazon.com/dp/B01C9DJKLA",
        "rating": "4.7",
        "totalReviews": "1053",
        "subtitle": "L\u2019Or\u00e9al Paris",
        "isPrimeEligible": "1"
    },
    {
        "ASIN": "B0C3L93HWG",
        "title": "Vitalysin Caffeine Eye Cream for Dark Circles and Puffiness, Anti-Ageing Reduce Wrinkles and Fine Lines, with Caffeine, Retinol, Peptides and Hyaluronic Acid 0.7 fl oz",
        "price": "$15.99 ($22.84 / Fl Oz)",
        "listPrice": "$16.99 ($24.27 / Fl Oz)",
        "imageUrl": "https://m.media-amazon.com/images/I/41TQVYklI9L._SL160_.jpg",
        "detailPageURL": "https://www.amazon.com/dp/B0C3L93HWG",
        "rating": "4.7",
        "totalReviews": "156",
        "subtitle": "Vitalysin",
        "isPrimeEligible": "1"
    },
    {
        "ASIN": "B000F65JSC",
        "title": "Eye Cream by Olay Total Effects 7-in-one Anti-Aging Transforming Eye Cream 0.5 oz Packaging may Vary",
        "price": "$23.48 ($46.96 / Ounce)",
        "listPrice": "",
        "imageUrl": "https://m.media-amazon.com/images/I/41UnWcwNimL._SL160_.jpg",
        "detailPageURL": "https://www.amazon.com/dp/B000F65JSC",
        "rating": "4.4",
        "totalReviews": "5819",
        "subtitle": "Olay",
        "isPrimeEligible": "1"
    },
    {
        "ASIN": "B001189I3A",
        "title": "100% PURE Coffee Bean Caffeine Eye Cream Refresh & Hydrate Under Eye Treatment Reduce Puffiness, Dark Circles, Wrinkles with Green Tea, Rose Hip, Vitamin E - Youthful Vibrant Eyes - Vegan - 1 oz",
        "price": "$29.00",
        "listPrice": "",
        "imageUrl": "https://m.media-amazon.com/images/I/311joJTkeOL._SL160_.jpg",
        "detailPageURL": "https://www.amazon.com/dp/B001189I3A",
        "rating": "4.0",
        "totalReviews": "4991",
        "subtitle": "100% PURE",
        "isPrimeEligible": "1"
    },
    {
        "ASIN": "B0B3BX9PLP",
        "title": "Neutrogena Hydro Boost + Eye Cream for Dark Circles & Puffiness, Under Eye Cream with Caffeine, Hyaluronic Acid and Peptides, Fragrance Free, 0.5 oz",
        "price": "$16.54 ($33.08 / Fl Oz)",
        "listPrice": "$30.79 ($61.58 / Fl Oz)",
        "imageUrl": "https://m.media-amazon.com/images/I/41JN0hCR7EL._SL160_.jpg",
        "detailPageURL": "https://www.amazon.com/dp/B0B3BX9PLP",
        "rating": "4.2",
        "totalReviews": "426",
        "subtitle": "Neutrogena",
        "isPrimeEligible": "1"
    },
    {
        "ASIN": "B0C2D6K5VH",
        "title": "No7 Future Renew Damage Reversal Eye Serum - Daily Eye Serum with Hyaluronic Acid and Vitamin C for Aging Skin - Dermatologist-Approved, Suitable for Sensitive Skin (15ml)",
        "price": "$17.98 ($35.96 / Fl Oz)",
        "listPrice": "$19.99 ($39.98 / Fl Oz)",
        "imageUrl": "https://m.media-amazon.com/images/I/31GxlBTzDkL._SL160_.jpg",
        "detailPageURL": "https://www.amazon.com/dp/B0C2D6K5VH",
        "rating": "4.7",
        "totalReviews": "132",
        "subtitle": "No7",
        "isPrimeEligible": "1"
    },
    {
        "ASIN": "B07XQVT3TZ",
        "title": "Olay Regenerist Retinol 24 Night Eye Cream, 0.5oz + Whip Face Moisturizer Travel/Trial Size Bundle",
        "price": "$24.97",
        "listPrice": "$27.99",
        "imageUrl": "https://m.media-amazon.com/images/I/41zeVtMrd8L._SL160_.jpg",
        "detailPageURL": "https://www.amazon.com/dp/B07XQVT3TZ",
        "rating": "4.5",
        "totalReviews": "2305",
        "subtitle": "Olay",
        "isPrimeEligible": "1"
    },
    {
        "ASIN": "B0BV2PSH3M",
        "title": "Amazon Basics Retinol Eye Cream, Fragrance Free, 0.5 Ounces, 1-Pack",
        "price": "$11.08 ($22.16 / Ounce)",
        "listPrice": "$12.93 ($25.86 / Ounce)",
        "imageUrl": "https://m.media-amazon.com/images/I/41Wy7euwPeL._SL160_.jpg",
        "detailPageURL": "https://www.amazon.com/dp/B0BV2PSH3M",
        "rating": "5.0",
        "totalReviews": "10",
        "subtitle": "Amazon Basics",
        "isPrimeEligible": "1"
    },
    {
        "ASIN": "B0B45LL4DD",
        "title": "Beauty of Joseon Revive eye serum : Ginseng + Retinal, 30ml, 1fl.oz.",
        "price": "$17.00 ($17.00 / Fl Oz)",
        "listPrice": "",
        "imageUrl": "https://m.media-amazon.com/images/I/21Rq+mjT83L._SL160_.jpg",
        "detailPageURL": "https://www.amazon.com/dp/B0B45LL4DD",
        "rating": "4.5",
        "totalReviews": "1115",
        "subtitle": "Beauty of Joseon",
        "isPrimeEligible": "1"
    },
    {
        "ASIN": "B01C9DJKLA",
        "title": "Loreal Revitalift Eye Cream 0.5 Ounce (14ml) (2 Pack)",
        "price": "$19.20 ($19.20 / Ounce)",
        "listPrice": "$22.04 ($22.04 / Ounce)",
        "imageUrl": "https://m.media-amazon.com/images/I/41zisifTq4L._SL160_.jpg",
        "detailPageURL": "https://www.amazon.com/dp/B01C9DJKLA",
        "rating": "4.7",
        "totalReviews": "1053",
        "subtitle": "L\u2019Or\u00e9al Paris",
        "isPrimeEligible": "1"
    },
    {
        "ASIN": "B0C3L93HWG",
        "title": "Vitalysin Caffeine Eye Cream for Dark Circles and Puffiness, Anti-Ageing Reduce Wrinkles and Fine Lines, with Caffeine, Retinol, Peptides and Hyaluronic Acid 0.7 fl oz",
        "price": "$15.99 ($22.84 / Fl Oz)",
        "listPrice": "$16.99 ($24.27 / Fl Oz)",
        "imageUrl": "https://m.media-amazon.com/images/I/41TQVYklI9L._SL160_.jpg",
        "detailPageURL": "https://www.amazon.com/dp/B0C3L93HWG",
        "rating": "4.7",
        "totalReviews": "156",
        "subtitle": "Vitalysin",
        "isPrimeEligible": "1"
    },
    {
        "ASIN": "B000F65JSC",
        "title": "Eye Cream by Olay Total Effects 7-in-one Anti-Aging Transforming Eye Cream 0.5 oz Packaging may Vary",
        "price": "$23.48 ($46.96 / Ounce)",
        "listPrice": "",
        "imageUrl": "https://m.media-amazon.com/images/I/41UnWcwNimL._SL160_.jpg",
        "detailPageURL": "https://www.amazon.com/dp/B000F65JSC",
        "rating": "4.4",
        "totalReviews": "5819",
        "subtitle": "Olay",
        "isPrimeEligible": "1"
    },
    {
        "ASIN": "B001189I3A",
        "title": "100% PURE Coffee Bean Caffeine Eye Cream Refresh & Hydrate Under Eye Treatment Reduce Puffiness, Dark Circles, Wrinkles with Green Tea, Rose Hip, Vitamin E - Youthful Vibrant Eyes - Vegan - 1 oz",
        "price": "$29.00",
        "listPrice": "",
        "imageUrl": "https://m.media-amazon.com/images/I/311joJTkeOL._SL160_.jpg",
        "detailPageURL": "https://www.amazon.com/dp/B001189I3A",
        "rating": "4.0",
        "totalReviews": "4991",
        "subtitle": "100% PURE",
        "isPrimeEligible": "1"
    },
    {
        "ASIN": "B0B3BX9PLP",
        "title": "Neutrogena Hydro Boost + Eye Cream for Dark Circles & Puffiness, Under Eye Cream with Caffeine, Hyaluronic Acid and Peptides, Fragrance Free, 0.5 oz",
        "price": "$16.54 ($33.08 / Fl Oz)",
        "listPrice": "$30.79 ($61.58 / Fl Oz)",
        "imageUrl": "https://m.media-amazon.com/images/I/41JN0hCR7EL._SL160_.jpg",
        "detailPageURL": "https://www.amazon.com/dp/B0B3BX9PLP",
        "rating": "4.2",
        "totalReviews": "426",
        "subtitle": "Neutrogena",
        "isPrimeEligible": "1"
    },
    {
        "ASIN": "B0C2D6K5VH",
        "title": "No7 Future Renew Damage Reversal Eye Serum - Daily Eye Serum with Hyaluronic Acid and Vitamin C for Aging Skin - Dermatologist-Approved, Suitable for Sensitive Skin (15ml)",
        "price": "$17.98 ($35.96 / Fl Oz)",
        "listPrice": "$19.99 ($39.98 / Fl Oz)",
        "imageUrl": "https://m.media-amazon.com/images/I/31GxlBTzDkL._SL160_.jpg",
        "detailPageURL": "https://www.amazon.com/dp/B0C2D6K5VH",
        "rating": "4.7",
        "totalReviews": "132",
        "subtitle": "No7",
        "isPrimeEligible": "1"
    },
    {
        "ASIN": "B07XQVT3TZ",
        "title": "Olay Regenerist Retinol 24 Night Eye Cream, 0.5oz + Whip Face Moisturizer Travel/Trial Size Bundle",
        "price": "$24.97",
        "listPrice": "$27.99",
        "imageUrl": "https://m.media-amazon.com/images/I/41zeVtMrd8L._SL160_.jpg",
        "detailPageURL": "https://www.amazon.com/dp/B07XQVT3TZ",
        "rating": "4.5",
        "totalReviews": "2305",
        "subtitle": "Olay",
        "isPrimeEligible": "1"
    },
    {
        "ASIN": "B0BV2PSH3M",
        "title": "Amazon Basics Retinol Eye Cream, Fragrance Free, 0.5 Ounces, 1-Pack",
        "price": "$11.08 ($22.16 / Ounce)",
        "listPrice": "$12.93 ($25.86 / Ounce)",
        "imageUrl": "https://m.media-amazon.com/images/I/41Wy7euwPeL._SL160_.jpg",
        "detailPageURL": "https://www.amazon.com/dp/B0BV2PSH3M",
        "rating": "5.0",
        "totalReviews": "10",
        "subtitle": "Amazon Basics",
        "isPrimeEligible": "1"
    },
    {
        "ASIN": "B08P4SYXK5",
        "title": "Andalou Naturals Age Defying Plant-Based Retinol Alternative Eye Balm, 0.45 OZ",
        "price": "$11.99 ($26.64 / Ounce)",
        "listPrice": "$17.99 ($39.98 / Ounce)",
        "imageUrl": "https://m.media-amazon.com/images/I/51+KkLBz5zL._SL160_.jpg",
        "detailPageURL": "https://www.amazon.com/dp/B08P4SYXK5",
        "rating": "4.4",
        "totalReviews": "1209",
        "subtitle": "Andalou Naturals",
        "isPrimeEligible": "0"
    },
    {
        "ASIN": "B01C9DJKLA",
        "title": "Loreal Revitalift Eye Cream 0.5 Ounce (14ml) (2 Pack)",
        "price": "$19.20 ($19.20 / Ounce)",
        "listPrice": "$22.04 ($22.04 / Ounce)",
        "imageUrl": "https://m.media-amazon.com/images/I/41zisifTq4L._SL160_.jpg",
        "detailPageURL": "https://www.amazon.com/dp/B01C9DJKLA",
        "rating": "4.7",
        "totalReviews": "1053",
        "subtitle": "L\u2019Or\u00e9al Paris",
        "isPrimeEligible": "1"
    },
    {
        "ASIN": "B0C3L93HWG",
        "title": "Vitalysin Caffeine Eye Cream for Dark Circles and Puffiness, Anti-Ageing Reduce Wrinkles and Fine Lines, with Caffeine, Retinol, Peptides and Hyaluronic Acid 0.7 fl oz",
        "price": "$15.99 ($22.84 / Fl Oz)",
        "listPrice": "$16.99 ($24.27 / Fl Oz)",
        "imageUrl": "https://m.media-amazon.com/images/I/41TQVYklI9L._SL160_.jpg",
        "detailPageURL": "https://www.amazon.com/dp/B0C3L93HWG",
        "rating": "4.7",
        "totalReviews": "156",
        "subtitle": "Vitalysin",
        "isPrimeEligible": "1"
    },
    {
        "ASIN": "B000F65JSC",
        "title": "Eye Cream by Olay Total Effects 7-in-one Anti-Aging Transforming Eye Cream 0.5 oz Packaging may Vary",
        "price": "$23.48 ($46.96 / Ounce)",
        "listPrice": "",
        "imageUrl": "https://m.media-amazon.com/images/I/41UnWcwNimL._SL160_.jpg",
        "detailPageURL": "https://www.amazon.com/dp/B000F65JSC",
        "rating": "4.4",
        "totalReviews": "5819",
        "subtitle": "Olay",
        "isPrimeEligible": "1"
    },
    {
        "ASIN": "B001189I3A",
        "title": "100% PURE Coffee Bean Caffeine Eye Cream Refresh & Hydrate Under Eye Treatment Reduce Puffiness, Dark Circles, Wrinkles with Green Tea, Rose Hip, Vitamin E - Youthful Vibrant Eyes - Vegan - 1 oz",
        "price": "$29.00",
        "listPrice": "",
        "imageUrl": "https://m.media-amazon.com/images/I/311joJTkeOL._SL160_.jpg",
        "detailPageURL": "https://www.amazon.com/dp/B001189I3A",
        "rating": "4.0",
        "totalReviews": "4991",
        "subtitle": "100% PURE",
        "isPrimeEligible": "1"
    },
    {
        "ASIN": "B0B3BX9PLP",
        "title": "Neutrogena Hydro Boost + Eye Cream for Dark Circles & Puffiness, Under Eye Cream with Caffeine, Hyaluronic Acid and Peptides, Fragrance Free, 0.5 oz",
        "price": "$16.54 ($33.08 / Fl Oz)",
        "listPrice": "$30.79 ($61.58 / Fl Oz)",
        "imageUrl": "https://m.media-amazon.com/images/I/41JN0hCR7EL._SL160_.jpg",
        "detailPageURL": "https://www.amazon.com/dp/B0B3BX9PLP",
        "rating": "4.2",
        "totalReviews": "426",
        "subtitle": "Neutrogena",
        "isPrimeEligible": "1"
    },
    {
        "ASIN": "B0C2D6K5VH",
        "title": "No7 Future Renew Damage Reversal Eye Serum - Daily Eye Serum with Hyaluronic Acid and Vitamin C for Aging Skin - Dermatologist-Approved, Suitable for Sensitive Skin (15ml)",
        "price": "$17.98 ($35.96 / Fl Oz)",
        "listPrice": "$19.99 ($39.98 / Fl Oz)",
        "imageUrl": "https://m.media-amazon.com/images/I/31GxlBTzDkL._SL160_.jpg",
        "detailPageURL": "https://www.amazon.com/dp/B0C2D6K5VH",
        "rating": "4.7",
        "totalReviews": "132",
        "subtitle": "No7",
        "isPrimeEligible": "1"
    },
    {
        "ASIN": "B07XQVT3TZ",
        "title": "Olay Regenerist Retinol 24 Night Eye Cream, 0.5oz + Whip Face Moisturizer Travel/Trial Size Bundle",
        "price": "$24.97",
        "listPrice": "$27.99",
        "imageUrl": "https://m.media-amazon.com/images/I/41zeVtMrd8L._SL160_.jpg",
        "detailPageURL": "https://www.amazon.com/dp/B07XQVT3TZ",
        "rating": "4.5",
        "totalReviews": "2305",
        "subtitle": "Olay",
        "isPrimeEligible": "1"
    },
    {
        "ASIN": "B0BV2PSH3M",
        "title": "Amazon Basics Retinol Eye Cream, Fragrance Free, 0.5 Ounces, 1-Pack",
        "price": "$11.08 ($22.16 / Ounce)",
        "listPrice": "$12.93 ($25.86 / Ounce)",
        "imageUrl": "https://m.media-amazon.com/images/I/41Wy7euwPeL._SL160_.jpg",
        "detailPageURL": "https://www.amazon.com/dp/B0BV2PSH3M",
        "rating": "5.0",
        "totalReviews": "10",
        "subtitle": "Amazon Basics",
        "isPrimeEligible": "1"
    },
    {
        "ASIN": "B08P4SYXK5",
        "title": "Andalou Naturals Age Defying Plant-Based Retinol Alternative Eye Balm, 0.45 OZ",
        "price": "$11.99 ($26.64 / Ounce)",
        "listPrice": "$17.99 ($39.98 / Ounce)",
        "imageUrl": "https://m.media-amazon.com/images/I/51+KkLBz5zL._SL160_.jpg",
        "detailPageURL": "https://www.amazon.com/dp/B08P4SYXK5",
        "rating": "4.4",
        "totalReviews": "1209",
        "subtitle": "Andalou Naturals",
        "isPrimeEligible": "0"
    },
    {
        "ASIN": "B0BBPXM1V6",
        "title": "EssyNaturals Advanced Anti-aging Rapid Reduction Eye Cream Under Eye Cream, Eye Cream for Dark Circles and Puffiness, Dark Circles Under Eye Treatment for Women, Rapid Rewind Wrinkle Reduction",
        "price": "$33.10 ($97.35 / Fl Oz)",
        "listPrice": "",
        "imageUrl": "https://m.media-amazon.com/images/I/41uwIQGvVHL._SL160_.jpg",
        "detailPageURL": "https://www.amazon.com/dp/B0BBPXM1V6",
        "rating": "4.0",
        "totalReviews": "2468",
        "subtitle": "EssyNaturals Advanced",
        "isPrimeEligible": "1"
    },
    {
        "ASIN": "B0C3L93HWG",
        "title": "Vitalysin Caffeine Eye Cream for Dark Circles and Puffiness, Anti-Ageing Reduce Wrinkles and Fine Lines, with Caffeine, Retinol, Peptides and Hyaluronic Acid 0.7 fl oz",
        "price": "$15.99 ($22.84 / Fl Oz)",
        "listPrice": "$16.99 ($24.27 / Fl Oz)",
        "imageUrl": "https://m.media-amazon.com/images/I/41TQVYklI9L._SL160_.jpg",
        "detailPageURL": "https://www.amazon.com/dp/B0C3L93HWG",
        "rating": "4.7",
        "totalReviews": "156",
        "subtitle": "Vitalysin",
        "isPrimeEligible": "1"
    },
    {
        "ASIN": "B000F65JSC",
        "title": "Eye Cream by Olay Total Effects 7-in-one Anti-Aging Transforming Eye Cream 0.5 oz Packaging may Vary",
        "price": "$23.48 ($46.96 / Ounce)",
        "listPrice": "",
        "imageUrl": "https://m.media-amazon.com/images/I/41UnWcwNimL._SL160_.jpg",
        "detailPageURL": "https://www.amazon.com/dp/B000F65JSC",
        "rating": "4.4",
        "totalReviews": "5819",
        "subtitle": "Olay",
        "isPrimeEligible": "1"
    },
    {
        "ASIN": "B001189I3A",
        "title": "100% PURE Coffee Bean Caffeine Eye Cream Refresh & Hydrate Under Eye Treatment Reduce Puffiness, Dark Circles, Wrinkles with Green Tea, Rose Hip, Vitamin E - Youthful Vibrant Eyes - Vegan - 1 oz",
        "price": "$29.00",
        "listPrice": "",
        "imageUrl": "https://m.media-amazon.com/images/I/311joJTkeOL._SL160_.jpg",
        "detailPageURL": "https://www.amazon.com/dp/B001189I3A",
        "rating": "4.0",
        "totalReviews": "4991",
        "subtitle": "100% PURE",
        "isPrimeEligible": "1"
    },
    {
        "ASIN": "B0B3BX9PLP",
        "title": "Neutrogena Hydro Boost + Eye Cream for Dark Circles & Puffiness, Under Eye Cream with Caffeine, Hyaluronic Acid and Peptides, Fragrance Free, 0.5 oz",
        "price": "$16.54 ($33.08 / Fl Oz)",
        "listPrice": "$30.79 ($61.58 / Fl Oz)",
        "imageUrl": "https://m.media-amazon.com/images/I/41JN0hCR7EL._SL160_.jpg",
        "detailPageURL": "https://www.amazon.com/dp/B0B3BX9PLP",
        "rating": "4.2",
        "totalReviews": "426",
        "subtitle": "Neutrogena",
        "isPrimeEligible": "1"
    },
    {
        "ASIN": "B0C2D6K5VH",
        "title": "No7 Future Renew Damage Reversal Eye Serum - Daily Eye Serum with Hyaluronic Acid and Vitamin C for Aging Skin - Dermatologist-Approved, Suitable for Sensitive Skin (15ml)",
        "price": "$17.98 ($35.96 / Fl Oz)",
        "listPrice": "$19.99 ($39.98 / Fl Oz)",
        "imageUrl": "https://m.media-amazon.com/images/I/31GxlBTzDkL._SL160_.jpg",
        "detailPageURL": "https://www.amazon.com/dp/B0C2D6K5VH",
        "rating": "4.7",
        "totalReviews": "132",
        "subtitle": "No7",
        "isPrimeEligible": "1"
    },
    {
        "ASIN": "B07XQVT3TZ",
        "title": "Olay Regenerist Retinol 24 Night Eye Cream, 0.5oz + Whip Face Moisturizer Travel/Trial Size Bundle",
        "price": "$24.97",
        "listPrice": "$27.99",
        "imageUrl": "https://m.media-amazon.com/images/I/41zeVtMrd8L._SL160_.jpg",
        "detailPageURL": "https://www.amazon.com/dp/B07XQVT3TZ",
        "rating": "4.5",
        "totalReviews": "2305",
        "subtitle": "Olay",
        "isPrimeEligible": "1"
    },
    {
        "ASIN": "B0BV2PSH3M",
        "title": "Amazon Basics Retinol Eye Cream, Fragrance Free, 0.5 Ounces, 1-Pack",
        "price": "$11.08 ($22.16 / Ounce)",
        "listPrice": "$12.93 ($25.86 / Ounce)",
        "imageUrl": "https://m.media-amazon.com/images/I/41Wy7euwPeL._SL160_.jpg",
        "detailPageURL": "https://www.amazon.com/dp/B0BV2PSH3M",
        "rating": "5.0",
        "totalReviews": "10",
        "subtitle": "Amazon Basics",
        "isPrimeEligible": "1"
    },
    {
        "ASIN": "B08P4SYXK5",
        "title": "Andalou Naturals Age Defying Plant-Based Retinol Alternative Eye Balm, 0.45 OZ",
        "price": "$11.99 ($26.64 / Ounce)",
        "listPrice": "$17.99 ($39.98 / Ounce)",
        "imageUrl": "https://m.media-amazon.com/images/I/51+KkLBz5zL._SL160_.jpg",
        "detailPageURL": "https://www.amazon.com/dp/B08P4SYXK5",
        "rating": "4.4",
        "totalReviews": "1209",
        "subtitle": "Andalou Naturals",
        "isPrimeEligible": "0"
    },
    {
        "ASIN": "B0BBPXM1V6",
        "title": "EssyNaturals Advanced Anti-aging Rapid Reduction Eye Cream Under Eye Cream, Eye Cream for Dark Circles and Puffiness, Dark Circles Under Eye Treatment for Women, Rapid Rewind Wrinkle Reduction",
        "price": "$33.10 ($97.35 / Fl Oz)",
        "listPrice": "",
        "imageUrl": "https://m.media-amazon.com/images/I/41uwIQGvVHL._SL160_.jpg",
        "detailPageURL": "https://www.amazon.com/dp/B0BBPXM1V6",
        "rating": "4.0",
        "totalReviews": "2468",
        "subtitle": "EssyNaturals Advanced",
        "isPrimeEligible": "1"
    },
    {
        "ASIN": "B0BLT9NHKF",
        "title": "Paula's Choice C5 Super Boost Eye Cream\u00a0with 5% Vitamin C, Hyaluronic Acid & Peptides, for Puffy Eyes, Dark Circles, Fine Lines & Crow\u2019s Feet,\u00a00.5 Fl Oz\u00a0",
        "price": "$39.00 ($78.00 / Fl Oz)",
        "listPrice": "",
        "imageUrl": "https://m.media-amazon.com/images/I/31a-EVFjK4L._SL160_.jpg",
        "detailPageURL": "https://www.amazon.com/dp/B0BLT9NHKF",
        "rating": "4.2",
        "totalReviews": "117",
        "subtitle": "Paula's Choice",
        "isPrimeEligible": "1"
    },
    {
        "ASIN": "B000F65JSC",
        "title": "Eye Cream by Olay Total Effects 7-in-one Anti-Aging Transforming Eye Cream 0.5 oz Packaging may Vary",
        "price": "$23.48 ($46.96 / Ounce)",
        "listPrice": "",
        "imageUrl": "https://m.media-amazon.com/images/I/41UnWcwNimL._SL160_.jpg",
        "detailPageURL": "https://www.amazon.com/dp/B000F65JSC",
        "rating": "4.4",
        "totalReviews": "5819",
        "subtitle": "Olay",
        "isPrimeEligible": "1"
    },
    {
        "ASIN": "B001189I3A",
        "title": "100% PURE Coffee Bean Caffeine Eye Cream Refresh & Hydrate Under Eye Treatment Reduce Puffiness, Dark Circles, Wrinkles with Green Tea, Rose Hip, Vitamin E - Youthful Vibrant Eyes - Vegan - 1 oz",
        "price": "$29.00",
        "listPrice": "",
        "imageUrl": "https://m.media-amazon.com/images/I/311joJTkeOL._SL160_.jpg",
        "detailPageURL": "https://www.amazon.com/dp/B001189I3A",
        "rating": "4.0",
        "totalReviews": "4991",
        "subtitle": "100% PURE",
        "isPrimeEligible": "1"
    },
    {
        "ASIN": "B0B3BX9PLP",
        "title": "Neutrogena Hydro Boost + Eye Cream for Dark Circles & Puffiness, Under Eye Cream with Caffeine, Hyaluronic Acid and Peptides, Fragrance Free, 0.5 oz",
        "price": "$16.54 ($33.08 / Fl Oz)",
        "listPrice": "$30.79 ($61.58 / Fl Oz)",
        "imageUrl": "https://m.media-amazon.com/images/I/41JN0hCR7EL._SL160_.jpg",
        "detailPageURL": "https://www.amazon.com/dp/B0B3BX9PLP",
        "rating": "4.2",
        "totalReviews": "426",
        "subtitle": "Neutrogena",
        "isPrimeEligible": "1"
    },
    {
        "ASIN": "B0C2D6K5VH",
        "title": "No7 Future Renew Damage Reversal Eye Serum - Daily Eye Serum with Hyaluronic Acid and Vitamin C for Aging Skin - Dermatologist-Approved, Suitable for Sensitive Skin (15ml)",
        "price": "$17.98 ($35.96 / Fl Oz)",
        "listPrice": "$19.99 ($39.98 / Fl Oz)",
        "imageUrl": "https://m.media-amazon.com/images/I/31GxlBTzDkL._SL160_.jpg",
        "detailPageURL": "https://www.amazon.com/dp/B0C2D6K5VH",
        "rating": "4.7",
        "totalReviews": "132",
        "subtitle": "No7",
        "isPrimeEligible": "1"
    },
    {
        "ASIN": "B07XQVT3TZ",
        "title": "Olay Regenerist Retinol 24 Night Eye Cream, 0.5oz + Whip Face Moisturizer Travel/Trial Size Bundle",
        "price": "$24.97",
        "listPrice": "$27.99",
        "imageUrl": "https://m.media-amazon.com/images/I/41zeVtMrd8L._SL160_.jpg",
        "detailPageURL": "https://www.amazon.com/dp/B07XQVT3TZ",
        "rating": "4.5",
        "totalReviews": "2305",
        "subtitle": "Olay",
        "isPrimeEligible": "1"
    },
    {
        "ASIN": "B0BV2PSH3M",
        "title": "Amazon Basics Retinol Eye Cream, Fragrance Free, 0.5 Ounces, 1-Pack",
        "price": "$11.08 ($22.16 / Ounce)",
        "listPrice": "$12.93 ($25.86 / Ounce)",
        "imageUrl": "https://m.media-amazon.com/images/I/41Wy7euwPeL._SL160_.jpg",
        "detailPageURL": "https://www.amazon.com/dp/B0BV2PSH3M",
        "rating": "5.0",
        "totalReviews": "10",
        "subtitle": "Amazon Basics",
        "isPrimeEligible": "1"
    },
    {
        "ASIN": "B08P4SYXK5",
        "title": "Andalou Naturals Age Defying Plant-Based Retinol Alternative Eye Balm, 0.45 OZ",
        "price": "$11.99 ($26.64 / Ounce)",
        "listPrice": "$17.99 ($39.98 / Ounce)",
        "imageUrl": "https://m.media-amazon.com/images/I/51+KkLBz5zL._SL160_.jpg",
        "detailPageURL": "https://www.amazon.com/dp/B08P4SYXK5",
        "rating": "4.4",
        "totalReviews": "1209",
        "subtitle": "Andalou Naturals",
        "isPrimeEligible": "0"
    },
    {
        "ASIN": "B0BBPXM1V6",
        "title": "EssyNaturals Advanced Anti-aging Rapid Reduction Eye Cream Under Eye Cream, Eye Cream for Dark Circles and Puffiness, Dark Circles Under Eye Treatment for Women, Rapid Rewind Wrinkle Reduction",
        "price": "$33.10 ($97.35 / Fl Oz)",
        "listPrice": "",
        "imageUrl": "https://m.media-amazon.com/images/I/41uwIQGvVHL._SL160_.jpg",
        "detailPageURL": "https://www.amazon.com/dp/B0BBPXM1V6",
        "rating": "4.0",
        "totalReviews": "2468",
        "subtitle": "EssyNaturals Advanced",
        "isPrimeEligible": "1"
    },
    {
        "ASIN": "B0BLT9NHKF",
        "title": "Paula's Choice C5 Super Boost Eye Cream\u00a0with 5% Vitamin C, Hyaluronic Acid & Peptides, for Puffy Eyes, Dark Circles, Fine Lines & Crow\u2019s Feet,\u00a00.5 Fl Oz\u00a0",
        "price": "$39.00 ($78.00 / Fl Oz)",
        "listPrice": "",
        "imageUrl": "https://m.media-amazon.com/images/I/31a-EVFjK4L._SL160_.jpg",
        "detailPageURL": "https://www.amazon.com/dp/B0BLT9NHKF",
        "rating": "4.2",
        "totalReviews": "117",
        "subtitle": "Paula's Choice",
        "isPrimeEligible": "1"
    },
    {
        "ASIN": "B08DHRS2L6",
        "title": "Sweet Chef Turmeric + Vitamin C Booster Eye Cream - Hydrating Eye Cream to Help the Look of Dark Circles + Puffiness - Moisturizing Gel-Cream for Sensitive Under-Eye Skin (15ml / 0.5 oz)",
        "price": "$17.99 ($35.98 / Ounce)",
        "listPrice": "",
        "imageUrl": "https://m.media-amazon.com/images/I/31K+1FsgRCL._SL160_.jpg",
        "detailPageURL": "https://www.amazon.com/dp/B08DHRS2L6",
        "rating": "4.2",
        "totalReviews": "865",
        "subtitle": "Sweet Chef",
        "isPrimeEligible": "1"
    },
    {
        "ASIN": "B001189I3A",
        "title": "100% PURE Coffee Bean Caffeine Eye Cream Refresh & Hydrate Under Eye Treatment Reduce Puffiness, Dark Circles, Wrinkles with Green Tea, Rose Hip, Vitamin E - Youthful Vibrant Eyes - Vegan - 1 oz",
        "price": "$29.00",
        "listPrice": "",
        "imageUrl": "https://m.media-amazon.com/images/I/311joJTkeOL._SL160_.jpg",
        "detailPageURL": "https://www.amazon.com/dp/B001189I3A",
        "rating": "4.0",
        "totalReviews": "4991",
        "subtitle": "100% PURE",
        "isPrimeEligible": "1"
    },
    {
        "ASIN": "B0B3BX9PLP",
        "title": "Neutrogena Hydro Boost + Eye Cream for Dark Circles & Puffiness, Under Eye Cream with Caffeine, Hyaluronic Acid and Peptides, Fragrance Free, 0.5 oz",
        "price": "$16.54 ($33.08 / Fl Oz)",
        "listPrice": "$30.79 ($61.58 / Fl Oz)",
        "imageUrl": "https://m.media-amazon.com/images/I/41JN0hCR7EL._SL160_.jpg",
        "detailPageURL": "https://www.amazon.com/dp/B0B3BX9PLP",
        "rating": "4.2",
        "totalReviews": "426",
        "subtitle": "Neutrogena",
        "isPrimeEligible": "1"
    },
    {
        "ASIN": "B0C2D6K5VH",
        "title": "No7 Future Renew Damage Reversal Eye Serum - Daily Eye Serum with Hyaluronic Acid and Vitamin C for Aging Skin - Dermatologist-Approved, Suitable for Sensitive Skin (15ml)",
        "price": "$17.98 ($35.96 / Fl Oz)",
        "listPrice": "$19.99 ($39.98 / Fl Oz)",
        "imageUrl": "https://m.media-amazon.com/images/I/31GxlBTzDkL._SL160_.jpg",
        "detailPageURL": "https://www.amazon.com/dp/B0C2D6K5VH",
        "rating": "4.7",
        "totalReviews": "132",
        "subtitle": "No7",
        "isPrimeEligible": "1"
    },
    {
        "ASIN": "B07XQVT3TZ",
        "title": "Olay Regenerist Retinol 24 Night Eye Cream, 0.5oz + Whip Face Moisturizer Travel/Trial Size Bundle",
        "price": "$24.97",
        "listPrice": "$27.99",
        "imageUrl": "https://m.media-amazon.com/images/I/41zeVtMrd8L._SL160_.jpg",
        "detailPageURL": "https://www.amazon.com/dp/B07XQVT3TZ",
        "rating": "4.5",
        "totalReviews": "2305",
        "subtitle": "Olay",
        "isPrimeEligible": "1"
    },
    {
        "ASIN": "B0BV2PSH3M",
        "title": "Amazon Basics Retinol Eye Cream, Fragrance Free, 0.5 Ounces, 1-Pack",
        "price": "$11.08 ($22.16 / Ounce)",
        "listPrice": "$12.93 ($25.86 / Ounce)",
        "imageUrl": "https://m.media-amazon.com/images/I/41Wy7euwPeL._SL160_.jpg",
        "detailPageURL": "https://www.amazon.com/dp/B0BV2PSH3M",
        "rating": "5.0",
        "totalReviews": "10",
        "subtitle": "Amazon Basics",
        "isPrimeEligible": "1"
    },
    {
        "ASIN": "B08P4SYXK5",
        "title": "Andalou Naturals Age Defying Plant-Based Retinol Alternative Eye Balm, 0.45 OZ",
        "price": "$11.99 ($26.64 / Ounce)",
        "listPrice": "$17.99 ($39.98 / Ounce)",
        "imageUrl": "https://m.media-amazon.com/images/I/51+KkLBz5zL._SL160_.jpg",
        "detailPageURL": "https://www.amazon.com/dp/B08P4SYXK5",
        "rating": "4.4",
        "totalReviews": "1209",
        "subtitle": "Andalou Naturals",
        "isPrimeEligible": "0"
    },
    {
        "ASIN": "B0BBPXM1V6",
        "title": "EssyNaturals Advanced Anti-aging Rapid Reduction Eye Cream Under Eye Cream, Eye Cream for Dark Circles and Puffiness, Dark Circles Under Eye Treatment for Women, Rapid Rewind Wrinkle Reduction",
        "price": "$33.10 ($97.35 / Fl Oz)",
        "listPrice": "",
        "imageUrl": "https://m.media-amazon.com/images/I/41uwIQGvVHL._SL160_.jpg",
        "detailPageURL": "https://www.amazon.com/dp/B0BBPXM1V6",
        "rating": "4.0",
        "totalReviews": "2468",
        "subtitle": "EssyNaturals Advanced",
        "isPrimeEligible": "1"
    },
    {
        "ASIN": "B0BLT9NHKF",
        "title": "Paula's Choice C5 Super Boost Eye Cream\u00a0with 5% Vitamin C, Hyaluronic Acid & Peptides, for Puffy Eyes, Dark Circles, Fine Lines & Crow\u2019s Feet,\u00a00.5 Fl Oz\u00a0",
        "price": "$39.00 ($78.00 / Fl Oz)",
        "listPrice": "",
        "imageUrl": "https://m.media-amazon.com/images/I/31a-EVFjK4L._SL160_.jpg",
        "detailPageURL": "https://www.amazon.com/dp/B0BLT9NHKF",
        "rating": "4.2",
        "totalReviews": "117",
        "subtitle": "Paula's Choice",
        "isPrimeEligible": "1"
    },
    {
        "ASIN": "B08DHRS2L6",
        "title": "Sweet Chef Turmeric + Vitamin C Booster Eye Cream - Hydrating Eye Cream to Help the Look of Dark Circles + Puffiness - Moisturizing Gel-Cream for Sensitive Under-Eye Skin (15ml / 0.5 oz)",
        "price": "$17.99 ($35.98 / Ounce)",
        "listPrice": "",
        "imageUrl": "https://m.media-amazon.com/images/I/31K+1FsgRCL._SL160_.jpg",
        "detailPageURL": "https://www.amazon.com/dp/B08DHRS2L6",
        "rating": "4.2",
        "totalReviews": "865",
        "subtitle": "Sweet Chef",
        "isPrimeEligible": "1"
    },
    {
        "ASIN": "B00URD72DI",
        "title": "Origins Plantscription Anti-aging Power Eye Cream, 0.5 Fl Oz (ORICOSC74200104)",
        "price": "$40.95 ($81.90 / Fl Oz)",
        "listPrice": "$50.00 ($100.00 / Fl Oz)",
        "imageUrl": "https://m.media-amazon.com/images/I/41MipZnIZHL._SL160_.jpg",
        "detailPageURL": "https://www.amazon.com/dp/B00URD72DI",
        "rating": "4.6",
        "totalReviews": "401",
        "subtitle": "Origins",
        "isPrimeEligible": "1"
    },
    {
        "ASIN": "B0B3BX9PLP",
        "title": "Neutrogena Hydro Boost + Eye Cream for Dark Circles & Puffiness, Under Eye Cream with Caffeine, Hyaluronic Acid and Peptides, Fragrance Free, 0.5 oz",
        "price": "$16.54 ($33.08 / Fl Oz)",
        "listPrice": "$30.79 ($61.58 / Fl Oz)",
        "imageUrl": "https://m.media-amazon.com/images/I/41JN0hCR7EL._SL160_.jpg",
        "detailPageURL": "https://www.amazon.com/dp/B0B3BX9PLP",
        "rating": "4.2",
        "totalReviews": "426",
        "subtitle": "Neutrogena",
        "isPrimeEligible": "1"
    },
    {
        "ASIN": "B0C2D6K5VH",
        "title": "No7 Future Renew Damage Reversal Eye Serum - Daily Eye Serum with Hyaluronic Acid and Vitamin C for Aging Skin - Dermatologist-Approved, Suitable for Sensitive Skin (15ml)",
        "price": "$17.98 ($35.96 / Fl Oz)",
        "listPrice": "$19.99 ($39.98 / Fl Oz)",
        "imageUrl": "https://m.media-amazon.com/images/I/31GxlBTzDkL._SL160_.jpg",
        "detailPageURL": "https://www.amazon.com/dp/B0C2D6K5VH",
        "rating": "4.7",
        "totalReviews": "132",
        "subtitle": "No7",
        "isPrimeEligible": "1"
    },
    {
        "ASIN": "B07XQVT3TZ",
        "title": "Olay Regenerist Retinol 24 Night Eye Cream, 0.5oz + Whip Face Moisturizer Travel/Trial Size Bundle",
        "price": "$24.97",
        "listPrice": "$27.99",
        "imageUrl": "https://m.media-amazon.com/images/I/41zeVtMrd8L._SL160_.jpg",
        "detailPageURL": "https://www.amazon.com/dp/B07XQVT3TZ",
        "rating": "4.5",
        "totalReviews": "2305",
        "subtitle": "Olay",
        "isPrimeEligible": "1"
    },
    {
        "ASIN": "B0BV2PSH3M",
        "title": "Amazon Basics Retinol Eye Cream, Fragrance Free, 0.5 Ounces, 1-Pack",
        "price": "$11.08 ($22.16 / Ounce)",
        "listPrice": "$12.93 ($25.86 / Ounce)",
        "imageUrl": "https://m.media-amazon.com/images/I/41Wy7euwPeL._SL160_.jpg",
        "detailPageURL": "https://www.amazon.com/dp/B0BV2PSH3M",
        "rating": "5.0",
        "totalReviews": "10",
        "subtitle": "Amazon Basics",
        "isPrimeEligible": "1"
    },
    {
        "ASIN": "B08P4SYXK5",
        "title": "Andalou Naturals Age Defying Plant-Based Retinol Alternative Eye Balm, 0.45 OZ",
        "price": "$11.99 ($26.64 / Ounce)",
        "listPrice": "$17.99 ($39.98 / Ounce)",
        "imageUrl": "https://m.media-amazon.com/images/I/51+KkLBz5zL._SL160_.jpg",
        "detailPageURL": "https://www.amazon.com/dp/B08P4SYXK5",
        "rating": "4.4",
        "totalReviews": "1209",
        "subtitle": "Andalou Naturals",
        "isPrimeEligible": "0"
    },
    {
        "ASIN": "B0BBPXM1V6",
        "title": "EssyNaturals Advanced Anti-aging Rapid Reduction Eye Cream Under Eye Cream, Eye Cream for Dark Circles and Puffiness, Dark Circles Under Eye Treatment for Women, Rapid Rewind Wrinkle Reduction",
        "price": "$33.10 ($97.35 / Fl Oz)",
        "listPrice": "",
        "imageUrl": "https://m.media-amazon.com/images/I/41uwIQGvVHL._SL160_.jpg",
        "detailPageURL": "https://www.amazon.com/dp/B0BBPXM1V6",
        "rating": "4.0",
        "totalReviews": "2468",
        "subtitle": "EssyNaturals Advanced",
        "isPrimeEligible": "1"
    },
    {
        "ASIN": "B0BLT9NHKF",
        "title": "Paula's Choice C5 Super Boost Eye Cream\u00a0with 5% Vitamin C, Hyaluronic Acid & Peptides, for Puffy Eyes, Dark Circles, Fine Lines & Crow\u2019s Feet,\u00a00.5 Fl Oz\u00a0",
        "price": "$39.00 ($78.00 / Fl Oz)",
        "listPrice": "",
        "imageUrl": "https://m.media-amazon.com/images/I/31a-EVFjK4L._SL160_.jpg",
        "detailPageURL": "https://www.amazon.com/dp/B0BLT9NHKF",
        "rating": "4.2",
        "totalReviews": "117",
        "subtitle": "Paula's Choice",
        "isPrimeEligible": "1"
    },
    {
        "ASIN": "B08DHRS2L6",
        "title": "Sweet Chef Turmeric + Vitamin C Booster Eye Cream - Hydrating Eye Cream to Help the Look of Dark Circles + Puffiness - Moisturizing Gel-Cream for Sensitive Under-Eye Skin (15ml / 0.5 oz)",
        "price": "$17.99 ($35.98 / Ounce)",
        "listPrice": "",
        "imageUrl": "https://m.media-amazon.com/images/I/31K+1FsgRCL._SL160_.jpg",
        "detailPageURL": "https://www.amazon.com/dp/B08DHRS2L6",
        "rating": "4.2",
        "totalReviews": "865",
        "subtitle": "Sweet Chef",
        "isPrimeEligible": "1"
    },
    {
        "ASIN": "B00URD72DI",
        "title": "Origins Plantscription Anti-aging Power Eye Cream, 0.5 Fl Oz (ORICOSC74200104)",
        "price": "$40.95 ($81.90 / Fl Oz)",
        "listPrice": "$50.00 ($100.00 / Fl Oz)",
        "imageUrl": "https://m.media-amazon.com/images/I/41MipZnIZHL._SL160_.jpg",
        "detailPageURL": "https://www.amazon.com/dp/B00URD72DI",
        "rating": "4.6",
        "totalReviews": "401",
        "subtitle": "Origins",
        "isPrimeEligible": "1"
    },
    {
        "ASIN": "B08WZRDXK8",
        "title": "innisfree Orchid Youth Enriched Eye Cream Hyaluronic Acid Moisturizer",
        "price": "$29.00",
        "listPrice": "",
        "imageUrl": "https://m.media-amazon.com/images/I/41gYpAPKICS._SL160_.jpg",
        "detailPageURL": "https://www.amazon.com/dp/B08WZRDXK8",
        "rating": "4.5",
        "totalReviews": "331",
        "subtitle": "",
        "isPrimeEligible": "1"
    },
    {
        "ASIN": "B0C2D6K5VH",
        "title": "No7 Future Renew Damage Reversal Eye Serum - Daily Eye Serum with Hyaluronic Acid and Vitamin C for Aging Skin - Dermatologist-Approved, Suitable for Sensitive Skin (15ml)",
        "price": "$17.98 ($35.96 / Fl Oz)",
        "listPrice": "$19.99 ($39.98 / Fl Oz)",
        "imageUrl": "https://m.media-amazon.com/images/I/31GxlBTzDkL._SL160_.jpg",
        "detailPageURL": "https://www.amazon.com/dp/B0C2D6K5VH",
        "rating": "4.7",
        "totalReviews": "132",
        "subtitle": "No7",
        "isPrimeEligible": "1"
    },
    {
        "ASIN": "B07XQVT3TZ",
        "title": "Olay Regenerist Retinol 24 Night Eye Cream, 0.5oz + Whip Face Moisturizer Travel/Trial Size Bundle",
        "price": "$24.97",
        "listPrice": "$27.99",
        "imageUrl": "https://m.media-amazon.com/images/I/41zeVtMrd8L._SL160_.jpg",
        "detailPageURL": "https://www.amazon.com/dp/B07XQVT3TZ",
        "rating": "4.5",
        "totalReviews": "2305",
        "subtitle": "Olay",
        "isPrimeEligible": "1"
    },
    {
        "ASIN": "B0BV2PSH3M",
        "title": "Amazon Basics Retinol Eye Cream, Fragrance Free, 0.5 Ounces, 1-Pack",
        "price": "$11.08 ($22.16 / Ounce)",
        "listPrice": "$12.93 ($25.86 / Ounce)",
        "imageUrl": "https://m.media-amazon.com/images/I/41Wy7euwPeL._SL160_.jpg",
        "detailPageURL": "https://www.amazon.com/dp/B0BV2PSH3M",
        "rating": "5.0",
        "totalReviews": "10",
        "subtitle": "Amazon Basics",
        "isPrimeEligible": "1"
    },
    {
        "ASIN": "B08P4SYXK5",
        "title": "Andalou Naturals Age Defying Plant-Based Retinol Alternative Eye Balm, 0.45 OZ",
        "price": "$11.99 ($26.64 / Ounce)",
        "listPrice": "$17.99 ($39.98 / Ounce)",
        "imageUrl": "https://m.media-amazon.com/images/I/51+KkLBz5zL._SL160_.jpg",
        "detailPageURL": "https://www.amazon.com/dp/B08P4SYXK5",
        "rating": "4.4",
        "totalReviews": "1209",
        "subtitle": "Andalou Naturals",
        "isPrimeEligible": "0"
    },
    {
        "ASIN": "B0BBPXM1V6",
        "title": "EssyNaturals Advanced Anti-aging Rapid Reduction Eye Cream Under Eye Cream, Eye Cream for Dark Circles and Puffiness, Dark Circles Under Eye Treatment for Women, Rapid Rewind Wrinkle Reduction",
        "price": "$33.10 ($97.35 / Fl Oz)",
        "listPrice": "",
        "imageUrl": "https://m.media-amazon.com/images/I/41uwIQGvVHL._SL160_.jpg",
        "detailPageURL": "https://www.amazon.com/dp/B0BBPXM1V6",
        "rating": "4.0",
        "totalReviews": "2468",
        "subtitle": "EssyNaturals Advanced",
        "isPrimeEligible": "1"
    },
    {
        "ASIN": "B0BLT9NHKF",
        "title": "Paula's Choice C5 Super Boost Eye Cream\u00a0with 5% Vitamin C, Hyaluronic Acid & Peptides, for Puffy Eyes, Dark Circles, Fine Lines & Crow\u2019s Feet,\u00a00.5 Fl Oz\u00a0",
        "price": "$39.00 ($78.00 / Fl Oz)",
        "listPrice": "",
        "imageUrl": "https://m.media-amazon.com/images/I/31a-EVFjK4L._SL160_.jpg",
        "detailPageURL": "https://www.amazon.com/dp/B0BLT9NHKF",
        "rating": "4.2",
        "totalReviews": "117",
        "subtitle": "Paula's Choice",
        "isPrimeEligible": "1"
    },
    {
        "ASIN": "B08DHRS2L6",
        "title": "Sweet Chef Turmeric + Vitamin C Booster Eye Cream - Hydrating Eye Cream to Help the Look of Dark Circles + Puffiness - Moisturizing Gel-Cream for Sensitive Under-Eye Skin (15ml / 0.5 oz)",
        "price": "$17.99 ($35.98 / Ounce)",
        "listPrice": "",
        "imageUrl": "https://m.media-amazon.com/images/I/31K+1FsgRCL._SL160_.jpg",
        "detailPageURL": "https://www.amazon.com/dp/B08DHRS2L6",
        "rating": "4.2",
        "totalReviews": "865",
        "subtitle": "Sweet Chef",
        "isPrimeEligible": "1"
    },
    {
        "ASIN": "B00URD72DI",
        "title": "Origins Plantscription Anti-aging Power Eye Cream, 0.5 Fl Oz (ORICOSC74200104)",
        "price": "$40.95 ($81.90 / Fl Oz)",
        "listPrice": "$50.00 ($100.00 / Fl Oz)",
        "imageUrl": "https://m.media-amazon.com/images/I/41MipZnIZHL._SL160_.jpg",
        "detailPageURL": "https://www.amazon.com/dp/B00URD72DI",
        "rating": "4.6",
        "totalReviews": "401",
        "subtitle": "Origins",
        "isPrimeEligible": "1"
    },
    {
        "ASIN": "B08WZRDXK8",
        "title": "innisfree Orchid Youth Enriched Eye Cream Hyaluronic Acid Moisturizer",
        "price": "$29.00",
        "listPrice": "",
        "imageUrl": "https://m.media-amazon.com/images/I/41gYpAPKICS._SL160_.jpg",
        "detailPageURL": "https://www.amazon.com/dp/B08WZRDXK8",
        "rating": "4.5",
        "totalReviews": "331",
        "subtitle": "",
        "isPrimeEligible": "1"
    },
    {
        "ASIN": "B08YLS39HF",
        "title": "Eight Saints All In Eye Cream, Natural and Organic Anti Aging Under Eye Cream to Reduce Puffiness, Wrinkles, and Under Eye Bags, Dark Circles Under Eye Treatment, 0.5 Ounces",
        "price": "$36.00 ($72.00 / Ounce)",
        "listPrice": "$44.00 ($88.00 / Ounce)",
        "imageUrl": "https://m.media-amazon.com/images/I/41aEsjeZt8L._SL160_.jpg",
        "detailPageURL": "https://www.amazon.com/dp/B08YLS39HF",
        "rating": "4.3",
        "totalReviews": "3139",
        "subtitle": "Eight Saints",
        "isPrimeEligible": "1"
    },
    {
        "ASIN": "B07XQVT3TZ",
        "title": "Olay Regenerist Retinol 24 Night Eye Cream, 0.5oz + Whip Face Moisturizer Travel/Trial Size Bundle",
        "price": "$24.97",
        "listPrice": "$27.99",
        "imageUrl": "https://m.media-amazon.com/images/I/41zeVtMrd8L._SL160_.jpg",
        "detailPageURL": "https://www.amazon.com/dp/B07XQVT3TZ",
        "rating": "4.5",
        "totalReviews": "2305",
        "subtitle": "Olay",
        "isPrimeEligible": "1"
    },
    {
        "ASIN": "B0BV2PSH3M",
        "title": "Amazon Basics Retinol Eye Cream, Fragrance Free, 0.5 Ounces, 1-Pack",
        "price": "$11.08 ($22.16 / Ounce)",
        "listPrice": "$12.93 ($25.86 / Ounce)",
        "imageUrl": "https://m.media-amazon.com/images/I/41Wy7euwPeL._SL160_.jpg",
        "detailPageURL": "https://www.amazon.com/dp/B0BV2PSH3M",
        "rating": "5.0",
        "totalReviews": "10",
        "subtitle": "Amazon Basics",
        "isPrimeEligible": "1"
    },
    {
        "ASIN": "B08P4SYXK5",
        "title": "Andalou Naturals Age Defying Plant-Based Retinol Alternative Eye Balm, 0.45 OZ",
        "price": "$11.99 ($26.64 / Ounce)",
        "listPrice": "$17.99 ($39.98 / Ounce)",
        "imageUrl": "https://m.media-amazon.com/images/I/51+KkLBz5zL._SL160_.jpg",
        "detailPageURL": "https://www.amazon.com/dp/B08P4SYXK5",
        "rating": "4.4",
        "totalReviews": "1209",
        "subtitle": "Andalou Naturals",
        "isPrimeEligible": "0"
    },
    {
        "ASIN": "B0BBPXM1V6",
        "title": "EssyNaturals Advanced Anti-aging Rapid Reduction Eye Cream Under Eye Cream, Eye Cream for Dark Circles and Puffiness, Dark Circles Under Eye Treatment for Women, Rapid Rewind Wrinkle Reduction",
        "price": "$33.10 ($97.35 / Fl Oz)",
        "listPrice": "",
        "imageUrl": "https://m.media-amazon.com/images/I/41uwIQGvVHL._SL160_.jpg",
        "detailPageURL": "https://www.amazon.com/dp/B0BBPXM1V6",
        "rating": "4.0",
        "totalReviews": "2468",
        "subtitle": "EssyNaturals Advanced",
        "isPrimeEligible": "1"
    },
    {
        "ASIN": "B0BLT9NHKF",
        "title": "Paula's Choice C5 Super Boost Eye Cream\u00a0with 5% Vitamin C, Hyaluronic Acid & Peptides, for Puffy Eyes, Dark Circles, Fine Lines & Crow\u2019s Feet,\u00a00.5 Fl Oz\u00a0",
        "price": "$39.00 ($78.00 / Fl Oz)",
        "listPrice": "",
        "imageUrl": "https://m.media-amazon.com/images/I/31a-EVFjK4L._SL160_.jpg",
        "detailPageURL": "https://www.amazon.com/dp/B0BLT9NHKF",
        "rating": "4.2",
        "totalReviews": "117",
        "subtitle": "Paula's Choice",
        "isPrimeEligible": "1"
    },
    {
        "ASIN": "B08DHRS2L6",
        "title": "Sweet Chef Turmeric + Vitamin C Booster Eye Cream - Hydrating Eye Cream to Help the Look of Dark Circles + Puffiness - Moisturizing Gel-Cream for Sensitive Under-Eye Skin (15ml / 0.5 oz)",
        "price": "$17.99 ($35.98 / Ounce)",
        "listPrice": "",
        "imageUrl": "https://m.media-amazon.com/images/I/31K+1FsgRCL._SL160_.jpg",
        "detailPageURL": "https://www.amazon.com/dp/B08DHRS2L6",
        "rating": "4.2",
        "totalReviews": "865",
        "subtitle": "Sweet Chef",
        "isPrimeEligible": "1"
    },
    {
        "ASIN": "B00URD72DI",
        "title": "Origins Plantscription Anti-aging Power Eye Cream, 0.5 Fl Oz (ORICOSC74200104)",
        "price": "$40.95 ($81.90 / Fl Oz)",
        "listPrice": "$50.00 ($100.00 / Fl Oz)",
        "imageUrl": "https://m.media-amazon.com/images/I/41MipZnIZHL._SL160_.jpg",
        "detailPageURL": "https://www.amazon.com/dp/B00URD72DI",
        "rating": "4.6",
        "totalReviews": "401",
        "subtitle": "Origins",
        "isPrimeEligible": "1"
    },
    {
        "ASIN": "B08WZRDXK8",
        "title": "innisfree Orchid Youth Enriched Eye Cream Hyaluronic Acid Moisturizer",
        "price": "$29.00",
        "listPrice": "",
        "imageUrl": "https://m.media-amazon.com/images/I/41gYpAPKICS._SL160_.jpg",
        "detailPageURL": "https://www.amazon.com/dp/B08WZRDXK8",
        "rating": "4.5",
        "totalReviews": "331",
        "subtitle": "",
        "isPrimeEligible": "1"
    },
    {
        "ASIN": "B08YLS39HF",
        "title": "Eight Saints All In Eye Cream, Natural and Organic Anti Aging Under Eye Cream to Reduce Puffiness, Wrinkles, and Under Eye Bags, Dark Circles Under Eye Treatment, 0.5 Ounces",
        "price": "$36.00 ($72.00 / Ounce)",
        "listPrice": "$44.00 ($88.00 / Ounce)",
        "imageUrl": "https://m.media-amazon.com/images/I/41aEsjeZt8L._SL160_.jpg",
        "detailPageURL": "https://www.amazon.com/dp/B08YLS39HF",
        "rating": "4.3",
        "totalReviews": "3139",
        "subtitle": "Eight Saints",
        "isPrimeEligible": "1"
    },
    {
        "ASIN": "B08G5W2H4L",
        "title": "NEOCUTIS Lumi\u00e8re Firm - Illuminating and Tightening, Anti-Aging Eye Cream - Brighten, Hydrate, and Soothe - for Dark Circles, Puffiness, and Wrinkle Prevention - Travel-Friendly - 15 ml/0.5 fl oz.",
        "price": "$108.00 ($216.00 / Fl Oz)",
        "listPrice": "",
        "imageUrl": "https://m.media-amazon.com/images/I/41KJDie+AaL._SL160_.jpg",
        "detailPageURL": "https://www.amazon.com/dp/B08G5W2H4L",
        "rating": "4.5",
        "totalReviews": "1172",
        "subtitle": "",
        "isPrimeEligible": "1"
    },
    {
        "ASIN": "B0BV2PSH3M",
        "title": "Amazon Basics Retinol Eye Cream, Fragrance Free, 0.5 Ounces, 1-Pack",
        "price": "$11.08 ($22.16 / Ounce)",
        "listPrice": "$12.93 ($25.86 / Ounce)",
        "imageUrl": "https://m.media-amazon.com/images/I/41Wy7euwPeL._SL160_.jpg",
        "detailPageURL": "https://www.amazon.com/dp/B0BV2PSH3M",
        "rating": "5.0",
        "totalReviews": "10",
        "subtitle": "Amazon Basics",
        "isPrimeEligible": "1"
    },
    {
        "ASIN": "B08P4SYXK5",
        "title": "Andalou Naturals Age Defying Plant-Based Retinol Alternative Eye Balm, 0.45 OZ",
        "price": "$11.99 ($26.64 / Ounce)",
        "listPrice": "$17.99 ($39.98 / Ounce)",
        "imageUrl": "https://m.media-amazon.com/images/I/51+KkLBz5zL._SL160_.jpg",
        "detailPageURL": "https://www.amazon.com/dp/B08P4SYXK5",
        "rating": "4.4",
        "totalReviews": "1209",
        "subtitle": "Andalou Naturals",
        "isPrimeEligible": "0"
    },
    {
        "ASIN": "B0BBPXM1V6",
        "title": "EssyNaturals Advanced Anti-aging Rapid Reduction Eye Cream Under Eye Cream, Eye Cream for Dark Circles and Puffiness, Dark Circles Under Eye Treatment for Women, Rapid Rewind Wrinkle Reduction",
        "price": "$33.10 ($97.35 / Fl Oz)",
        "listPrice": "",
        "imageUrl": "https://m.media-amazon.com/images/I/41uwIQGvVHL._SL160_.jpg",
        "detailPageURL": "https://www.amazon.com/dp/B0BBPXM1V6",
        "rating": "4.0",
        "totalReviews": "2468",
        "subtitle": "EssyNaturals Advanced",
        "isPrimeEligible": "1"
    },
    {
        "ASIN": "B0BLT9NHKF",
        "title": "Paula's Choice C5 Super Boost Eye Cream\u00a0with 5% Vitamin C, Hyaluronic Acid & Peptides, for Puffy Eyes, Dark Circles, Fine Lines & Crow\u2019s Feet,\u00a00.5 Fl Oz\u00a0",
        "price": "$39.00 ($78.00 / Fl Oz)",
        "listPrice": "",
        "imageUrl": "https://m.media-amazon.com/images/I/31a-EVFjK4L._SL160_.jpg",
        "detailPageURL": "https://www.amazon.com/dp/B0BLT9NHKF",
        "rating": "4.2",
        "totalReviews": "117",
        "subtitle": "Paula's Choice",
        "isPrimeEligible": "1"
    },
    {
        "ASIN": "B08DHRS2L6",
        "title": "Sweet Chef Turmeric + Vitamin C Booster Eye Cream - Hydrating Eye Cream to Help the Look of Dark Circles + Puffiness - Moisturizing Gel-Cream for Sensitive Under-Eye Skin (15ml / 0.5 oz)",
        "price": "$17.99 ($35.98 / Ounce)",
        "listPrice": "",
        "imageUrl": "https://m.media-amazon.com/images/I/31K+1FsgRCL._SL160_.jpg",
        "detailPageURL": "https://www.amazon.com/dp/B08DHRS2L6",
        "rating": "4.2",
        "totalReviews": "865",
        "subtitle": "Sweet Chef",
        "isPrimeEligible": "1"
    },
    {
        "ASIN": "B00URD72DI",
        "title": "Origins Plantscription Anti-aging Power Eye Cream, 0.5 Fl Oz (ORICOSC74200104)",
        "price": "$40.95 ($81.90 / Fl Oz)",
        "listPrice": "$50.00 ($100.00 / Fl Oz)",
        "imageUrl": "https://m.media-amazon.com/images/I/41MipZnIZHL._SL160_.jpg",
        "detailPageURL": "https://www.amazon.com/dp/B00URD72DI",
        "rating": "4.6",
        "totalReviews": "401",
        "subtitle": "Origins",
        "isPrimeEligible": "1"
    },
    {
        "ASIN": "B08WZRDXK8",
        "title": "innisfree Orchid Youth Enriched Eye Cream Hyaluronic Acid Moisturizer",
        "price": "$29.00",
        "listPrice": "",
        "imageUrl": "https://m.media-amazon.com/images/I/41gYpAPKICS._SL160_.jpg",
        "detailPageURL": "https://www.amazon.com/dp/B08WZRDXK8",
        "rating": "4.5",
        "totalReviews": "331",
        "subtitle": "",
        "isPrimeEligible": "1"
    },
    {
        "ASIN": "B08YLS39HF",
        "title": "Eight Saints All In Eye Cream, Natural and Organic Anti Aging Under Eye Cream to Reduce Puffiness, Wrinkles, and Under Eye Bags, Dark Circles Under Eye Treatment, 0.5 Ounces",
        "price": "$36.00 ($72.00 / Ounce)",
        "listPrice": "$44.00 ($88.00 / Ounce)",
        "imageUrl": "https://m.media-amazon.com/images/I/41aEsjeZt8L._SL160_.jpg",
        "detailPageURL": "https://www.amazon.com/dp/B08YLS39HF",
        "rating": "4.3",
        "totalReviews": "3139",
        "subtitle": "Eight Saints",
        "isPrimeEligible": "1"
    },
    {
        "ASIN": "B08G5W2H4L",
        "title": "NEOCUTIS Lumi\u00e8re Firm - Illuminating and Tightening, Anti-Aging Eye Cream - Brighten, Hydrate, and Soothe - for Dark Circles, Puffiness, and Wrinkle Prevention - Travel-Friendly - 15 ml/0.5 fl oz.",
        "price": "$108.00 ($216.00 / Fl Oz)",
        "listPrice": "",
        "imageUrl": "https://m.media-amazon.com/images/I/41KJDie+AaL._SL160_.jpg",
        "detailPageURL": "https://www.amazon.com/dp/B08G5W2H4L",
        "rating": "4.5",
        "totalReviews": "1172",
        "subtitle": "",
        "isPrimeEligible": "1"
    },
    {
        "ASIN": "B0CC1F79NT",
        "title": "Retinol Eye Serum 360\u00b0 Roller: Retinol Eye Cream with Massage Ball - Caffeine and Yeast Under Eye Roller Serum - Anti Aging Eye Cream for Dark Circles Puffiness Bags- Reduce Wrinkles Fine Lines",
        "price": "$21.99 ($43.98 / Fl Oz)",
        "listPrice": "",
        "imageUrl": "https://m.media-amazon.com/images/I/41MbVn9mIBL._SL160_.jpg",
        "detailPageURL": "https://www.amazon.com/dp/B0CC1F79NT",
        "rating": "4.8",
        "totalReviews": "40",
        "subtitle": "Dongyu",
        "isPrimeEligible": "1"
    },
    {
        "ASIN": "B08P4SYXK5",
        "title": "Andalou Naturals Age Defying Plant-Based Retinol Alternative Eye Balm, 0.45 OZ",
        "price": "$11.99 ($26.64 / Ounce)",
        "listPrice": "$17.99 ($39.98 / Ounce)",
        "imageUrl": "https://m.media-amazon.com/images/I/51+KkLBz5zL._SL160_.jpg",
        "detailPageURL": "https://www.amazon.com/dp/B08P4SYXK5",
        "rating": "4.4",
        "totalReviews": "1209",
        "subtitle": "Andalou Naturals",
        "isPrimeEligible": "0"
    },
    {
        "ASIN": "B0BBPXM1V6",
        "title": "EssyNaturals Advanced Anti-aging Rapid Reduction Eye Cream Under Eye Cream, Eye Cream for Dark Circles and Puffiness, Dark Circles Under Eye Treatment for Women, Rapid Rewind Wrinkle Reduction",
        "price": "$33.10 ($97.35 / Fl Oz)",
        "listPrice": "",
        "imageUrl": "https://m.media-amazon.com/images/I/41uwIQGvVHL._SL160_.jpg",
        "detailPageURL": "https://www.amazon.com/dp/B0BBPXM1V6",
        "rating": "4.0",
        "totalReviews": "2468",
        "subtitle": "EssyNaturals Advanced",
        "isPrimeEligible": "1"
    },
    {
        "ASIN": "B0BLT9NHKF",
        "title": "Paula's Choice C5 Super Boost Eye Cream\u00a0with 5% Vitamin C, Hyaluronic Acid & Peptides, for Puffy Eyes, Dark Circles, Fine Lines & Crow\u2019s Feet,\u00a00.5 Fl Oz\u00a0",
        "price": "$39.00 ($78.00 / Fl Oz)",
        "listPrice": "",
        "imageUrl": "https://m.media-amazon.com/images/I/31a-EVFjK4L._SL160_.jpg",
        "detailPageURL": "https://www.amazon.com/dp/B0BLT9NHKF",
        "rating": "4.2",
        "totalReviews": "117",
        "subtitle": "Paula's Choice",
        "isPrimeEligible": "1"
    },
    {
        "ASIN": "B08DHRS2L6",
        "title": "Sweet Chef Turmeric + Vitamin C Booster Eye Cream - Hydrating Eye Cream to Help the Look of Dark Circles + Puffiness - Moisturizing Gel-Cream for Sensitive Under-Eye Skin (15ml / 0.5 oz)",
        "price": "$17.99 ($35.98 / Ounce)",
        "listPrice": "",
        "imageUrl": "https://m.media-amazon.com/images/I/31K+1FsgRCL._SL160_.jpg",
        "detailPageURL": "https://www.amazon.com/dp/B08DHRS2L6",
        "rating": "4.2",
        "totalReviews": "865",
        "subtitle": "Sweet Chef",
        "isPrimeEligible": "1"
    },
    {
        "ASIN": "B00URD72DI",
        "title": "Origins Plantscription Anti-aging Power Eye Cream, 0.5 Fl Oz (ORICOSC74200104)",
        "price": "$40.95 ($81.90 / Fl Oz)",
        "listPrice": "$50.00 ($100.00 / Fl Oz)",
        "imageUrl": "https://m.media-amazon.com/images/I/41MipZnIZHL._SL160_.jpg",
        "detailPageURL": "https://www.amazon.com/dp/B00URD72DI",
        "rating": "4.6",
        "totalReviews": "401",
        "subtitle": "Origins",
        "isPrimeEligible": "1"
    },
    {
        "ASIN": "B08WZRDXK8",
        "title": "innisfree Orchid Youth Enriched Eye Cream Hyaluronic Acid Moisturizer",
        "price": "$29.00",
        "listPrice": "",
        "imageUrl": "https://m.media-amazon.com/images/I/41gYpAPKICS._SL160_.jpg",
        "detailPageURL": "https://www.amazon.com/dp/B08WZRDXK8",
        "rating": "4.5",
        "totalReviews": "331",
        "subtitle": "",
        "isPrimeEligible": "1"
    },
    {
        "ASIN": "B08YLS39HF",
        "title": "Eight Saints All In Eye Cream, Natural and Organic Anti Aging Under Eye Cream to Reduce Puffiness, Wrinkles, and Under Eye Bags, Dark Circles Under Eye Treatment, 0.5 Ounces",
        "price": "$36.00 ($72.00 / Ounce)",
        "listPrice": "$44.00 ($88.00 / Ounce)",
        "imageUrl": "https://m.media-amazon.com/images/I/41aEsjeZt8L._SL160_.jpg",
        "detailPageURL": "https://www.amazon.com/dp/B08YLS39HF",
        "rating": "4.3",
        "totalReviews": "3139",
        "subtitle": "Eight Saints",
        "isPrimeEligible": "1"
    },
    {
        "ASIN": "B08G5W2H4L",
        "title": "NEOCUTIS Lumi\u00e8re Firm - Illuminating and Tightening, Anti-Aging Eye Cream - Brighten, Hydrate, and Soothe - for Dark Circles, Puffiness, and Wrinkle Prevention - Travel-Friendly - 15 ml/0.5 fl oz.",
        "price": "$108.00 ($216.00 / Fl Oz)",
        "listPrice": "",
        "imageUrl": "https://m.media-amazon.com/images/I/41KJDie+AaL._SL160_.jpg",
        "detailPageURL": "https://www.amazon.com/dp/B08G5W2H4L",
        "rating": "4.5",
        "totalReviews": "1172",
        "subtitle": "",
        "isPrimeEligible": "1"
    },
    {
        "ASIN": "B0CC1F79NT",
        "title": "Retinol Eye Serum 360\u00b0 Roller: Retinol Eye Cream with Massage Ball - Caffeine and Yeast Under Eye Roller Serum - Anti Aging Eye Cream for Dark Circles Puffiness Bags- Reduce Wrinkles Fine Lines",
        "price": "$21.99 ($43.98 / Fl Oz)",
        "listPrice": "",
        "imageUrl": "https://m.media-amazon.com/images/I/41MbVn9mIBL._SL160_.jpg",
        "detailPageURL": "https://www.amazon.com/dp/B0CC1F79NT",
        "rating": "4.8",
        "totalReviews": "40",
        "subtitle": "Dongyu",
        "isPrimeEligible": "1"
    },
    {
        "ASIN": "B09QD6NM2S",
        "title": "Clinique Smart Clinical Repair Wrinkle Correcting Eye Cream 5 ml / 0.17 Ounce",
        "price": "$6.89 ($40.53 / Ounce)",
        "listPrice": "",
        "imageUrl": "https://m.media-amazon.com/images/I/41a6jVhXz8L._SL160_.jpg",
        "detailPageURL": "https://www.amazon.com/dp/B09QD6NM2S",
        "rating": "4.2",
        "totalReviews": "248",
        "subtitle": "Clinique",
        "isPrimeEligible": "1"
    },
    {
        "ASIN": "B0BBPXM1V6",
        "title": "EssyNaturals Advanced Anti-aging Rapid Reduction Eye Cream Under Eye Cream, Eye Cream for Dark Circles and Puffiness, Dark Circles Under Eye Treatment for Women, Rapid Rewind Wrinkle Reduction",
        "price": "$33.10 ($97.35 / Fl Oz)",
        "listPrice": "",
        "imageUrl": "https://m.media-amazon.com/images/I/41uwIQGvVHL._SL160_.jpg",
        "detailPageURL": "https://www.amazon.com/dp/B0BBPXM1V6",
        "rating": "4.0",
        "totalReviews": "2468",
        "subtitle": "EssyNaturals Advanced",
        "isPrimeEligible": "1"
    },
    {
        "ASIN": "B0BLT9NHKF",
        "title": "Paula's Choice C5 Super Boost Eye Cream\u00a0with 5% Vitamin C, Hyaluronic Acid & Peptides, for Puffy Eyes, Dark Circles, Fine Lines & Crow\u2019s Feet,\u00a00.5 Fl Oz\u00a0",
        "price": "$39.00 ($78.00 / Fl Oz)",
        "listPrice": "",
        "imageUrl": "https://m.media-amazon.com/images/I/31a-EVFjK4L._SL160_.jpg",
        "detailPageURL": "https://www.amazon.com/dp/B0BLT9NHKF",
        "rating": "4.2",
        "totalReviews": "117",
        "subtitle": "Paula's Choice",
        "isPrimeEligible": "1"
    },
    {
        "ASIN": "B08DHRS2L6",
        "title": "Sweet Chef Turmeric + Vitamin C Booster Eye Cream - Hydrating Eye Cream to Help the Look of Dark Circles + Puffiness - Moisturizing Gel-Cream for Sensitive Under-Eye Skin (15ml / 0.5 oz)",
        "price": "$17.99 ($35.98 / Ounce)",
        "listPrice": "",
        "imageUrl": "https://m.media-amazon.com/images/I/31K+1FsgRCL._SL160_.jpg",
        "detailPageURL": "https://www.amazon.com/dp/B08DHRS2L6",
        "rating": "4.2",
        "totalReviews": "865",
        "subtitle": "Sweet Chef",
        "isPrimeEligible": "1"
    },
    {
        "ASIN": "B00URD72DI",
        "title": "Origins Plantscription Anti-aging Power Eye Cream, 0.5 Fl Oz (ORICOSC74200104)",
        "price": "$40.95 ($81.90 / Fl Oz)",
        "listPrice": "$50.00 ($100.00 / Fl Oz)",
        "imageUrl": "https://m.media-amazon.com/images/I/41MipZnIZHL._SL160_.jpg",
        "detailPageURL": "https://www.amazon.com/dp/B00URD72DI",
        "rating": "4.6",
        "totalReviews": "401",
        "subtitle": "Origins",
        "isPrimeEligible": "1"
    },
    {
        "ASIN": "B08WZRDXK8",
        "title": "innisfree Orchid Youth Enriched Eye Cream Hyaluronic Acid Moisturizer",
        "price": "$29.00",
        "listPrice": "",
        "imageUrl": "https://m.media-amazon.com/images/I/41gYpAPKICS._SL160_.jpg",
        "detailPageURL": "https://www.amazon.com/dp/B08WZRDXK8",
        "rating": "4.5",
        "totalReviews": "331",
        "subtitle": "",
        "isPrimeEligible": "1"
    },
    {
        "ASIN": "B08YLS39HF",
        "title": "Eight Saints All In Eye Cream, Natural and Organic Anti Aging Under Eye Cream to Reduce Puffiness, Wrinkles, and Under Eye Bags, Dark Circles Under Eye Treatment, 0.5 Ounces",
        "price": "$36.00 ($72.00 / Ounce)",
        "listPrice": "$44.00 ($88.00 / Ounce)",
        "imageUrl": "https://m.media-amazon.com/images/I/41aEsjeZt8L._SL160_.jpg",
        "detailPageURL": "https://www.amazon.com/dp/B08YLS39HF",
        "rating": "4.3",
        "totalReviews": "3139",
        "subtitle": "Eight Saints",
        "isPrimeEligible": "1"
    },
    {
        "ASIN": "B08G5W2H4L",
        "title": "NEOCUTIS Lumi\u00e8re Firm - Illuminating and Tightening, Anti-Aging Eye Cream - Brighten, Hydrate, and Soothe - for Dark Circles, Puffiness, and Wrinkle Prevention - Travel-Friendly - 15 ml/0.5 fl oz.",
        "price": "$108.00 ($216.00 / Fl Oz)",
        "listPrice": "",
        "imageUrl": "https://m.media-amazon.com/images/I/41KJDie+AaL._SL160_.jpg",
        "detailPageURL": "https://www.amazon.com/dp/B08G5W2H4L",
        "rating": "4.5",
        "totalReviews": "1172",
        "subtitle": "",
        "isPrimeEligible": "1"
    },
    {
        "ASIN": "B0CC1F79NT",
        "title": "Retinol Eye Serum 360\u00b0 Roller: Retinol Eye Cream with Massage Ball - Caffeine and Yeast Under Eye Roller Serum - Anti Aging Eye Cream for Dark Circles Puffiness Bags- Reduce Wrinkles Fine Lines",
        "price": "$21.99 ($43.98 / Fl Oz)",
        "listPrice": "",
        "imageUrl": "https://m.media-amazon.com/images/I/41MbVn9mIBL._SL160_.jpg",
        "detailPageURL": "https://www.amazon.com/dp/B0CC1F79NT",
        "rating": "4.8",
        "totalReviews": "40",
        "subtitle": "Dongyu",
        "isPrimeEligible": "1"
    },
    {
        "ASIN": "B09QD6NM2S",
        "title": "Clinique Smart Clinical Repair Wrinkle Correcting Eye Cream 5 ml / 0.17 Ounce",
        "price": "$6.89 ($40.53 / Ounce)",
        "listPrice": "",
        "imageUrl": "https://m.media-amazon.com/images/I/41a6jVhXz8L._SL160_.jpg",
        "detailPageURL": "https://www.amazon.com/dp/B09QD6NM2S",
        "rating": "4.2",
        "totalReviews": "248",
        "subtitle": "Clinique",
        "isPrimeEligible": "1"
    },
    {
        "ASIN": "B0BX4T7833",
        "title": "Caudalie Vinoperfect Dark Circle Brightening Eye Cream with Niacinamide 0.05 oz / 15 mL",
        "price": "$55.00 ($55.00 / Count)",
        "listPrice": "",
        "imageUrl": "https://m.media-amazon.com/images/I/31p-WmUd7wL._SL160_.jpg",
        "detailPageURL": "https://www.amazon.com/dp/B0BX4T7833",
        "rating": "4.4",
        "totalReviews": "55",
        "subtitle": "",
        "isPrimeEligible": "1"
    },
    {
        "ASIN": "B0BLT9NHKF",
        "title": "Paula's Choice C5 Super Boost Eye Cream\u00a0with 5% Vitamin C, Hyaluronic Acid & Peptides, for Puffy Eyes, Dark Circles, Fine Lines & Crow\u2019s Feet,\u00a00.5 Fl Oz\u00a0",
        "price": "$39.00 ($78.00 / Fl Oz)",
        "listPrice": "",
        "imageUrl": "https://m.media-amazon.com/images/I/31a-EVFjK4L._SL160_.jpg",
        "detailPageURL": "https://www.amazon.com/dp/B0BLT9NHKF",
        "rating": "4.2",
        "totalReviews": "117",
        "subtitle": "Paula's Choice",
        "isPrimeEligible": "1"
    },
    {
        "ASIN": "B08DHRS2L6",
        "title": "Sweet Chef Turmeric + Vitamin C Booster Eye Cream - Hydrating Eye Cream to Help the Look of Dark Circles + Puffiness - Moisturizing Gel-Cream for Sensitive Under-Eye Skin (15ml / 0.5 oz)",
        "price": "$17.99 ($35.98 / Ounce)",
        "listPrice": "",
        "imageUrl": "https://m.media-amazon.com/images/I/31K+1FsgRCL._SL160_.jpg",
        "detailPageURL": "https://www.amazon.com/dp/B08DHRS2L6",
        "rating": "4.2",
        "totalReviews": "865",
        "subtitle": "Sweet Chef",
        "isPrimeEligible": "1"
    },
    {
        "ASIN": "B00URD72DI",
        "title": "Origins Plantscription Anti-aging Power Eye Cream, 0.5 Fl Oz (ORICOSC74200104)",
        "price": "$40.95 ($81.90 / Fl Oz)",
        "listPrice": "$50.00 ($100.00 / Fl Oz)",
        "imageUrl": "https://m.media-amazon.com/images/I/41MipZnIZHL._SL160_.jpg",
        "detailPageURL": "https://www.amazon.com/dp/B00URD72DI",
        "rating": "4.6",
        "totalReviews": "401",
        "subtitle": "Origins",
        "isPrimeEligible": "1"
    },
    {
        "ASIN": "B08WZRDXK8",
        "title": "innisfree Orchid Youth Enriched Eye Cream Hyaluronic Acid Moisturizer",
        "price": "$29.00",
        "listPrice": "",
        "imageUrl": "https://m.media-amazon.com/images/I/41gYpAPKICS._SL160_.jpg",
        "detailPageURL": "https://www.amazon.com/dp/B08WZRDXK8",
        "rating": "4.5",
        "totalReviews": "331",
        "subtitle": "",
        "isPrimeEligible": "1"
    },
    {
        "ASIN": "B08YLS39HF",
        "title": "Eight Saints All In Eye Cream, Natural and Organic Anti Aging Under Eye Cream to Reduce Puffiness, Wrinkles, and Under Eye Bags, Dark Circles Under Eye Treatment, 0.5 Ounces",
        "price": "$36.00 ($72.00 / Ounce)",
        "listPrice": "$44.00 ($88.00 / Ounce)",
        "imageUrl": "https://m.media-amazon.com/images/I/41aEsjeZt8L._SL160_.jpg",
        "detailPageURL": "https://www.amazon.com/dp/B08YLS39HF",
        "rating": "4.3",
        "totalReviews": "3139",
        "subtitle": "Eight Saints",
        "isPrimeEligible": "1"
    },
    {
        "ASIN": "B08G5W2H4L",
        "title": "NEOCUTIS Lumi\u00e8re Firm - Illuminating and Tightening, Anti-Aging Eye Cream - Brighten, Hydrate, and Soothe - for Dark Circles, Puffiness, and Wrinkle Prevention - Travel-Friendly - 15 ml/0.5 fl oz.",
        "price": "$108.00 ($216.00 / Fl Oz)",
        "listPrice": "",
        "imageUrl": "https://m.media-amazon.com/images/I/41KJDie+AaL._SL160_.jpg",
        "detailPageURL": "https://www.amazon.com/dp/B08G5W2H4L",
        "rating": "4.5",
        "totalReviews": "1172",
        "subtitle": "",
        "isPrimeEligible": "1"
    },
    {
        "ASIN": "B0CC1F79NT",
        "title": "Retinol Eye Serum 360\u00b0 Roller: Retinol Eye Cream with Massage Ball - Caffeine and Yeast Under Eye Roller Serum - Anti Aging Eye Cream for Dark Circles Puffiness Bags- Reduce Wrinkles Fine Lines",
        "price": "$21.99 ($43.98 / Fl Oz)",
        "listPrice": "",
        "imageUrl": "https://m.media-amazon.com/images/I/41MbVn9mIBL._SL160_.jpg",
        "detailPageURL": "https://www.amazon.com/dp/B0CC1F79NT",
        "rating": "4.8",
        "totalReviews": "40",
        "subtitle": "Dongyu",
        "isPrimeEligible": "1"
    },
    {
        "ASIN": "B09QD6NM2S",
        "title": "Clinique Smart Clinical Repair Wrinkle Correcting Eye Cream 5 ml / 0.17 Ounce",
        "price": "$6.89 ($40.53 / Ounce)",
        "listPrice": "",
        "imageUrl": "https://m.media-amazon.com/images/I/41a6jVhXz8L._SL160_.jpg",
        "detailPageURL": "https://www.amazon.com/dp/B09QD6NM2S",
        "rating": "4.2",
        "totalReviews": "248",
        "subtitle": "Clinique",
        "isPrimeEligible": "1"
    },
    {
        "ASIN": "B0BX4T7833",
        "title": "Caudalie Vinoperfect Dark Circle Brightening Eye Cream with Niacinamide 0.05 oz / 15 mL",
        "price": "$55.00 ($55.00 / Count)",
        "listPrice": "",
        "imageUrl": "https://m.media-amazon.com/images/I/31p-WmUd7wL._SL160_.jpg",
        "detailPageURL": "https://www.amazon.com/dp/B0BX4T7833",
        "rating": "4.4",
        "totalReviews": "55",
        "subtitle": "",
        "isPrimeEligible": "1"
    },
    {
        "ASIN": "B0CCZRHXJV",
        "title": "Murad Targeted Eye Depuffer 0.5Fl Oz",
        "price": "$64.00 ($50.00 / Ounce)",
        "listPrice": "",
        "imageUrl": "https://m.media-amazon.com/images/I/31cWYdUsvDL._SL160_.jpg",
        "detailPageURL": "https://www.amazon.com/dp/B0CCZRHXJV",
        "rating": "",
        "totalReviews": "",
        "subtitle": "",
        "isPrimeEligible": "1"
    },
    {
        "ASIN": "B08DHRS2L6",
        "title": "Sweet Chef Turmeric + Vitamin C Booster Eye Cream - Hydrating Eye Cream to Help the Look of Dark Circles + Puffiness - Moisturizing Gel-Cream for Sensitive Under-Eye Skin (15ml / 0.5 oz)",
        "price": "$17.99 ($35.98 / Ounce)",
        "listPrice": "",
        "imageUrl": "https://m.media-amazon.com/images/I/31K+1FsgRCL._SL160_.jpg",
        "detailPageURL": "https://www.amazon.com/dp/B08DHRS2L6",
        "rating": "4.2",
        "totalReviews": "865",
        "subtitle": "Sweet Chef",
        "isPrimeEligible": "1"
    },
    {
        "ASIN": "B00URD72DI",
        "title": "Origins Plantscription Anti-aging Power Eye Cream, 0.5 Fl Oz (ORICOSC74200104)",
        "price": "$40.95 ($81.90 / Fl Oz)",
        "listPrice": "$50.00 ($100.00 / Fl Oz)",
        "imageUrl": "https://m.media-amazon.com/images/I/41MipZnIZHL._SL160_.jpg",
        "detailPageURL": "https://www.amazon.com/dp/B00URD72DI",
        "rating": "4.6",
        "totalReviews": "401",
        "subtitle": "Origins",
        "isPrimeEligible": "1"
    },
    {
        "ASIN": "B08WZRDXK8",
        "title": "innisfree Orchid Youth Enriched Eye Cream Hyaluronic Acid Moisturizer",
        "price": "$29.00",
        "listPrice": "",
        "imageUrl": "https://m.media-amazon.com/images/I/41gYpAPKICS._SL160_.jpg",
        "detailPageURL": "https://www.amazon.com/dp/B08WZRDXK8",
        "rating": "4.5",
        "totalReviews": "331",
        "subtitle": "",
        "isPrimeEligible": "1"
    },
    {
        "ASIN": "B08YLS39HF",
        "title": "Eight Saints All In Eye Cream, Natural and Organic Anti Aging Under Eye Cream to Reduce Puffiness, Wrinkles, and Under Eye Bags, Dark Circles Under Eye Treatment, 0.5 Ounces",
        "price": "$36.00 ($72.00 / Ounce)",
        "listPrice": "$44.00 ($88.00 / Ounce)",
        "imageUrl": "https://m.media-amazon.com/images/I/41aEsjeZt8L._SL160_.jpg",
        "detailPageURL": "https://www.amazon.com/dp/B08YLS39HF",
        "rating": "4.3",
        "totalReviews": "3139",
        "subtitle": "Eight Saints",
        "isPrimeEligible": "1"
    },
    {
        "ASIN": "B08G5W2H4L",
        "title": "NEOCUTIS Lumi\u00e8re Firm - Illuminating and Tightening, Anti-Aging Eye Cream - Brighten, Hydrate, and Soothe - for Dark Circles, Puffiness, and Wrinkle Prevention - Travel-Friendly - 15 ml/0.5 fl oz.",
        "price": "$108.00 ($216.00 / Fl Oz)",
        "listPrice": "",
        "imageUrl": "https://m.media-amazon.com/images/I/41KJDie+AaL._SL160_.jpg",
        "detailPageURL": "https://www.amazon.com/dp/B08G5W2H4L",
        "rating": "4.5",
        "totalReviews": "1172",
        "subtitle": "",
        "isPrimeEligible": "1"
    },
    {
        "ASIN": "B0CC1F79NT",
        "title": "Retinol Eye Serum 360\u00b0 Roller: Retinol Eye Cream with Massage Ball - Caffeine and Yeast Under Eye Roller Serum - Anti Aging Eye Cream for Dark Circles Puffiness Bags- Reduce Wrinkles Fine Lines",
        "price": "$21.99 ($43.98 / Fl Oz)",
        "listPrice": "",
        "imageUrl": "https://m.media-amazon.com/images/I/41MbVn9mIBL._SL160_.jpg",
        "detailPageURL": "https://www.amazon.com/dp/B0CC1F79NT",
        "rating": "4.8",
        "totalReviews": "40",
        "subtitle": "Dongyu",
        "isPrimeEligible": "1"
    },
    {
        "ASIN": "B09QD6NM2S",
        "title": "Clinique Smart Clinical Repair Wrinkle Correcting Eye Cream 5 ml / 0.17 Ounce",
        "price": "$6.89 ($40.53 / Ounce)",
        "listPrice": "",
        "imageUrl": "https://m.media-amazon.com/images/I/41a6jVhXz8L._SL160_.jpg",
        "detailPageURL": "https://www.amazon.com/dp/B09QD6NM2S",
        "rating": "4.2",
        "totalReviews": "248",
        "subtitle": "Clinique",
        "isPrimeEligible": "1"
    },
    {
        "ASIN": "B0BX4T7833",
        "title": "Caudalie Vinoperfect Dark Circle Brightening Eye Cream with Niacinamide 0.05 oz / 15 mL",
        "price": "$55.00 ($55.00 / Count)",
        "listPrice": "",
        "imageUrl": "https://m.media-amazon.com/images/I/31p-WmUd7wL._SL160_.jpg",
        "detailPageURL": "https://www.amazon.com/dp/B0BX4T7833",
        "rating": "4.4",
        "totalReviews": "55",
        "subtitle": "",
        "isPrimeEligible": "1"
    },
    {
        "ASIN": "B0CCZRHXJV",
        "title": "Murad Targeted Eye Depuffer 0.5Fl Oz",
        "price": "$64.00 ($50.00 / Ounce)",
        "listPrice": "",
        "imageUrl": "https://m.media-amazon.com/images/I/31cWYdUsvDL._SL160_.jpg",
        "detailPageURL": "https://www.amazon.com/dp/B0CCZRHXJV",
        "rating": "",
        "totalReviews": "",
        "subtitle": "",
        "isPrimeEligible": "1"
    },
    {
        "ASIN": "B00A2F06Z2",
        "title": "DERMA-E Hydrating Eye Cream \u2013 Firming and Lifting Hyaluronic Acid Treatment - Under Eye and Upper Eyelid Cream Reduces Puffiness and Appearance of Fine Lines, 0.5 oz",
        "price": "$16.19",
        "listPrice": "$29.95",
        "imageUrl": "https://m.media-amazon.com/images/I/31Nk4Q+yPQL._SL160_.jpg",
        "detailPageURL": "https://www.amazon.com/dp/B00A2F06Z2",
        "rating": "4.2",
        "totalReviews": "1368",
        "subtitle": "DERMA-E",
        "isPrimeEligible": "1"
    },
    {
        "ASIN": "B00URD72DI",
        "title": "Origins Plantscription Anti-aging Power Eye Cream, 0.5 Fl Oz (ORICOSC74200104)",
        "price": "$40.95 ($81.90 / Fl Oz)",
        "listPrice": "$50.00 ($100.00 / Fl Oz)",
        "imageUrl": "https://m.media-amazon.com/images/I/41MipZnIZHL._SL160_.jpg",
        "detailPageURL": "https://www.amazon.com/dp/B00URD72DI",
        "rating": "4.6",
        "totalReviews": "401",
        "subtitle": "Origins",
        "isPrimeEligible": "1"
    },
    {
        "ASIN": "B08WZRDXK8",
        "title": "innisfree Orchid Youth Enriched Eye Cream Hyaluronic Acid Moisturizer",
        "price": "$29.00",
        "listPrice": "",
        "imageUrl": "https://m.media-amazon.com/images/I/41gYpAPKICS._SL160_.jpg",
        "detailPageURL": "https://www.amazon.com/dp/B08WZRDXK8",
        "rating": "4.5",
        "totalReviews": "331",
        "subtitle": "",
        "isPrimeEligible": "1"
    },
    {
        "ASIN": "B08YLS39HF",
        "title": "Eight Saints All In Eye Cream, Natural and Organic Anti Aging Under Eye Cream to Reduce Puffiness, Wrinkles, and Under Eye Bags, Dark Circles Under Eye Treatment, 0.5 Ounces",
        "price": "$36.00 ($72.00 / Ounce)",
        "listPrice": "$44.00 ($88.00 / Ounce)",
        "imageUrl": "https://m.media-amazon.com/images/I/41aEsjeZt8L._SL160_.jpg",
        "detailPageURL": "https://www.amazon.com/dp/B08YLS39HF",
        "rating": "4.3",
        "totalReviews": "3139",
        "subtitle": "Eight Saints",
        "isPrimeEligible": "1"
    },
    {
        "ASIN": "B08G5W2H4L",
        "title": "NEOCUTIS Lumi\u00e8re Firm - Illuminating and Tightening, Anti-Aging Eye Cream - Brighten, Hydrate, and Soothe - for Dark Circles, Puffiness, and Wrinkle Prevention - Travel-Friendly - 15 ml/0.5 fl oz.",
        "price": "$108.00 ($216.00 / Fl Oz)",
        "listPrice": "",
        "imageUrl": "https://m.media-amazon.com/images/I/41KJDie+AaL._SL160_.jpg",
        "detailPageURL": "https://www.amazon.com/dp/B08G5W2H4L",
        "rating": "4.5",
        "totalReviews": "1172",
        "subtitle": "",
        "isPrimeEligible": "1"
    },
    {
        "ASIN": "B0CC1F79NT",
        "title": "Retinol Eye Serum 360\u00b0 Roller: Retinol Eye Cream with Massage Ball - Caffeine and Yeast Under Eye Roller Serum - Anti Aging Eye Cream for Dark Circles Puffiness Bags- Reduce Wrinkles Fine Lines",
        "price": "$21.99 ($43.98 / Fl Oz)",
        "listPrice": "",
        "imageUrl": "https://m.media-amazon.com/images/I/41MbVn9mIBL._SL160_.jpg",
        "detailPageURL": "https://www.amazon.com/dp/B0CC1F79NT",
        "rating": "4.8",
        "totalReviews": "40",
        "subtitle": "Dongyu",
        "isPrimeEligible": "1"
    },
    {
        "ASIN": "B09QD6NM2S",
        "title": "Clinique Smart Clinical Repair Wrinkle Correcting Eye Cream 5 ml / 0.17 Ounce",
        "price": "$6.89 ($40.53 / Ounce)",
        "listPrice": "",
        "imageUrl": "https://m.media-amazon.com/images/I/41a6jVhXz8L._SL160_.jpg",
        "detailPageURL": "https://www.amazon.com/dp/B09QD6NM2S",
        "rating": "4.2",
        "totalReviews": "248",
        "subtitle": "Clinique",
        "isPrimeEligible": "1"
    },
    {
        "ASIN": "B0BX4T7833",
        "title": "Caudalie Vinoperfect Dark Circle Brightening Eye Cream with Niacinamide 0.05 oz / 15 mL",
        "price": "$55.00 ($55.00 / Count)",
        "listPrice": "",
        "imageUrl": "https://m.media-amazon.com/images/I/31p-WmUd7wL._SL160_.jpg",
        "detailPageURL": "https://www.amazon.com/dp/B0BX4T7833",
        "rating": "4.4",
        "totalReviews": "55",
        "subtitle": "",
        "isPrimeEligible": "1"
    },
    {
        "ASIN": "B0CCZRHXJV",
        "title": "Murad Targeted Eye Depuffer 0.5Fl Oz",
        "price": "$64.00 ($50.00 / Ounce)",
        "listPrice": "",
        "imageUrl": "https://m.media-amazon.com/images/I/31cWYdUsvDL._SL160_.jpg",
        "detailPageURL": "https://www.amazon.com/dp/B0CCZRHXJV",
        "rating": "",
        "totalReviews": "",
        "subtitle": "",
        "isPrimeEligible": "1"
    },
    {
        "ASIN": "B00A2F06Z2",
        "title": "DERMA-E Hydrating Eye Cream \u2013 Firming and Lifting Hyaluronic Acid Treatment - Under Eye and Upper Eyelid Cream Reduces Puffiness and Appearance of Fine Lines, 0.5 oz",
        "price": "$16.19",
        "listPrice": "$29.95",
        "imageUrl": "https://m.media-amazon.com/images/I/31Nk4Q+yPQL._SL160_.jpg",
        "detailPageURL": "https://www.amazon.com/dp/B00A2F06Z2",
        "rating": "4.2",
        "totalReviews": "1368",
        "subtitle": "DERMA-E",
        "isPrimeEligible": "1"
    },
    {
        "ASIN": "B07JBPHDVS",
        "title": "Total Under Eye Cream for Wrinkles | Moisturizing Caffeine Eye Cream Anti Aging Serum and Avocado Eye Wrinkle Cream with Hyaluronic Acid Vitamin C and E | Hydrating Eye Cream for Men and Women",
        "price": "$27.95",
        "listPrice": "",
        "imageUrl": "https://m.media-amazon.com/images/I/31a9bhAdaEL._SL160_.jpg",
        "detailPageURL": "https://www.amazon.com/dp/B07JBPHDVS",
        "rating": "4.1",
        "totalReviews": "7154",
        "subtitle": "Pure Biology",
        "isPrimeEligible": "1"
    },
    {
        "ASIN": "B08WZRDXK8",
        "title": "innisfree Orchid Youth Enriched Eye Cream Hyaluronic Acid Moisturizer",
        "price": "$29.00",
        "listPrice": "",
        "imageUrl": "https://m.media-amazon.com/images/I/41gYpAPKICS._SL160_.jpg",
        "detailPageURL": "https://www.amazon.com/dp/B08WZRDXK8",
        "rating": "4.5",
        "totalReviews": "331",
        "subtitle": "",
        "isPrimeEligible": "1"
    },
    {
        "ASIN": "B08YLS39HF",
        "title": "Eight Saints All In Eye Cream, Natural and Organic Anti Aging Under Eye Cream to Reduce Puffiness, Wrinkles, and Under Eye Bags, Dark Circles Under Eye Treatment, 0.5 Ounces",
        "price": "$36.00 ($72.00 / Ounce)",
        "listPrice": "$44.00 ($88.00 / Ounce)",
        "imageUrl": "https://m.media-amazon.com/images/I/41aEsjeZt8L._SL160_.jpg",
        "detailPageURL": "https://www.amazon.com/dp/B08YLS39HF",
        "rating": "4.3",
        "totalReviews": "3139",
        "subtitle": "Eight Saints",
        "isPrimeEligible": "1"
    },
    {
        "ASIN": "B08G5W2H4L",
        "title": "NEOCUTIS Lumi\u00e8re Firm - Illuminating and Tightening, Anti-Aging Eye Cream - Brighten, Hydrate, and Soothe - for Dark Circles, Puffiness, and Wrinkle Prevention - Travel-Friendly - 15 ml/0.5 fl oz.",
        "price": "$108.00 ($216.00 / Fl Oz)",
        "listPrice": "",
        "imageUrl": "https://m.media-amazon.com/images/I/41KJDie+AaL._SL160_.jpg",
        "detailPageURL": "https://www.amazon.com/dp/B08G5W2H4L",
        "rating": "4.5",
        "totalReviews": "1172",
        "subtitle": "",
        "isPrimeEligible": "1"
    },
    {
        "ASIN": "B0CC1F79NT",
        "title": "Retinol Eye Serum 360\u00b0 Roller: Retinol Eye Cream with Massage Ball - Caffeine and Yeast Under Eye Roller Serum - Anti Aging Eye Cream for Dark Circles Puffiness Bags- Reduce Wrinkles Fine Lines",
        "price": "$21.99 ($43.98 / Fl Oz)",
        "listPrice": "",
        "imageUrl": "https://m.media-amazon.com/images/I/41MbVn9mIBL._SL160_.jpg",
        "detailPageURL": "https://www.amazon.com/dp/B0CC1F79NT",
        "rating": "4.8",
        "totalReviews": "40",
        "subtitle": "Dongyu",
        "isPrimeEligible": "1"
    },
    {
        "ASIN": "B09QD6NM2S",
        "title": "Clinique Smart Clinical Repair Wrinkle Correcting Eye Cream 5 ml / 0.17 Ounce",
        "price": "$6.89 ($40.53 / Ounce)",
        "listPrice": "",
        "imageUrl": "https://m.media-amazon.com/images/I/41a6jVhXz8L._SL160_.jpg",
        "detailPageURL": "https://www.amazon.com/dp/B09QD6NM2S",
        "rating": "4.2",
        "totalReviews": "248",
        "subtitle": "Clinique",
        "isPrimeEligible": "1"
    },
    {
        "ASIN": "B0BX4T7833",
        "title": "Caudalie Vinoperfect Dark Circle Brightening Eye Cream with Niacinamide 0.05 oz / 15 mL",
        "price": "$55.00 ($55.00 / Count)",
        "listPrice": "",
        "imageUrl": "https://m.media-amazon.com/images/I/31p-WmUd7wL._SL160_.jpg",
        "detailPageURL": "https://www.amazon.com/dp/B0BX4T7833",
        "rating": "4.4",
        "totalReviews": "55",
        "subtitle": "",
        "isPrimeEligible": "1"
    },
    {
        "ASIN": "B0CCZRHXJV",
        "title": "Murad Targeted Eye Depuffer 0.5Fl Oz",
        "price": "$64.00 ($50.00 / Ounce)",
        "listPrice": "",
        "imageUrl": "https://m.media-amazon.com/images/I/31cWYdUsvDL._SL160_.jpg",
        "detailPageURL": "https://www.amazon.com/dp/B0CCZRHXJV",
        "rating": "",
        "totalReviews": "",
        "subtitle": "",
        "isPrimeEligible": "1"
    },
    {
        "ASIN": "B00A2F06Z2",
        "title": "DERMA-E Hydrating Eye Cream \u2013 Firming and Lifting Hyaluronic Acid Treatment - Under Eye and Upper Eyelid Cream Reduces Puffiness and Appearance of Fine Lines, 0.5 oz",
        "price": "$16.19",
        "listPrice": "$29.95",
        "imageUrl": "https://m.media-amazon.com/images/I/31Nk4Q+yPQL._SL160_.jpg",
        "detailPageURL": "https://www.amazon.com/dp/B00A2F06Z2",
        "rating": "4.2",
        "totalReviews": "1368",
        "subtitle": "DERMA-E",
        "isPrimeEligible": "1"
    },
    {
        "ASIN": "B07JBPHDVS",
        "title": "Total Under Eye Cream for Wrinkles | Moisturizing Caffeine Eye Cream Anti Aging Serum and Avocado Eye Wrinkle Cream with Hyaluronic Acid Vitamin C and E | Hydrating Eye Cream for Men and Women",
        "price": "$27.95",
        "listPrice": "",
        "imageUrl": "https://m.media-amazon.com/images/I/31a9bhAdaEL._SL160_.jpg",
        "detailPageURL": "https://www.amazon.com/dp/B07JBPHDVS",
        "rating": "4.1",
        "totalReviews": "7154",
        "subtitle": "Pure Biology",
        "isPrimeEligible": "1"
    },
    {
        "ASIN": "B07MM625RD",
        "title": "L'Oreal Paris Age Perfect Rosy Tone Anti-Aging Eye Cream, Treat and Visibily Color Correct Dark Circles, .5 oz",
        "price": "$13.25 ($26.50 / Ounce)",
        "listPrice": "$24.99 ($49.98 / Ounce)",
        "imageUrl": "https://m.media-amazon.com/images/I/41bD+Oe3DDL._SL160_.jpg",
        "detailPageURL": "https://www.amazon.com/dp/B07MM625RD",
        "rating": "4.2",
        "totalReviews": "2718",
        "subtitle": "L\u2019Or\u00e9al Paris",
        "isPrimeEligible": "1"
    },
    {
        "ASIN": "B08YLS39HF",
        "title": "Eight Saints All In Eye Cream, Natural and Organic Anti Aging Under Eye Cream to Reduce Puffiness, Wrinkles, and Under Eye Bags, Dark Circles Under Eye Treatment, 0.5 Ounces",
        "price": "$36.00 ($72.00 / Ounce)",
        "listPrice": "$44.00 ($88.00 / Ounce)",
        "imageUrl": "https://m.media-amazon.com/images/I/41aEsjeZt8L._SL160_.jpg",
        "detailPageURL": "https://www.amazon.com/dp/B08YLS39HF",
        "rating": "4.3",
        "totalReviews": "3139",
        "subtitle": "Eight Saints",
        "isPrimeEligible": "1"
    },
    {
        "ASIN": "B08G5W2H4L",
        "title": "NEOCUTIS Lumi\u00e8re Firm - Illuminating and Tightening, Anti-Aging Eye Cream - Brighten, Hydrate, and Soothe - for Dark Circles, Puffiness, and Wrinkle Prevention - Travel-Friendly - 15 ml/0.5 fl oz.",
        "price": "$108.00 ($216.00 / Fl Oz)",
        "listPrice": "",
        "imageUrl": "https://m.media-amazon.com/images/I/41KJDie+AaL._SL160_.jpg",
        "detailPageURL": "https://www.amazon.com/dp/B08G5W2H4L",
        "rating": "4.5",
        "totalReviews": "1172",
        "subtitle": "",
        "isPrimeEligible": "1"
    },
    {
        "ASIN": "B0CC1F79NT",
        "title": "Retinol Eye Serum 360\u00b0 Roller: Retinol Eye Cream with Massage Ball - Caffeine and Yeast Under Eye Roller Serum - Anti Aging Eye Cream for Dark Circles Puffiness Bags- Reduce Wrinkles Fine Lines",
        "price": "$21.99 ($43.98 / Fl Oz)",
        "listPrice": "",
        "imageUrl": "https://m.media-amazon.com/images/I/41MbVn9mIBL._SL160_.jpg",
        "detailPageURL": "https://www.amazon.com/dp/B0CC1F79NT",
        "rating": "4.8",
        "totalReviews": "40",
        "subtitle": "Dongyu",
        "isPrimeEligible": "1"
    },
    {
        "ASIN": "B09QD6NM2S",
        "title": "Clinique Smart Clinical Repair Wrinkle Correcting Eye Cream 5 ml / 0.17 Ounce",
        "price": "$6.89 ($40.53 / Ounce)",
        "listPrice": "",
        "imageUrl": "https://m.media-amazon.com/images/I/41a6jVhXz8L._SL160_.jpg",
        "detailPageURL": "https://www.amazon.com/dp/B09QD6NM2S",
        "rating": "4.2",
        "totalReviews": "248",
        "subtitle": "Clinique",
        "isPrimeEligible": "1"
    },
    {
        "ASIN": "B0BX4T7833",
        "title": "Caudalie Vinoperfect Dark Circle Brightening Eye Cream with Niacinamide 0.05 oz / 15 mL",
        "price": "$55.00 ($55.00 / Count)",
        "listPrice": "",
        "imageUrl": "https://m.media-amazon.com/images/I/31p-WmUd7wL._SL160_.jpg",
        "detailPageURL": "https://www.amazon.com/dp/B0BX4T7833",
        "rating": "4.4",
        "totalReviews": "55",
        "subtitle": "",
        "isPrimeEligible": "1"
    },
    {
        "ASIN": "B0CCZRHXJV",
        "title": "Murad Targeted Eye Depuffer 0.5Fl Oz",
        "price": "$64.00 ($50.00 / Ounce)",
        "listPrice": "",
        "imageUrl": "https://m.media-amazon.com/images/I/31cWYdUsvDL._SL160_.jpg",
        "detailPageURL": "https://www.amazon.com/dp/B0CCZRHXJV",
        "rating": "",
        "totalReviews": "",
        "subtitle": "",
        "isPrimeEligible": "1"
    },
    {
        "ASIN": "B00A2F06Z2",
        "title": "DERMA-E Hydrating Eye Cream \u2013 Firming and Lifting Hyaluronic Acid Treatment - Under Eye and Upper Eyelid Cream Reduces Puffiness and Appearance of Fine Lines, 0.5 oz",
        "price": "$16.19",
        "listPrice": "$29.95",
        "imageUrl": "https://m.media-amazon.com/images/I/31Nk4Q+yPQL._SL160_.jpg",
        "detailPageURL": "https://www.amazon.com/dp/B00A2F06Z2",
        "rating": "4.2",
        "totalReviews": "1368",
        "subtitle": "DERMA-E",
        "isPrimeEligible": "1"
    },
    {
        "ASIN": "B07JBPHDVS",
        "title": "Total Under Eye Cream for Wrinkles | Moisturizing Caffeine Eye Cream Anti Aging Serum and Avocado Eye Wrinkle Cream with Hyaluronic Acid Vitamin C and E | Hydrating Eye Cream for Men and Women",
        "price": "$27.95",
        "listPrice": "",
        "imageUrl": "https://m.media-amazon.com/images/I/31a9bhAdaEL._SL160_.jpg",
        "detailPageURL": "https://www.amazon.com/dp/B07JBPHDVS",
        "rating": "4.1",
        "totalReviews": "7154",
        "subtitle": "Pure Biology",
        "isPrimeEligible": "1"
    },
    {
        "ASIN": "B07MM625RD",
        "title": "L'Oreal Paris Age Perfect Rosy Tone Anti-Aging Eye Cream, Treat and Visibily Color Correct Dark Circles, .5 oz",
        "price": "$13.25 ($26.50 / Ounce)",
        "listPrice": "$24.99 ($49.98 / Ounce)",
        "imageUrl": "https://m.media-amazon.com/images/I/41bD+Oe3DDL._SL160_.jpg",
        "detailPageURL": "https://www.amazon.com/dp/B07MM625RD",
        "rating": "4.2",
        "totalReviews": "2718",
        "subtitle": "L\u2019Or\u00e9al Paris",
        "isPrimeEligible": "1"
    },
    {
        "ASIN": "B096BNNBTR",
        "title": "CUTESKINS Eye Care Cream - Tripeptide Complex - Vitamin E -Green Tea -Anti Aging - Day & Night Eye Care to Reduce Wrinkles & Fine Lines 1.7",
        "price": "$7.99 ($4.70 / Ounce)",
        "listPrice": "",
        "imageUrl": "https://m.media-amazon.com/images/I/4114-G2CJdS._SL160_.jpg",
        "detailPageURL": "https://www.amazon.com/dp/B096BNNBTR",
        "rating": "4.6",
        "totalReviews": "29",
        "subtitle": "CUTESKINS",
        "isPrimeEligible": "1"
    },
    {
        "ASIN": "B08G5W2H4L",
        "title": "NEOCUTIS Lumi\u00e8re Firm - Illuminating and Tightening, Anti-Aging Eye Cream - Brighten, Hydrate, and Soothe - for Dark Circles, Puffiness, and Wrinkle Prevention - Travel-Friendly - 15 ml/0.5 fl oz.",
        "price": "$108.00 ($216.00 / Fl Oz)",
        "listPrice": "",
        "imageUrl": "https://m.media-amazon.com/images/I/41KJDie+AaL._SL160_.jpg",
        "detailPageURL": "https://www.amazon.com/dp/B08G5W2H4L",
        "rating": "4.5",
        "totalReviews": "1172",
        "subtitle": "",
        "isPrimeEligible": "1"
    },
    {
        "ASIN": "B0CC1F79NT",
        "title": "Retinol Eye Serum 360\u00b0 Roller: Retinol Eye Cream with Massage Ball - Caffeine and Yeast Under Eye Roller Serum - Anti Aging Eye Cream for Dark Circles Puffiness Bags- Reduce Wrinkles Fine Lines",
        "price": "$21.99 ($43.98 / Fl Oz)",
        "listPrice": "",
        "imageUrl": "https://m.media-amazon.com/images/I/41MbVn9mIBL._SL160_.jpg",
        "detailPageURL": "https://www.amazon.com/dp/B0CC1F79NT",
        "rating": "4.8",
        "totalReviews": "40",
        "subtitle": "Dongyu",
        "isPrimeEligible": "1"
    },
    {
        "ASIN": "B09QD6NM2S",
        "title": "Clinique Smart Clinical Repair Wrinkle Correcting Eye Cream 5 ml / 0.17 Ounce",
        "price": "$6.89 ($40.53 / Ounce)",
        "listPrice": "",
        "imageUrl": "https://m.media-amazon.com/images/I/41a6jVhXz8L._SL160_.jpg",
        "detailPageURL": "https://www.amazon.com/dp/B09QD6NM2S",
        "rating": "4.2",
        "totalReviews": "248",
        "subtitle": "Clinique",
        "isPrimeEligible": "1"
    },
    {
        "ASIN": "B0BX4T7833",
        "title": "Caudalie Vinoperfect Dark Circle Brightening Eye Cream with Niacinamide 0.05 oz / 15 mL",
        "price": "$55.00 ($55.00 / Count)",
        "listPrice": "",
        "imageUrl": "https://m.media-amazon.com/images/I/31p-WmUd7wL._SL160_.jpg",
        "detailPageURL": "https://www.amazon.com/dp/B0BX4T7833",
        "rating": "4.4",
        "totalReviews": "55",
        "subtitle": "",
        "isPrimeEligible": "1"
    },
    {
        "ASIN": "B0CCZRHXJV",
        "title": "Murad Targeted Eye Depuffer 0.5Fl Oz",
        "price": "$64.00 ($50.00 / Ounce)",
        "listPrice": "",
        "imageUrl": "https://m.media-amazon.com/images/I/31cWYdUsvDL._SL160_.jpg",
        "detailPageURL": "https://www.amazon.com/dp/B0CCZRHXJV",
        "rating": "",
        "totalReviews": "",
        "subtitle": "",
        "isPrimeEligible": "1"
    },
    {
        "ASIN": "B00A2F06Z2",
        "title": "DERMA-E Hydrating Eye Cream \u2013 Firming and Lifting Hyaluronic Acid Treatment - Under Eye and Upper Eyelid Cream Reduces Puffiness and Appearance of Fine Lines, 0.5 oz",
        "price": "$16.19",
        "listPrice": "$29.95",
        "imageUrl": "https://m.media-amazon.com/images/I/31Nk4Q+yPQL._SL160_.jpg",
        "detailPageURL": "https://www.amazon.com/dp/B00A2F06Z2",
        "rating": "4.2",
        "totalReviews": "1368",
        "subtitle": "DERMA-E",
        "isPrimeEligible": "1"
    },
    {
        "ASIN": "B07JBPHDVS",
        "title": "Total Under Eye Cream for Wrinkles | Moisturizing Caffeine Eye Cream Anti Aging Serum and Avocado Eye Wrinkle Cream with Hyaluronic Acid Vitamin C and E | Hydrating Eye Cream for Men and Women",
        "price": "$27.95",
        "listPrice": "",
        "imageUrl": "https://m.media-amazon.com/images/I/31a9bhAdaEL._SL160_.jpg",
        "detailPageURL": "https://www.amazon.com/dp/B07JBPHDVS",
        "rating": "4.1",
        "totalReviews": "7154",
        "subtitle": "Pure Biology",
        "isPrimeEligible": "1"
    },
    {
        "ASIN": "B07MM625RD",
        "title": "L'Oreal Paris Age Perfect Rosy Tone Anti-Aging Eye Cream, Treat and Visibily Color Correct Dark Circles, .5 oz",
        "price": "$13.25 ($26.50 / Ounce)",
        "listPrice": "$24.99 ($49.98 / Ounce)",
        "imageUrl": "https://m.media-amazon.com/images/I/41bD+Oe3DDL._SL160_.jpg",
        "detailPageURL": "https://www.amazon.com/dp/B07MM625RD",
        "rating": "4.2",
        "totalReviews": "2718",
        "subtitle": "L\u2019Or\u00e9al Paris",
        "isPrimeEligible": "1"
    },
    {
        "ASIN": "B096BNNBTR",
        "title": "CUTESKINS Eye Care Cream - Tripeptide Complex - Vitamin E -Green Tea -Anti Aging - Day & Night Eye Care to Reduce Wrinkles & Fine Lines 1.7",
        "price": "$7.99 ($4.70 / Ounce)",
        "listPrice": "",
        "imageUrl": "https://m.media-amazon.com/images/I/4114-G2CJdS._SL160_.jpg",
        "detailPageURL": "https://www.amazon.com/dp/B096BNNBTR",
        "rating": "4.6",
        "totalReviews": "29",
        "subtitle": "CUTESKINS",
        "isPrimeEligible": "1"
    },
    {
        "ASIN": "B07FTH5ZPV",
        "title": "philosophy purity made simple - eye cream, 0.5 oz (Pack of 1)",
        "price": "$25.00 ($50.00 / Fl Oz)",
        "listPrice": "",
        "imageUrl": "https://m.media-amazon.com/images/I/31eITjiBdYL._SL160_.jpg",
        "detailPageURL": "https://www.amazon.com/dp/B07FTH5ZPV",
        "rating": "4.5",
        "totalReviews": "518",
        "subtitle": "",
        "isPrimeEligible": "1"
    },
    {
        "ASIN": "B0CC1F79NT",
        "title": "Retinol Eye Serum 360\u00b0 Roller: Retinol Eye Cream with Massage Ball - Caffeine and Yeast Under Eye Roller Serum - Anti Aging Eye Cream for Dark Circles Puffiness Bags- Reduce Wrinkles Fine Lines",
        "price": "$21.99 ($43.98 / Fl Oz)",
        "listPrice": "",
        "imageUrl": "https://m.media-amazon.com/images/I/41MbVn9mIBL._SL160_.jpg",
        "detailPageURL": "https://www.amazon.com/dp/B0CC1F79NT",
        "rating": "4.8",
        "totalReviews": "40",
        "subtitle": "Dongyu",
        "isPrimeEligible": "1"
    },
    {
        "ASIN": "B09QD6NM2S",
        "title": "Clinique Smart Clinical Repair Wrinkle Correcting Eye Cream 5 ml / 0.17 Ounce",
        "price": "$6.89 ($40.53 / Ounce)",
        "listPrice": "",
        "imageUrl": "https://m.media-amazon.com/images/I/41a6jVhXz8L._SL160_.jpg",
        "detailPageURL": "https://www.amazon.com/dp/B09QD6NM2S",
        "rating": "4.2",
        "totalReviews": "248",
        "subtitle": "Clinique",
        "isPrimeEligible": "1"
    },
    {
        "ASIN": "B0BX4T7833",
        "title": "Caudalie Vinoperfect Dark Circle Brightening Eye Cream with Niacinamide 0.05 oz / 15 mL",
        "price": "$55.00 ($55.00 / Count)",
        "listPrice": "",
        "imageUrl": "https://m.media-amazon.com/images/I/31p-WmUd7wL._SL160_.jpg",
        "detailPageURL": "https://www.amazon.com/dp/B0BX4T7833",
        "rating": "4.4",
        "totalReviews": "55",
        "subtitle": "",
        "isPrimeEligible": "1"
    },
    {
        "ASIN": "B0CCZRHXJV",
        "title": "Murad Targeted Eye Depuffer 0.5Fl Oz",
        "price": "$64.00 ($50.00 / Ounce)",
        "listPrice": "",
        "imageUrl": "https://m.media-amazon.com/images/I/31cWYdUsvDL._SL160_.jpg",
        "detailPageURL": "https://www.amazon.com/dp/B0CCZRHXJV",
        "rating": "",
        "totalReviews": "",
        "subtitle": "",
        "isPrimeEligible": "1"
    },
    {
        "ASIN": "B00A2F06Z2",
        "title": "DERMA-E Hydrating Eye Cream \u2013 Firming and Lifting Hyaluronic Acid Treatment - Under Eye and Upper Eyelid Cream Reduces Puffiness and Appearance of Fine Lines, 0.5 oz",
        "price": "$16.19",
        "listPrice": "$29.95",
        "imageUrl": "https://m.media-amazon.com/images/I/31Nk4Q+yPQL._SL160_.jpg",
        "detailPageURL": "https://www.amazon.com/dp/B00A2F06Z2",
        "rating": "4.2",
        "totalReviews": "1368",
        "subtitle": "DERMA-E",
        "isPrimeEligible": "1"
    },
    {
        "ASIN": "B07JBPHDVS",
        "title": "Total Under Eye Cream for Wrinkles | Moisturizing Caffeine Eye Cream Anti Aging Serum and Avocado Eye Wrinkle Cream with Hyaluronic Acid Vitamin C and E | Hydrating Eye Cream for Men and Women",
        "price": "$27.95",
        "listPrice": "",
        "imageUrl": "https://m.media-amazon.com/images/I/31a9bhAdaEL._SL160_.jpg",
        "detailPageURL": "https://www.amazon.com/dp/B07JBPHDVS",
        "rating": "4.1",
        "totalReviews": "7154",
        "subtitle": "Pure Biology",
        "isPrimeEligible": "1"
    },
    {
        "ASIN": "B07MM625RD",
        "title": "L'Oreal Paris Age Perfect Rosy Tone Anti-Aging Eye Cream, Treat and Visibily Color Correct Dark Circles, .5 oz",
        "price": "$13.25 ($26.50 / Ounce)",
        "listPrice": "$24.99 ($49.98 / Ounce)",
        "imageUrl": "https://m.media-amazon.com/images/I/41bD+Oe3DDL._SL160_.jpg",
        "detailPageURL": "https://www.amazon.com/dp/B07MM625RD",
        "rating": "4.2",
        "totalReviews": "2718",
        "subtitle": "L\u2019Or\u00e9al Paris",
        "isPrimeEligible": "1"
    },
    {
        "ASIN": "B096BNNBTR",
        "title": "CUTESKINS Eye Care Cream - Tripeptide Complex - Vitamin E -Green Tea -Anti Aging - Day & Night Eye Care to Reduce Wrinkles & Fine Lines 1.7",
        "price": "$7.99 ($4.70 / Ounce)",
        "listPrice": "",
        "imageUrl": "https://m.media-amazon.com/images/I/4114-G2CJdS._SL160_.jpg",
        "detailPageURL": "https://www.amazon.com/dp/B096BNNBTR",
        "rating": "4.6",
        "totalReviews": "29",
        "subtitle": "CUTESKINS",
        "isPrimeEligible": "1"
    },
    {
        "ASIN": "B07FTH5ZPV",
        "title": "philosophy purity made simple - eye cream, 0.5 oz (Pack of 1)",
        "price": "$25.00 ($50.00 / Fl Oz)",
        "listPrice": "",
        "imageUrl": "https://m.media-amazon.com/images/I/31eITjiBdYL._SL160_.jpg",
        "detailPageURL": "https://www.amazon.com/dp/B07FTH5ZPV",
        "rating": "4.5",
        "totalReviews": "518",
        "subtitle": "",
        "isPrimeEligible": "1"
    },
    {
        "ASIN": "B09QH7C86G",
        "title": "IT Cosmetics Confidence in an Eye Cream, Anti Aging Eye Cream for Dark Circles, Crow's Feet, Lack of Firmness & Dryness, 48HR Hydration with 2% Super Peptide Concentrate, for Day + Night - 0.5 fl oz",
        "price": "$47.50 ($95.00 / Fl Oz)",
        "listPrice": "",
        "imageUrl": "https://m.media-amazon.com/images/I/314pncAtmiL._SL160_.jpg",
        "detailPageURL": "https://www.amazon.com/dp/B09QH7C86G",
        "rating": "4.4",
        "totalReviews": "427",
        "subtitle": "",
        "isPrimeEligible": "1"
    },
    {
        "ASIN": "B09QD6NM2S",
        "title": "Clinique Smart Clinical Repair Wrinkle Correcting Eye Cream 5 ml / 0.17 Ounce",
        "price": "$6.89 ($40.53 / Ounce)",
        "listPrice": "",
        "imageUrl": "https://m.media-amazon.com/images/I/41a6jVhXz8L._SL160_.jpg",
        "detailPageURL": "https://www.amazon.com/dp/B09QD6NM2S",
        "rating": "4.2",
        "totalReviews": "248",
        "subtitle": "Clinique",
        "isPrimeEligible": "1"
    },
    {
        "ASIN": "B0BX4T7833",
        "title": "Caudalie Vinoperfect Dark Circle Brightening Eye Cream with Niacinamide 0.05 oz / 15 mL",
        "price": "$55.00 ($55.00 / Count)",
        "listPrice": "",
        "imageUrl": "https://m.media-amazon.com/images/I/31p-WmUd7wL._SL160_.jpg",
        "detailPageURL": "https://www.amazon.com/dp/B0BX4T7833",
        "rating": "4.4",
        "totalReviews": "55",
        "subtitle": "",
        "isPrimeEligible": "1"
    },
    {
        "ASIN": "B0CCZRHXJV",
        "title": "Murad Targeted Eye Depuffer 0.5Fl Oz",
        "price": "$64.00 ($50.00 / Ounce)",
        "listPrice": "",
        "imageUrl": "https://m.media-amazon.com/images/I/31cWYdUsvDL._SL160_.jpg",
        "detailPageURL": "https://www.amazon.com/dp/B0CCZRHXJV",
        "rating": "",
        "totalReviews": "",
        "subtitle": "",
        "isPrimeEligible": "1"
    },
    {
        "ASIN": "B00A2F06Z2",
        "title": "DERMA-E Hydrating Eye Cream \u2013 Firming and Lifting Hyaluronic Acid Treatment - Under Eye and Upper Eyelid Cream Reduces Puffiness and Appearance of Fine Lines, 0.5 oz",
        "price": "$16.19",
        "listPrice": "$29.95",
        "imageUrl": "https://m.media-amazon.com/images/I/31Nk4Q+yPQL._SL160_.jpg",
        "detailPageURL": "https://www.amazon.com/dp/B00A2F06Z2",
        "rating": "4.2",
        "totalReviews": "1368",
        "subtitle": "DERMA-E",
        "isPrimeEligible": "1"
    },
    {
        "ASIN": "B07JBPHDVS",
        "title": "Total Under Eye Cream for Wrinkles | Moisturizing Caffeine Eye Cream Anti Aging Serum and Avocado Eye Wrinkle Cream with Hyaluronic Acid Vitamin C and E | Hydrating Eye Cream for Men and Women",
        "price": "$27.95",
        "listPrice": "",
        "imageUrl": "https://m.media-amazon.com/images/I/31a9bhAdaEL._SL160_.jpg",
        "detailPageURL": "https://www.amazon.com/dp/B07JBPHDVS",
        "rating": "4.1",
        "totalReviews": "7154",
        "subtitle": "Pure Biology",
        "isPrimeEligible": "1"
    },
    {
        "ASIN": "B07MM625RD",
        "title": "L'Oreal Paris Age Perfect Rosy Tone Anti-Aging Eye Cream, Treat and Visibily Color Correct Dark Circles, .5 oz",
        "price": "$13.25 ($26.50 / Ounce)",
        "listPrice": "$24.99 ($49.98 / Ounce)",
        "imageUrl": "https://m.media-amazon.com/images/I/41bD+Oe3DDL._SL160_.jpg",
        "detailPageURL": "https://www.amazon.com/dp/B07MM625RD",
        "rating": "4.2",
        "totalReviews": "2718",
        "subtitle": "L\u2019Or\u00e9al Paris",
        "isPrimeEligible": "1"
    },
    {
        "ASIN": "B096BNNBTR",
        "title": "CUTESKINS Eye Care Cream - Tripeptide Complex - Vitamin E -Green Tea -Anti Aging - Day & Night Eye Care to Reduce Wrinkles & Fine Lines 1.7",
        "price": "$7.99 ($4.70 / Ounce)",
        "listPrice": "",
        "imageUrl": "https://m.media-amazon.com/images/I/4114-G2CJdS._SL160_.jpg",
        "detailPageURL": "https://www.amazon.com/dp/B096BNNBTR",
        "rating": "4.6",
        "totalReviews": "29",
        "subtitle": "CUTESKINS",
        "isPrimeEligible": "1"
    },
    {
        "ASIN": "B07FTH5ZPV",
        "title": "philosophy purity made simple - eye cream, 0.5 oz (Pack of 1)",
        "price": "$25.00 ($50.00 / Fl Oz)",
        "listPrice": "",
        "imageUrl": "https://m.media-amazon.com/images/I/31eITjiBdYL._SL160_.jpg",
        "detailPageURL": "https://www.amazon.com/dp/B07FTH5ZPV",
        "rating": "4.5",
        "totalReviews": "518",
        "subtitle": "",
        "isPrimeEligible": "1"
    },
    {
        "ASIN": "B09QH7C86G",
        "title": "IT Cosmetics Confidence in an Eye Cream, Anti Aging Eye Cream for Dark Circles, Crow's Feet, Lack of Firmness & Dryness, 48HR Hydration with 2% Super Peptide Concentrate, for Day + Night - 0.5 fl oz",
        "price": "$47.50 ($95.00 / Fl Oz)",
        "listPrice": "",
        "imageUrl": "https://m.media-amazon.com/images/I/314pncAtmiL._SL160_.jpg",
        "detailPageURL": "https://www.amazon.com/dp/B09QH7C86G",
        "rating": "4.4",
        "totalReviews": "427",
        "subtitle": "",
        "isPrimeEligible": "1"
    },
    {
        "ASIN": "B0C9RXV1VY",
        "title": "Shiseido Benefiance Wrinkle Smoothing Eye Cream - 15 mL - Visibly Improves Five Types of Eye Wrinkles, Dark Circles & Puffiness - 48-HR Hydration - All Skin Types - Non-Comedogenic",
        "price": "$65.00 ($127.45 / Ounce)",
        "listPrice": "",
        "imageUrl": "https://m.media-amazon.com/images/I/31STIvt261L._SL160_.jpg",
        "detailPageURL": "https://www.amazon.com/dp/B0C9RXV1VY",
        "rating": "4.1",
        "totalReviews": "29",
        "subtitle": "",
        "isPrimeEligible": "1"
    },
    {
        "ASIN": "B0BX4T7833",
        "title": "Caudalie Vinoperfect Dark Circle Brightening Eye Cream with Niacinamide 0.05 oz / 15 mL",
        "price": "$55.00 ($55.00 / Count)",
        "listPrice": "",
        "imageUrl": "https://m.media-amazon.com/images/I/31p-WmUd7wL._SL160_.jpg",
        "detailPageURL": "https://www.amazon.com/dp/B0BX4T7833",
        "rating": "4.4",
        "totalReviews": "55",
        "subtitle": "",
        "isPrimeEligible": "1"
    },
    {
        "ASIN": "B0CCZRHXJV",
        "title": "Murad Targeted Eye Depuffer 0.5Fl Oz",
        "price": "$64.00 ($50.00 / Ounce)",
        "listPrice": "",
        "imageUrl": "https://m.media-amazon.com/images/I/31cWYdUsvDL._SL160_.jpg",
        "detailPageURL": "https://www.amazon.com/dp/B0CCZRHXJV",
        "rating": "",
        "totalReviews": "",
        "subtitle": "",
        "isPrimeEligible": "1"
    },
    {
        "ASIN": "B00A2F06Z2",
        "title": "DERMA-E Hydrating Eye Cream \u2013 Firming and Lifting Hyaluronic Acid Treatment - Under Eye and Upper Eyelid Cream Reduces Puffiness and Appearance of Fine Lines, 0.5 oz",
        "price": "$16.19",
        "listPrice": "$29.95",
        "imageUrl": "https://m.media-amazon.com/images/I/31Nk4Q+yPQL._SL160_.jpg",
        "detailPageURL": "https://www.amazon.com/dp/B00A2F06Z2",
        "rating": "4.2",
        "totalReviews": "1368",
        "subtitle": "DERMA-E",
        "isPrimeEligible": "1"
    },
    {
        "ASIN": "B07JBPHDVS",
        "title": "Total Under Eye Cream for Wrinkles | Moisturizing Caffeine Eye Cream Anti Aging Serum and Avocado Eye Wrinkle Cream with Hyaluronic Acid Vitamin C and E | Hydrating Eye Cream for Men and Women",
        "price": "$27.95",
        "listPrice": "",
        "imageUrl": "https://m.media-amazon.com/images/I/31a9bhAdaEL._SL160_.jpg",
        "detailPageURL": "https://www.amazon.com/dp/B07JBPHDVS",
        "rating": "4.1",
        "totalReviews": "7154",
        "subtitle": "Pure Biology",
        "isPrimeEligible": "1"
    },
    {
        "ASIN": "B07MM625RD",
        "title": "L'Oreal Paris Age Perfect Rosy Tone Anti-Aging Eye Cream, Treat and Visibily Color Correct Dark Circles, .5 oz",
        "price": "$13.25 ($26.50 / Ounce)",
        "listPrice": "$24.99 ($49.98 / Ounce)",
        "imageUrl": "https://m.media-amazon.com/images/I/41bD+Oe3DDL._SL160_.jpg",
        "detailPageURL": "https://www.amazon.com/dp/B07MM625RD",
        "rating": "4.2",
        "totalReviews": "2718",
        "subtitle": "L\u2019Or\u00e9al Paris",
        "isPrimeEligible": "1"
    },
    {
        "ASIN": "B096BNNBTR",
        "title": "CUTESKINS Eye Care Cream - Tripeptide Complex - Vitamin E -Green Tea -Anti Aging - Day & Night Eye Care to Reduce Wrinkles & Fine Lines 1.7",
        "price": "$7.99 ($4.70 / Ounce)",
        "listPrice": "",
        "imageUrl": "https://m.media-amazon.com/images/I/4114-G2CJdS._SL160_.jpg",
        "detailPageURL": "https://www.amazon.com/dp/B096BNNBTR",
        "rating": "4.6",
        "totalReviews": "29",
        "subtitle": "CUTESKINS",
        "isPrimeEligible": "1"
    },
    {
        "ASIN": "B07FTH5ZPV",
        "title": "philosophy purity made simple - eye cream, 0.5 oz (Pack of 1)",
        "price": "$25.00 ($50.00 / Fl Oz)",
        "listPrice": "",
        "imageUrl": "https://m.media-amazon.com/images/I/31eITjiBdYL._SL160_.jpg",
        "detailPageURL": "https://www.amazon.com/dp/B07FTH5ZPV",
        "rating": "4.5",
        "totalReviews": "518",
        "subtitle": "",
        "isPrimeEligible": "1"
    },
    {
        "ASIN": "B09QH7C86G",
        "title": "IT Cosmetics Confidence in an Eye Cream, Anti Aging Eye Cream for Dark Circles, Crow's Feet, Lack of Firmness & Dryness, 48HR Hydration with 2% Super Peptide Concentrate, for Day + Night - 0.5 fl oz",
        "price": "$47.50 ($95.00 / Fl Oz)",
        "listPrice": "",
        "imageUrl": "https://m.media-amazon.com/images/I/314pncAtmiL._SL160_.jpg",
        "detailPageURL": "https://www.amazon.com/dp/B09QH7C86G",
        "rating": "4.4",
        "totalReviews": "427",
        "subtitle": "",
        "isPrimeEligible": "1"
    },
    {
        "ASIN": "B0C9RXV1VY",
        "title": "Shiseido Benefiance Wrinkle Smoothing Eye Cream - 15 mL - Visibly Improves Five Types of Eye Wrinkles, Dark Circles & Puffiness - 48-HR Hydration - All Skin Types - Non-Comedogenic",
        "price": "$65.00 ($127.45 / Ounce)",
        "listPrice": "",
        "imageUrl": "https://m.media-amazon.com/images/I/31STIvt261L._SL160_.jpg",
        "detailPageURL": "https://www.amazon.com/dp/B0C9RXV1VY",
        "rating": "4.1",
        "totalReviews": "29",
        "subtitle": "",
        "isPrimeEligible": "1"
    },
    {
        "ASIN": "B004P2LL2K",
        "title": "Peter Thomas Roth | Instant FIRMx Temporary Eye Tightener | Firm and Smooth the Look of Fine Lines, 1 oz (Pack of 1",
        "price": "$28.50",
        "listPrice": "$38.00",
        "imageUrl": "https://m.media-amazon.com/images/I/311i2J-xBYL._SL160_.jpg",
        "detailPageURL": "https://www.amazon.com/dp/B004P2LL2K",
        "rating": "3.8",
        "totalReviews": "11620",
        "subtitle": "",
        "isPrimeEligible": "1"
    },
    {
        "ASIN": "B0CCZRHXJV",
        "title": "Murad Targeted Eye Depuffer 0.5Fl Oz",
        "price": "$64.00 ($50.00 / Ounce)",
        "listPrice": "",
        "imageUrl": "https://m.media-amazon.com/images/I/31cWYdUsvDL._SL160_.jpg",
        "detailPageURL": "https://www.amazon.com/dp/B0CCZRHXJV",
        "rating": "",
        "totalReviews": "",
        "subtitle": "",
        "isPrimeEligible": "1"
    },
    {
        "ASIN": "B00A2F06Z2",
        "title": "DERMA-E Hydrating Eye Cream \u2013 Firming and Lifting Hyaluronic Acid Treatment - Under Eye and Upper Eyelid Cream Reduces Puffiness and Appearance of Fine Lines, 0.5 oz",
        "price": "$16.19",
        "listPrice": "$29.95",
        "imageUrl": "https://m.media-amazon.com/images/I/31Nk4Q+yPQL._SL160_.jpg",
        "detailPageURL": "https://www.amazon.com/dp/B00A2F06Z2",
        "rating": "4.2",
        "totalReviews": "1368",
        "subtitle": "DERMA-E",
        "isPrimeEligible": "1"
    },
    {
        "ASIN": "B07JBPHDVS",
        "title": "Total Under Eye Cream for Wrinkles | Moisturizing Caffeine Eye Cream Anti Aging Serum and Avocado Eye Wrinkle Cream with Hyaluronic Acid Vitamin C and E | Hydrating Eye Cream for Men and Women",
        "price": "$27.95",
        "listPrice": "",
        "imageUrl": "https://m.media-amazon.com/images/I/31a9bhAdaEL._SL160_.jpg",
        "detailPageURL": "https://www.amazon.com/dp/B07JBPHDVS",
        "rating": "4.1",
        "totalReviews": "7154",
        "subtitle": "Pure Biology",
        "isPrimeEligible": "1"
    },
    {
        "ASIN": "B07MM625RD",
        "title": "L'Oreal Paris Age Perfect Rosy Tone Anti-Aging Eye Cream, Treat and Visibily Color Correct Dark Circles, .5 oz",
        "price": "$13.25 ($26.50 / Ounce)",
        "listPrice": "$24.99 ($49.98 / Ounce)",
        "imageUrl": "https://m.media-amazon.com/images/I/41bD+Oe3DDL._SL160_.jpg",
        "detailPageURL": "https://www.amazon.com/dp/B07MM625RD",
        "rating": "4.2",
        "totalReviews": "2718",
        "subtitle": "L\u2019Or\u00e9al Paris",
        "isPrimeEligible": "1"
    },
    {
        "ASIN": "B096BNNBTR",
        "title": "CUTESKINS Eye Care Cream - Tripeptide Complex - Vitamin E -Green Tea -Anti Aging - Day & Night Eye Care to Reduce Wrinkles & Fine Lines 1.7",
        "price": "$7.99 ($4.70 / Ounce)",
        "listPrice": "",
        "imageUrl": "https://m.media-amazon.com/images/I/4114-G2CJdS._SL160_.jpg",
        "detailPageURL": "https://www.amazon.com/dp/B096BNNBTR",
        "rating": "4.6",
        "totalReviews": "29",
        "subtitle": "CUTESKINS",
        "isPrimeEligible": "1"
    },
    {
        "ASIN": "B07FTH5ZPV",
        "title": "philosophy purity made simple - eye cream, 0.5 oz (Pack of 1)",
        "price": "$25.00 ($50.00 / Fl Oz)",
        "listPrice": "",
        "imageUrl": "https://m.media-amazon.com/images/I/31eITjiBdYL._SL160_.jpg",
        "detailPageURL": "https://www.amazon.com/dp/B07FTH5ZPV",
        "rating": "4.5",
        "totalReviews": "518",
        "subtitle": "",
        "isPrimeEligible": "1"
    },
    {
        "ASIN": "B09QH7C86G",
        "title": "IT Cosmetics Confidence in an Eye Cream, Anti Aging Eye Cream for Dark Circles, Crow's Feet, Lack of Firmness & Dryness, 48HR Hydration with 2% Super Peptide Concentrate, for Day + Night - 0.5 fl oz",
        "price": "$47.50 ($95.00 / Fl Oz)",
        "listPrice": "",
        "imageUrl": "https://m.media-amazon.com/images/I/314pncAtmiL._SL160_.jpg",
        "detailPageURL": "https://www.amazon.com/dp/B09QH7C86G",
        "rating": "4.4",
        "totalReviews": "427",
        "subtitle": "",
        "isPrimeEligible": "1"
    },
    {
        "ASIN": "B0C9RXV1VY",
        "title": "Shiseido Benefiance Wrinkle Smoothing Eye Cream - 15 mL - Visibly Improves Five Types of Eye Wrinkles, Dark Circles & Puffiness - 48-HR Hydration - All Skin Types - Non-Comedogenic",
        "price": "$65.00 ($127.45 / Ounce)",
        "listPrice": "",
        "imageUrl": "https://m.media-amazon.com/images/I/31STIvt261L._SL160_.jpg",
        "detailPageURL": "https://www.amazon.com/dp/B0C9RXV1VY",
        "rating": "4.1",
        "totalReviews": "29",
        "subtitle": "",
        "isPrimeEligible": "1"
    },
    {
        "ASIN": "B004P2LL2K",
        "title": "Peter Thomas Roth | Instant FIRMx Temporary Eye Tightener | Firm and Smooth the Look of Fine Lines, 1 oz (Pack of 1",
        "price": "$28.50",
        "listPrice": "$38.00",
        "imageUrl": "https://m.media-amazon.com/images/I/311i2J-xBYL._SL160_.jpg",
        "detailPageURL": "https://www.amazon.com/dp/B004P2LL2K",
        "rating": "3.8",
        "totalReviews": "11620",
        "subtitle": "",
        "isPrimeEligible": "1"
    },
    {
        "ASIN": "B0BMP8TBVV",
        "title": "Kiehl's Powerful-Strength Dark Circle Reducing Vitamin C Eye Serum, 0.5 Ounce, 42 grams",
        "price": "$29.99 ($59.98 / Ounce)",
        "listPrice": "",
        "imageUrl": "https://m.media-amazon.com/images/I/41kxkzHQWSL._SL160_.jpg",
        "detailPageURL": "https://www.amazon.com/dp/B0BMP8TBVV",
        "rating": "4.1",
        "totalReviews": "55",
        "subtitle": "Kiehl's",
        "isPrimeEligible": "1"
    },
    {
        "ASIN": "B00A2F06Z2",
        "title": "DERMA-E Hydrating Eye Cream \u2013 Firming and Lifting Hyaluronic Acid Treatment - Under Eye and Upper Eyelid Cream Reduces Puffiness and Appearance of Fine Lines, 0.5 oz",
        "price": "$16.19",
        "listPrice": "$29.95",
        "imageUrl": "https://m.media-amazon.com/images/I/31Nk4Q+yPQL._SL160_.jpg",
        "detailPageURL": "https://www.amazon.com/dp/B00A2F06Z2",
        "rating": "4.2",
        "totalReviews": "1368",
        "subtitle": "DERMA-E",
        "isPrimeEligible": "1"
    },
    {
        "ASIN": "B07JBPHDVS",
        "title": "Total Under Eye Cream for Wrinkles | Moisturizing Caffeine Eye Cream Anti Aging Serum and Avocado Eye Wrinkle Cream with Hyaluronic Acid Vitamin C and E | Hydrating Eye Cream for Men and Women",
        "price": "$27.95",
        "listPrice": "",
        "imageUrl": "https://m.media-amazon.com/images/I/31a9bhAdaEL._SL160_.jpg",
        "detailPageURL": "https://www.amazon.com/dp/B07JBPHDVS",
        "rating": "4.1",
        "totalReviews": "7154",
        "subtitle": "Pure Biology",
        "isPrimeEligible": "1"
    },
    {
        "ASIN": "B07MM625RD",
        "title": "L'Oreal Paris Age Perfect Rosy Tone Anti-Aging Eye Cream, Treat and Visibily Color Correct Dark Circles, .5 oz",
        "price": "$13.25 ($26.50 / Ounce)",
        "listPrice": "$24.99 ($49.98 / Ounce)",
        "imageUrl": "https://m.media-amazon.com/images/I/41bD+Oe3DDL._SL160_.jpg",
        "detailPageURL": "https://www.amazon.com/dp/B07MM625RD",
        "rating": "4.2",
        "totalReviews": "2718",
        "subtitle": "L\u2019Or\u00e9al Paris",
        "isPrimeEligible": "1"
    },
    {
        "ASIN": "B096BNNBTR",
        "title": "CUTESKINS Eye Care Cream - Tripeptide Complex - Vitamin E -Green Tea -Anti Aging - Day & Night Eye Care to Reduce Wrinkles & Fine Lines 1.7",
        "price": "$7.99 ($4.70 / Ounce)",
        "listPrice": "",
        "imageUrl": "https://m.media-amazon.com/images/I/4114-G2CJdS._SL160_.jpg",
        "detailPageURL": "https://www.amazon.com/dp/B096BNNBTR",
        "rating": "4.6",
        "totalReviews": "29",
        "subtitle": "CUTESKINS",
        "isPrimeEligible": "1"
    },
    {
        "ASIN": "B07FTH5ZPV",
        "title": "philosophy purity made simple - eye cream, 0.5 oz (Pack of 1)",
        "price": "$25.00 ($50.00 / Fl Oz)",
        "listPrice": "",
        "imageUrl": "https://m.media-amazon.com/images/I/31eITjiBdYL._SL160_.jpg",
        "detailPageURL": "https://www.amazon.com/dp/B07FTH5ZPV",
        "rating": "4.5",
        "totalReviews": "518",
        "subtitle": "",
        "isPrimeEligible": "1"
    },
    {
        "ASIN": "B09QH7C86G",
        "title": "IT Cosmetics Confidence in an Eye Cream, Anti Aging Eye Cream for Dark Circles, Crow's Feet, Lack of Firmness & Dryness, 48HR Hydration with 2% Super Peptide Concentrate, for Day + Night - 0.5 fl oz",
        "price": "$47.50 ($95.00 / Fl Oz)",
        "listPrice": "",
        "imageUrl": "https://m.media-amazon.com/images/I/314pncAtmiL._SL160_.jpg",
        "detailPageURL": "https://www.amazon.com/dp/B09QH7C86G",
        "rating": "4.4",
        "totalReviews": "427",
        "subtitle": "",
        "isPrimeEligible": "1"
    },
    {
        "ASIN": "B0C9RXV1VY",
        "title": "Shiseido Benefiance Wrinkle Smoothing Eye Cream - 15 mL - Visibly Improves Five Types of Eye Wrinkles, Dark Circles & Puffiness - 48-HR Hydration - All Skin Types - Non-Comedogenic",
        "price": "$65.00 ($127.45 / Ounce)",
        "listPrice": "",
        "imageUrl": "https://m.media-amazon.com/images/I/31STIvt261L._SL160_.jpg",
        "detailPageURL": "https://www.amazon.com/dp/B0C9RXV1VY",
        "rating": "4.1",
        "totalReviews": "29",
        "subtitle": "",
        "isPrimeEligible": "1"
    },
    {
        "ASIN": "B004P2LL2K",
        "title": "Peter Thomas Roth | Instant FIRMx Temporary Eye Tightener | Firm and Smooth the Look of Fine Lines, 1 oz (Pack of 1",
        "price": "$28.50",
        "listPrice": "$38.00",
        "imageUrl": "https://m.media-amazon.com/images/I/311i2J-xBYL._SL160_.jpg",
        "detailPageURL": "https://www.amazon.com/dp/B004P2LL2K",
        "rating": "3.8",
        "totalReviews": "11620",
        "subtitle": "",
        "isPrimeEligible": "1"
    },
    {
        "ASIN": "B0BMP8TBVV",
        "title": "Kiehl's Powerful-Strength Dark Circle Reducing Vitamin C Eye Serum, 0.5 Ounce, 42 grams",
        "price": "$29.99 ($59.98 / Ounce)",
        "listPrice": "",
        "imageUrl": "https://m.media-amazon.com/images/I/41kxkzHQWSL._SL160_.jpg",
        "detailPageURL": "https://www.amazon.com/dp/B0BMP8TBVV",
        "rating": "4.1",
        "totalReviews": "55",
        "subtitle": "Kiehl's",
        "isPrimeEligible": "1"
    },
    {
        "ASIN": "B07W32YTPH",
        "title": "Physicians Formula Ros\u00e9 All Day To Night Eye Cream, Dark Circles, Puffiness, Bags Under Eyes, Wrinkles | Dermatologist Tested, Clinicially Tested",
        "price": "$13.07 ($26.14 / Ounce)",
        "listPrice": "$17.49 ($34.98 / Ounce)",
        "imageUrl": "https://m.media-amazon.com/images/I/31KjR82XSoL._SL160_.jpg",
        "detailPageURL": "https://www.amazon.com/dp/B07W32YTPH",
        "rating": "4.6",
        "totalReviews": "169",
        "subtitle": "Physicians Formula",
        "isPrimeEligible": "1"
    },
    {
        "ASIN": "B07JBPHDVS",
        "title": "Total Under Eye Cream for Wrinkles | Moisturizing Caffeine Eye Cream Anti Aging Serum and Avocado Eye Wrinkle Cream with Hyaluronic Acid Vitamin C and E | Hydrating Eye Cream for Men and Women",
        "price": "$27.95",
        "listPrice": "",
        "imageUrl": "https://m.media-amazon.com/images/I/31a9bhAdaEL._SL160_.jpg",
        "detailPageURL": "https://www.amazon.com/dp/B07JBPHDVS",
        "rating": "4.1",
        "totalReviews": "7154",
        "subtitle": "Pure Biology",
        "isPrimeEligible": "1"
    },
    {
        "ASIN": "B07MM625RD",
        "title": "L'Oreal Paris Age Perfect Rosy Tone Anti-Aging Eye Cream, Treat and Visibily Color Correct Dark Circles, .5 oz",
        "price": "$13.25 ($26.50 / Ounce)",
        "listPrice": "$24.99 ($49.98 / Ounce)",
        "imageUrl": "https://m.media-amazon.com/images/I/41bD+Oe3DDL._SL160_.jpg",
        "detailPageURL": "https://www.amazon.com/dp/B07MM625RD",
        "rating": "4.2",
        "totalReviews": "2718",
        "subtitle": "L\u2019Or\u00e9al Paris",
        "isPrimeEligible": "1"
    },
    {
        "ASIN": "B096BNNBTR",
        "title": "CUTESKINS Eye Care Cream - Tripeptide Complex - Vitamin E -Green Tea -Anti Aging - Day & Night Eye Care to Reduce Wrinkles & Fine Lines 1.7",
        "price": "$7.99 ($4.70 / Ounce)",
        "listPrice": "",
        "imageUrl": "https://m.media-amazon.com/images/I/4114-G2CJdS._SL160_.jpg",
        "detailPageURL": "https://www.amazon.com/dp/B096BNNBTR",
        "rating": "4.6",
        "totalReviews": "29",
        "subtitle": "CUTESKINS",
        "isPrimeEligible": "1"
    },
    {
        "ASIN": "B07FTH5ZPV",
        "title": "philosophy purity made simple - eye cream, 0.5 oz (Pack of 1)",
        "price": "$25.00 ($50.00 / Fl Oz)",
        "listPrice": "",
        "imageUrl": "https://m.media-amazon.com/images/I/31eITjiBdYL._SL160_.jpg",
        "detailPageURL": "https://www.amazon.com/dp/B07FTH5ZPV",
        "rating": "4.5",
        "totalReviews": "518",
        "subtitle": "",
        "isPrimeEligible": "1"
    },
    {
        "ASIN": "B09QH7C86G",
        "title": "IT Cosmetics Confidence in an Eye Cream, Anti Aging Eye Cream for Dark Circles, Crow's Feet, Lack of Firmness & Dryness, 48HR Hydration with 2% Super Peptide Concentrate, for Day + Night - 0.5 fl oz",
        "price": "$47.50 ($95.00 / Fl Oz)",
        "listPrice": "",
        "imageUrl": "https://m.media-amazon.com/images/I/314pncAtmiL._SL160_.jpg",
        "detailPageURL": "https://www.amazon.com/dp/B09QH7C86G",
        "rating": "4.4",
        "totalReviews": "427",
        "subtitle": "",
        "isPrimeEligible": "1"
    },
    {
        "ASIN": "B0C9RXV1VY",
        "title": "Shiseido Benefiance Wrinkle Smoothing Eye Cream - 15 mL - Visibly Improves Five Types of Eye Wrinkles, Dark Circles & Puffiness - 48-HR Hydration - All Skin Types - Non-Comedogenic",
        "price": "$65.00 ($127.45 / Ounce)",
        "listPrice": "",
        "imageUrl": "https://m.media-amazon.com/images/I/31STIvt261L._SL160_.jpg",
        "detailPageURL": "https://www.amazon.com/dp/B0C9RXV1VY",
        "rating": "4.1",
        "totalReviews": "29",
        "subtitle": "",
        "isPrimeEligible": "1"
    },
    {
        "ASIN": "B004P2LL2K",
        "title": "Peter Thomas Roth | Instant FIRMx Temporary Eye Tightener | Firm and Smooth the Look of Fine Lines, 1 oz (Pack of 1",
        "price": "$28.50",
        "listPrice": "$38.00",
        "imageUrl": "https://m.media-amazon.com/images/I/311i2J-xBYL._SL160_.jpg",
        "detailPageURL": "https://www.amazon.com/dp/B004P2LL2K",
        "rating": "3.8",
        "totalReviews": "11620",
        "subtitle": "",
        "isPrimeEligible": "1"
    },
    {
        "ASIN": "B0BMP8TBVV",
        "title": "Kiehl's Powerful-Strength Dark Circle Reducing Vitamin C Eye Serum, 0.5 Ounce, 42 grams",
        "price": "$29.99 ($59.98 / Ounce)",
        "listPrice": "",
        "imageUrl": "https://m.media-amazon.com/images/I/41kxkzHQWSL._SL160_.jpg",
        "detailPageURL": "https://www.amazon.com/dp/B0BMP8TBVV",
        "rating": "4.1",
        "totalReviews": "55",
        "subtitle": "Kiehl's",
        "isPrimeEligible": "1"
    },
    {
        "ASIN": "B07W32YTPH",
        "title": "Physicians Formula Ros\u00e9 All Day To Night Eye Cream, Dark Circles, Puffiness, Bags Under Eyes, Wrinkles | Dermatologist Tested, Clinicially Tested",
        "price": "$13.07 ($26.14 / Ounce)",
        "listPrice": "$17.49 ($34.98 / Ounce)",
        "imageUrl": "https://m.media-amazon.com/images/I/31KjR82XSoL._SL160_.jpg",
        "detailPageURL": "https://www.amazon.com/dp/B07W32YTPH",
        "rating": "4.6",
        "totalReviews": "169",
        "subtitle": "Physicians Formula",
        "isPrimeEligible": "1"
    },
    {
        "ASIN": "B07TGM39FP",
        "title": "Burt's Bees Eye Cream, Retinol Alternative Moisturizer, Anti-Aging, Renewal Firming Face Care, 0.5 Ounce (Packaging May Vary)",
        "price": "$17.06 ($34.12 / Ounce)",
        "listPrice": "$19.99 ($39.98 / Ounce)",
        "imageUrl": "https://m.media-amazon.com/images/I/31jkDYaaiEL._SL160_.jpg",
        "detailPageURL": "https://www.amazon.com/dp/B07TGM39FP",
        "rating": "4.4",
        "totalReviews": "2122",
        "subtitle": "Burt's Bees",
        "isPrimeEligible": "1"
    },
    {
        "ASIN": "B07MM625RD",
        "title": "L'Oreal Paris Age Perfect Rosy Tone Anti-Aging Eye Cream, Treat and Visibily Color Correct Dark Circles, .5 oz",
        "price": "$13.25 ($26.50 / Ounce)",
        "listPrice": "$24.99 ($49.98 / Ounce)",
        "imageUrl": "https://m.media-amazon.com/images/I/41bD+Oe3DDL._SL160_.jpg",
        "detailPageURL": "https://www.amazon.com/dp/B07MM625RD",
        "rating": "4.2",
        "totalReviews": "2718",
        "subtitle": "L\u2019Or\u00e9al Paris",
        "isPrimeEligible": "1"
    },
    {
        "ASIN": "B096BNNBTR",
        "title": "CUTESKINS Eye Care Cream - Tripeptide Complex - Vitamin E -Green Tea -Anti Aging - Day & Night Eye Care to Reduce Wrinkles & Fine Lines 1.7",
        "price": "$7.99 ($4.70 / Ounce)",
        "listPrice": "",
        "imageUrl": "https://m.media-amazon.com/images/I/4114-G2CJdS._SL160_.jpg",
        "detailPageURL": "https://www.amazon.com/dp/B096BNNBTR",
        "rating": "4.6",
        "totalReviews": "29",
        "subtitle": "CUTESKINS",
        "isPrimeEligible": "1"
    },
    {
        "ASIN": "B07FTH5ZPV",
        "title": "philosophy purity made simple - eye cream, 0.5 oz (Pack of 1)",
        "price": "$25.00 ($50.00 / Fl Oz)",
        "listPrice": "",
        "imageUrl": "https://m.media-amazon.com/images/I/31eITjiBdYL._SL160_.jpg",
        "detailPageURL": "https://www.amazon.com/dp/B07FTH5ZPV",
        "rating": "4.5",
        "totalReviews": "518",
        "subtitle": "",
        "isPrimeEligible": "1"
    },
    {
        "ASIN": "B09QH7C86G",
        "title": "IT Cosmetics Confidence in an Eye Cream, Anti Aging Eye Cream for Dark Circles, Crow's Feet, Lack of Firmness & Dryness, 48HR Hydration with 2% Super Peptide Concentrate, for Day + Night - 0.5 fl oz",
        "price": "$47.50 ($95.00 / Fl Oz)",
        "listPrice": "",
        "imageUrl": "https://m.media-amazon.com/images/I/314pncAtmiL._SL160_.jpg",
        "detailPageURL": "https://www.amazon.com/dp/B09QH7C86G",
        "rating": "4.4",
        "totalReviews": "427",
        "subtitle": "",
        "isPrimeEligible": "1"
    },
    {
        "ASIN": "B0C9RXV1VY",
        "title": "Shiseido Benefiance Wrinkle Smoothing Eye Cream - 15 mL - Visibly Improves Five Types of Eye Wrinkles, Dark Circles & Puffiness - 48-HR Hydration - All Skin Types - Non-Comedogenic",
        "price": "$65.00 ($127.45 / Ounce)",
        "listPrice": "",
        "imageUrl": "https://m.media-amazon.com/images/I/31STIvt261L._SL160_.jpg",
        "detailPageURL": "https://www.amazon.com/dp/B0C9RXV1VY",
        "rating": "4.1",
        "totalReviews": "29",
        "subtitle": "",
        "isPrimeEligible": "1"
    },
    {
        "ASIN": "B004P2LL2K",
        "title": "Peter Thomas Roth | Instant FIRMx Temporary Eye Tightener | Firm and Smooth the Look of Fine Lines, 1 oz (Pack of 1",
        "price": "$28.50",
        "listPrice": "$38.00",
        "imageUrl": "https://m.media-amazon.com/images/I/311i2J-xBYL._SL160_.jpg",
        "detailPageURL": "https://www.amazon.com/dp/B004P2LL2K",
        "rating": "3.8",
        "totalReviews": "11620",
        "subtitle": "",
        "isPrimeEligible": "1"
    },
    {
        "ASIN": "B0BMP8TBVV",
        "title": "Kiehl's Powerful-Strength Dark Circle Reducing Vitamin C Eye Serum, 0.5 Ounce, 42 grams",
        "price": "$29.99 ($59.98 / Ounce)",
        "listPrice": "",
        "imageUrl": "https://m.media-amazon.com/images/I/41kxkzHQWSL._SL160_.jpg",
        "detailPageURL": "https://www.amazon.com/dp/B0BMP8TBVV",
        "rating": "4.1",
        "totalReviews": "55",
        "subtitle": "Kiehl's",
        "isPrimeEligible": "1"
    },
    {
        "ASIN": "B07W32YTPH",
        "title": "Physicians Formula Ros\u00e9 All Day To Night Eye Cream, Dark Circles, Puffiness, Bags Under Eyes, Wrinkles | Dermatologist Tested, Clinicially Tested",
        "price": "$13.07 ($26.14 / Ounce)",
        "listPrice": "$17.49 ($34.98 / Ounce)",
        "imageUrl": "https://m.media-amazon.com/images/I/31KjR82XSoL._SL160_.jpg",
        "detailPageURL": "https://www.amazon.com/dp/B07W32YTPH",
        "rating": "4.6",
        "totalReviews": "169",
        "subtitle": "Physicians Formula",
        "isPrimeEligible": "1"
    },
    {
        "ASIN": "B07TGM39FP",
        "title": "Burt's Bees Eye Cream, Retinol Alternative Moisturizer, Anti-Aging, Renewal Firming Face Care, 0.5 Ounce (Packaging May Vary)",
        "price": "$17.06 ($34.12 / Ounce)",
        "listPrice": "$19.99 ($39.98 / Ounce)",
        "imageUrl": "https://m.media-amazon.com/images/I/31jkDYaaiEL._SL160_.jpg",
        "detailPageURL": "https://www.amazon.com/dp/B07TGM39FP",
        "rating": "4.4",
        "totalReviews": "2122",
        "subtitle": "Burt's Bees",
        "isPrimeEligible": "1"
    },
    {
        "ASIN": "B00XAJI1AE",
        "title": "DERMA-E Stem Cell Lifting Eye Treatment \u2013 Multi Action Firming and Tightening Under Eye and Upper Eyelid Cream - Hydrating and Revitalizing Moisturizer, 0.5oz",
        "price": "$16.84",
        "listPrice": "$24.95",
        "imageUrl": "https://m.media-amazon.com/images/I/4146M-Y+USL._SL160_.jpg",
        "detailPageURL": "https://www.amazon.com/dp/B00XAJI1AE",
        "rating": "4.0",
        "totalReviews": "2374",
        "subtitle": "",
        "isPrimeEligible": "1"
    },
    {
        "ASIN": "B096BNNBTR",
        "title": "CUTESKINS Eye Care Cream - Tripeptide Complex - Vitamin E -Green Tea -Anti Aging - Day & Night Eye Care to Reduce Wrinkles & Fine Lines 1.7",
        "price": "$7.99 ($4.70 / Ounce)",
        "listPrice": "",
        "imageUrl": "https://m.media-amazon.com/images/I/4114-G2CJdS._SL160_.jpg",
        "detailPageURL": "https://www.amazon.com/dp/B096BNNBTR",
        "rating": "4.6",
        "totalReviews": "29",
        "subtitle": "CUTESKINS",
        "isPrimeEligible": "1"
    },
    {
        "ASIN": "B07FTH5ZPV",
        "title": "philosophy purity made simple - eye cream, 0.5 oz (Pack of 1)",
        "price": "$25.00 ($50.00 / Fl Oz)",
        "listPrice": "",
        "imageUrl": "https://m.media-amazon.com/images/I/31eITjiBdYL._SL160_.jpg",
        "detailPageURL": "https://www.amazon.com/dp/B07FTH5ZPV",
        "rating": "4.5",
        "totalReviews": "518",
        "subtitle": "",
        "isPrimeEligible": "1"
    },
    {
        "ASIN": "B09QH7C86G",
        "title": "IT Cosmetics Confidence in an Eye Cream, Anti Aging Eye Cream for Dark Circles, Crow's Feet, Lack of Firmness & Dryness, 48HR Hydration with 2% Super Peptide Concentrate, for Day + Night - 0.5 fl oz",
        "price": "$47.50 ($95.00 / Fl Oz)",
        "listPrice": "",
        "imageUrl": "https://m.media-amazon.com/images/I/314pncAtmiL._SL160_.jpg",
        "detailPageURL": "https://www.amazon.com/dp/B09QH7C86G",
        "rating": "4.4",
        "totalReviews": "427",
        "subtitle": "",
        "isPrimeEligible": "1"
    },
    {
        "ASIN": "B0C9RXV1VY",
        "title": "Shiseido Benefiance Wrinkle Smoothing Eye Cream - 15 mL - Visibly Improves Five Types of Eye Wrinkles, Dark Circles & Puffiness - 48-HR Hydration - All Skin Types - Non-Comedogenic",
        "price": "$65.00 ($127.45 / Ounce)",
        "listPrice": "",
        "imageUrl": "https://m.media-amazon.com/images/I/31STIvt261L._SL160_.jpg",
        "detailPageURL": "https://www.amazon.com/dp/B0C9RXV1VY",
        "rating": "4.1",
        "totalReviews": "29",
        "subtitle": "",
        "isPrimeEligible": "1"
    },
    {
        "ASIN": "B004P2LL2K",
        "title": "Peter Thomas Roth | Instant FIRMx Temporary Eye Tightener | Firm and Smooth the Look of Fine Lines, 1 oz (Pack of 1",
        "price": "$28.50",
        "listPrice": "$38.00",
        "imageUrl": "https://m.media-amazon.com/images/I/311i2J-xBYL._SL160_.jpg",
        "detailPageURL": "https://www.amazon.com/dp/B004P2LL2K",
        "rating": "3.8",
        "totalReviews": "11620",
        "subtitle": "",
        "isPrimeEligible": "1"
    },
    {
        "ASIN": "B0BMP8TBVV",
        "title": "Kiehl's Powerful-Strength Dark Circle Reducing Vitamin C Eye Serum, 0.5 Ounce, 42 grams",
        "price": "$29.99 ($59.98 / Ounce)",
        "listPrice": "",
        "imageUrl": "https://m.media-amazon.com/images/I/41kxkzHQWSL._SL160_.jpg",
        "detailPageURL": "https://www.amazon.com/dp/B0BMP8TBVV",
        "rating": "4.1",
        "totalReviews": "55",
        "subtitle": "Kiehl's",
        "isPrimeEligible": "1"
    },
    {
        "ASIN": "B07W32YTPH",
        "title": "Physicians Formula Ros\u00e9 All Day To Night Eye Cream, Dark Circles, Puffiness, Bags Under Eyes, Wrinkles | Dermatologist Tested, Clinicially Tested",
        "price": "$13.07 ($26.14 / Ounce)",
        "listPrice": "$17.49 ($34.98 / Ounce)",
        "imageUrl": "https://m.media-amazon.com/images/I/31KjR82XSoL._SL160_.jpg",
        "detailPageURL": "https://www.amazon.com/dp/B07W32YTPH",
        "rating": "4.6",
        "totalReviews": "169",
        "subtitle": "Physicians Formula",
        "isPrimeEligible": "1"
    },
    {
        "ASIN": "B07TGM39FP",
        "title": "Burt's Bees Eye Cream, Retinol Alternative Moisturizer, Anti-Aging, Renewal Firming Face Care, 0.5 Ounce (Packaging May Vary)",
        "price": "$17.06 ($34.12 / Ounce)",
        "listPrice": "$19.99 ($39.98 / Ounce)",
        "imageUrl": "https://m.media-amazon.com/images/I/31jkDYaaiEL._SL160_.jpg",
        "detailPageURL": "https://www.amazon.com/dp/B07TGM39FP",
        "rating": "4.4",
        "totalReviews": "2122",
        "subtitle": "Burt's Bees",
        "isPrimeEligible": "1"
    },
    {
        "ASIN": "B00XAJI1AE",
        "title": "DERMA-E Stem Cell Lifting Eye Treatment \u2013 Multi Action Firming and Tightening Under Eye and Upper Eyelid Cream - Hydrating and Revitalizing Moisturizer, 0.5oz",
        "price": "$16.84",
        "listPrice": "$24.95",
        "imageUrl": "https://m.media-amazon.com/images/I/4146M-Y+USL._SL160_.jpg",
        "detailPageURL": "https://www.amazon.com/dp/B00XAJI1AE",
        "rating": "4.0",
        "totalReviews": "2374",
        "subtitle": "",
        "isPrimeEligible": "1"
    },
    {
        "ASIN": "B00C0Q13XU",
        "title": "Eminence Wild Plum Eye Cream 1.05 oz (30 ml)",
        "price": "$52.99 ($48.17 / Ounce)",
        "listPrice": "",
        "imageUrl": "https://m.media-amazon.com/images/I/41X2J2w0x9L._SL160_.jpg",
        "detailPageURL": "https://www.amazon.com/dp/B00C0Q13XU",
        "rating": "4.9",
        "totalReviews": "33",
        "subtitle": "Eminence",
        "isPrimeEligible": "1"
    },
    {
        "ASIN": "B07FTH5ZPV",
        "title": "philosophy purity made simple - eye cream, 0.5 oz (Pack of 1)",
        "price": "$25.00 ($50.00 / Fl Oz)",
        "listPrice": "",
        "imageUrl": "https://m.media-amazon.com/images/I/31eITjiBdYL._SL160_.jpg",
        "detailPageURL": "https://www.amazon.com/dp/B07FTH5ZPV",
        "rating": "4.5",
        "totalReviews": "518",
        "subtitle": "",
        "isPrimeEligible": "1"
    },
    {
        "ASIN": "B09QH7C86G",
        "title": "IT Cosmetics Confidence in an Eye Cream, Anti Aging Eye Cream for Dark Circles, Crow's Feet, Lack of Firmness & Dryness, 48HR Hydration with 2% Super Peptide Concentrate, for Day + Night - 0.5 fl oz",
        "price": "$47.50 ($95.00 / Fl Oz)",
        "listPrice": "",
        "imageUrl": "https://m.media-amazon.com/images/I/314pncAtmiL._SL160_.jpg",
        "detailPageURL": "https://www.amazon.com/dp/B09QH7C86G",
        "rating": "4.4",
        "totalReviews": "427",
        "subtitle": "",
        "isPrimeEligible": "1"
    },
    {
        "ASIN": "B0C9RXV1VY",
        "title": "Shiseido Benefiance Wrinkle Smoothing Eye Cream - 15 mL - Visibly Improves Five Types of Eye Wrinkles, Dark Circles & Puffiness - 48-HR Hydration - All Skin Types - Non-Comedogenic",
        "price": "$65.00 ($127.45 / Ounce)",
        "listPrice": "",
        "imageUrl": "https://m.media-amazon.com/images/I/31STIvt261L._SL160_.jpg",
        "detailPageURL": "https://www.amazon.com/dp/B0C9RXV1VY",
        "rating": "4.1",
        "totalReviews": "29",
        "subtitle": "",
        "isPrimeEligible": "1"
    },
    {
        "ASIN": "B004P2LL2K",
        "title": "Peter Thomas Roth | Instant FIRMx Temporary Eye Tightener | Firm and Smooth the Look of Fine Lines, 1 oz (Pack of 1",
        "price": "$28.50",
        "listPrice": "$38.00",
        "imageUrl": "https://m.media-amazon.com/images/I/311i2J-xBYL._SL160_.jpg",
        "detailPageURL": "https://www.amazon.com/dp/B004P2LL2K",
        "rating": "3.8",
        "totalReviews": "11620",
        "subtitle": "",
        "isPrimeEligible": "1"
    },
    {
        "ASIN": "B0BMP8TBVV",
        "title": "Kiehl's Powerful-Strength Dark Circle Reducing Vitamin C Eye Serum, 0.5 Ounce, 42 grams",
        "price": "$29.99 ($59.98 / Ounce)",
        "listPrice": "",
        "imageUrl": "https://m.media-amazon.com/images/I/41kxkzHQWSL._SL160_.jpg",
        "detailPageURL": "https://www.amazon.com/dp/B0BMP8TBVV",
        "rating": "4.1",
        "totalReviews": "55",
        "subtitle": "Kiehl's",
        "isPrimeEligible": "1"
    },
    {
        "ASIN": "B07W32YTPH",
        "title": "Physicians Formula Ros\u00e9 All Day To Night Eye Cream, Dark Circles, Puffiness, Bags Under Eyes, Wrinkles | Dermatologist Tested, Clinicially Tested",
        "price": "$13.07 ($26.14 / Ounce)",
        "listPrice": "$17.49 ($34.98 / Ounce)",
        "imageUrl": "https://m.media-amazon.com/images/I/31KjR82XSoL._SL160_.jpg",
        "detailPageURL": "https://www.amazon.com/dp/B07W32YTPH",
        "rating": "4.6",
        "totalReviews": "169",
        "subtitle": "Physicians Formula",
        "isPrimeEligible": "1"
    },
    {
        "ASIN": "B07TGM39FP",
        "title": "Burt's Bees Eye Cream, Retinol Alternative Moisturizer, Anti-Aging, Renewal Firming Face Care, 0.5 Ounce (Packaging May Vary)",
        "price": "$17.06 ($34.12 / Ounce)",
        "listPrice": "$19.99 ($39.98 / Ounce)",
        "imageUrl": "https://m.media-amazon.com/images/I/31jkDYaaiEL._SL160_.jpg",
        "detailPageURL": "https://www.amazon.com/dp/B07TGM39FP",
        "rating": "4.4",
        "totalReviews": "2122",
        "subtitle": "Burt's Bees",
        "isPrimeEligible": "1"
    },
    {
        "ASIN": "B00XAJI1AE",
        "title": "DERMA-E Stem Cell Lifting Eye Treatment \u2013 Multi Action Firming and Tightening Under Eye and Upper Eyelid Cream - Hydrating and Revitalizing Moisturizer, 0.5oz",
        "price": "$16.84",
        "listPrice": "$24.95",
        "imageUrl": "https://m.media-amazon.com/images/I/4146M-Y+USL._SL160_.jpg",
        "detailPageURL": "https://www.amazon.com/dp/B00XAJI1AE",
        "rating": "4.0",
        "totalReviews": "2374",
        "subtitle": "",
        "isPrimeEligible": "1"
    },
    {
        "ASIN": "B00C0Q13XU",
        "title": "Eminence Wild Plum Eye Cream 1.05 oz (30 ml)",
        "price": "$52.99 ($48.17 / Ounce)",
        "listPrice": "",
        "imageUrl": "https://m.media-amazon.com/images/I/41X2J2w0x9L._SL160_.jpg",
        "detailPageURL": "https://www.amazon.com/dp/B00C0Q13XU",
        "rating": "4.9",
        "totalReviews": "33",
        "subtitle": "Eminence",
        "isPrimeEligible": "1"
    },
    {
        "ASIN": "B07BQMN4QD",
        "title": "PURITO Centella Green Level Eye Cream /1fl.oz/Dark Circles/Around Eyes/Wrinkles/Puffiness that Reduces Eye Bags, Fine Lines",
        "price": "$11.91",
        "listPrice": "",
        "imageUrl": "https://m.media-amazon.com/images/I/31JFV1BFfgL._SL160_.jpg",
        "detailPageURL": "https://www.amazon.com/dp/B07BQMN4QD",
        "rating": "4.5",
        "totalReviews": "1020",
        "subtitle": "PURITO",
        "isPrimeEligible": "1"
    }
]