[
    {
        "ASIN": "B00M8G8WKY",
        "title": "St. Ives Blackhead Clearing Face Scrub Clears Blackheads & Unclogs Pores Green Tea & Bamboo With Oil-Free Salicylic Acid Acne Medication, Made with 100% Natural Exfoliants 6 oz",
        "price": "$4.97 ($0.83 / Ounce)",
        "listPrice": "",
        "imageUrl": "https://m.media-amazon.com/images/I/416BdliuNsL._SL160_.jpg",
        "detailPageURL": "https://www.amazon.com/dp/B00M8G8WKY",
        "rating": "4.6",
        "totalReviews": "16304",
        "subtitle": "St. Ives",
        "isPrimeEligible": "1"
    },
    {
        "ASIN": "B00DAGQV4K",
        "title": "Sheamoisture Exfoliating Facial Wash and Scrub for Blemish Prone Skin African Black Soap to Clarify Skin 4 oz",
        "price": "$8.99 ($2.25 / Fl Oz)",
        "listPrice": "$10.99 ($2.75 / Fl Oz)",
        "imageUrl": "https://m.media-amazon.com/images/I/412Q3yTGPeL._SL160_.jpg",
        "detailPageURL": "https://www.amazon.com/dp/B00DAGQV4K",
        "rating": "4.5",
        "totalReviews": "4480",
        "subtitle": "SheaMoisture",
        "isPrimeEligible": "1"
    },
    {
        "ASIN": "B07L1DVWT9",
        "title": "Palmer's Coconut Oil Formula Coconut Sugar Facial Scrub Exfoliator, Face Scrub to Gently Exfoliate Away Dirt and Dead Skin Cells with Chamomile to Soften & Calm, 3.17 Ounces (Pack of 1)",
        "price": "$8.99 ($2.84 / Ounce)",
        "listPrice": "$9.88 ($3.12 / Ounce)",
        "imageUrl": "https://m.media-amazon.com/images/I/41mAehFjeXL._SL160_.jpg",
        "detailPageURL": "https://www.amazon.com/dp/B07L1DVWT9",
        "rating": "4.6",
        "totalReviews": "18693",
        "subtitle": "Palmer's",
        "isPrimeEligible": "1"
    },
    {
        "ASIN": "B07SY2XJZ3",
        "title": "Amazon Basics Apricot Scrub Facial Cleanser, 6 Ounce (Previously Solimo)",
        "price": "$3.12 ($0.52 / Ounce)",
        "listPrice": "",
        "imageUrl": "https://m.media-amazon.com/images/I/31zGlgXuvYL._SL160_.jpg",
        "detailPageURL": "https://www.amazon.com/dp/B07SY2XJZ3",
        "rating": "4.4",
        "totalReviews": "6696",
        "subtitle": "Amazon Basics",
        "isPrimeEligible": "1"
    },
    {
        "ASIN": "B00TUPLLP4",
        "title": "St. Ives Fresh Skin Invigorating Apricot Scrub 6 Oz (2 Pack) by St. Ives",
        "price": "$9.99 ($0.83 / Ounce)",
        "listPrice": "$11.00 ($0.92 / Ounce)",
        "imageUrl": "https://m.media-amazon.com/images/I/41vl71lxPyL._SL160_.jpg",
        "detailPageURL": "https://www.amazon.com/dp/B00TUPLLP4",
        "rating": "4.7",
        "totalReviews": "1498",
        "subtitle": "",
        "isPrimeEligible": "1"
    },
    {
        "ASIN": "B0B2W4NZ2Y",
        "title": "Vitamin C and Turmeric Face Scrub Cream Organics Microdermabrasion Facial Scrub Exfoliating Clears Blackheads Improve Dark Spot Acne with Strawberry Extract Exfoliator",
        "price": "$11.99 ($2.83 / Ounce)",
        "listPrice": "$14.99 ($3.54 / Ounce)",
        "imageUrl": "https://m.media-amazon.com/images/I/41tSVQpWbPL._SL160_.jpg",
        "detailPageURL": "https://www.amazon.com/dp/B0B2W4NZ2Y",
        "rating": "4.3",
        "totalReviews": "1411",
        "subtitle": "POP MODERN.C",
        "isPrimeEligible": "1"
    },
    {
        "ASIN": "B00GTC1HG4",
        "title": "St. Ives Radiant Skin Face Scrub For Dull Skin Pink Lemon and Mandarin Orange Dermatologist-Tested Face Wash Scrub With 100 percent Natural Exfoliants 6 oz",
        "price": "$5.16 ($0.86 / Ounce)",
        "listPrice": "",
        "imageUrl": "https://m.media-amazon.com/images/I/41ZuRDWihGL._SL160_.jpg",
        "detailPageURL": "https://www.amazon.com/dp/B00GTC1HG4",
        "rating": "4.4",
        "totalReviews": "9637",
        "subtitle": "St. Ives",
        "isPrimeEligible": "1"
    },
    {
        "ASIN": "B08PF9GG23",
        "title": "St. Ives Gentle Smoothing Face Scrub Our Gentlest Scrub Yet Rose Water & Aloe Vera Made with 100% Natural Exfoliants, Paraben Free, Oil-Free, Dermatologist Tested 6 oz 6 Count",
        "price": "$24.76 ($0.69 / Ounce)",
        "listPrice": "$29.94 ($0.83 / Ounce)",
        "imageUrl": "https://m.media-amazon.com/images/I/51HZfYO1xAL._SL160_.jpg",
        "detailPageURL": "https://www.amazon.com/dp/B08PF9GG23",
        "rating": "4.7",
        "totalReviews": "720",
        "subtitle": "St. Ives",
        "isPrimeEligible": "1"
    },
    {
        "ASIN": "B07H9DNGP8",
        "title": "Aveeno Positively Radiant Brightening Daily Scrub, 7 Ounce",
        "price": "$8.73 ($1.25 / Fl Oz)",
        "listPrice": "$12.89 ($1.84 / Fl Oz)",
        "imageUrl": "https://m.media-amazon.com/images/I/31yazu9IYoL._SL160_.jpg",
        "detailPageURL": "https://www.amazon.com/dp/B07H9DNGP8",
        "rating": "4.7",
        "totalReviews": "2104",
        "subtitle": "Aveeno",
        "isPrimeEligible": "1"
    },
    {
        "ASIN": "B00ESQUPEI",
        "title": "155+ Scrub Recipes. Lip Scrub - Hand Scrub - Foot Scrub - Face Scrub - Body Scrub - Salt Scrub - Sugar Scrub (Homemade Body and Bath Recipes Book 2)",
        "price": "$2.99",
        "listPrice": "",
        "imageUrl": "https://m.media-amazon.com/images/I/51XDcgQwlOL._SL160_.jpg",
        "detailPageURL": "https://www.amazon.com/dp/B00ESQUPEI",
        "rating": "4.4",
        "totalReviews": "38",
        "subtitle": "",
        "isPrimeEligible": "0"
    },
    {
        "ASIN": "B00DAGQV4K",
        "title": "Sheamoisture Exfoliating Facial Wash and Scrub for Blemish Prone Skin African Black Soap to Clarify Skin 4 oz",
        "price": "$8.99 ($2.25 / Fl Oz)",
        "listPrice": "$10.99 ($2.75 / Fl Oz)",
        "imageUrl": "https://m.media-amazon.com/images/I/412Q3yTGPeL._SL160_.jpg",
        "detailPageURL": "https://www.amazon.com/dp/B00DAGQV4K",
        "rating": "4.5",
        "totalReviews": "4480",
        "subtitle": "SheaMoisture",
        "isPrimeEligible": "1"
    },
    {
        "ASIN": "B07L1DVWT9",
        "title": "Palmer's Coconut Oil Formula Coconut Sugar Facial Scrub Exfoliator, Face Scrub to Gently Exfoliate Away Dirt and Dead Skin Cells with Chamomile to Soften & Calm, 3.17 Ounces (Pack of 1)",
        "price": "$8.99 ($2.84 / Ounce)",
        "listPrice": "$9.88 ($3.12 / Ounce)",
        "imageUrl": "https://m.media-amazon.com/images/I/41mAehFjeXL._SL160_.jpg",
        "detailPageURL": "https://www.amazon.com/dp/B07L1DVWT9",
        "rating": "4.6",
        "totalReviews": "18693",
        "subtitle": "Palmer's",
        "isPrimeEligible": "1"
    },
    {
        "ASIN": "B07SY2XJZ3",
        "title": "Amazon Basics Apricot Scrub Facial Cleanser, 6 Ounce (Previously Solimo)",
        "price": "$3.12 ($0.52 / Ounce)",
        "listPrice": "",
        "imageUrl": "https://m.media-amazon.com/images/I/31zGlgXuvYL._SL160_.jpg",
        "detailPageURL": "https://www.amazon.com/dp/B07SY2XJZ3",
        "rating": "4.4",
        "totalReviews": "6696",
        "subtitle": "Amazon Basics",
        "isPrimeEligible": "1"
    },
    {
        "ASIN": "B00TUPLLP4",
        "title": "St. Ives Fresh Skin Invigorating Apricot Scrub 6 Oz (2 Pack) by St. Ives",
        "price": "$9.99 ($0.83 / Ounce)",
        "listPrice": "$11.00 ($0.92 / Ounce)",
        "imageUrl": "https://m.media-amazon.com/images/I/41vl71lxPyL._SL160_.jpg",
        "detailPageURL": "https://www.amazon.com/dp/B00TUPLLP4",
        "rating": "4.7",
        "totalReviews": "1498",
        "subtitle": "",
        "isPrimeEligible": "1"
    },
    {
        "ASIN": "B0B2W4NZ2Y",
        "title": "Vitamin C and Turmeric Face Scrub Cream Organics Microdermabrasion Facial Scrub Exfoliating Clears Blackheads Improve Dark Spot Acne with Strawberry Extract Exfoliator",
        "price": "$11.99 ($2.83 / Ounce)",
        "listPrice": "$14.99 ($3.54 / Ounce)",
        "imageUrl": "https://m.media-amazon.com/images/I/41tSVQpWbPL._SL160_.jpg",
        "detailPageURL": "https://www.amazon.com/dp/B0B2W4NZ2Y",
        "rating": "4.3",
        "totalReviews": "1411",
        "subtitle": "POP MODERN.C",
        "isPrimeEligible": "1"
    },
    {
        "ASIN": "B00GTC1HG4",
        "title": "St. Ives Radiant Skin Face Scrub For Dull Skin Pink Lemon and Mandarin Orange Dermatologist-Tested Face Wash Scrub With 100 percent Natural Exfoliants 6 oz",
        "price": "$5.16 ($0.86 / Ounce)",
        "listPrice": "",
        "imageUrl": "https://m.media-amazon.com/images/I/41ZuRDWihGL._SL160_.jpg",
        "detailPageURL": "https://www.amazon.com/dp/B00GTC1HG4",
        "rating": "4.4",
        "totalReviews": "9637",
        "subtitle": "St. Ives",
        "isPrimeEligible": "1"
    },
    {
        "ASIN": "B08PF9GG23",
        "title": "St. Ives Gentle Smoothing Face Scrub Our Gentlest Scrub Yet Rose Water & Aloe Vera Made with 100% Natural Exfoliants, Paraben Free, Oil-Free, Dermatologist Tested 6 oz 6 Count",
        "price": "$24.76 ($0.69 / Ounce)",
        "listPrice": "$29.94 ($0.83 / Ounce)",
        "imageUrl": "https://m.media-amazon.com/images/I/51HZfYO1xAL._SL160_.jpg",
        "detailPageURL": "https://www.amazon.com/dp/B08PF9GG23",
        "rating": "4.7",
        "totalReviews": "720",
        "subtitle": "St. Ives",
        "isPrimeEligible": "1"
    },
    {
        "ASIN": "B07H9DNGP8",
        "title": "Aveeno Positively Radiant Brightening Daily Scrub, 7 Ounce",
        "price": "$8.73 ($1.25 / Fl Oz)",
        "listPrice": "$12.89 ($1.84 / Fl Oz)",
        "imageUrl": "https://m.media-amazon.com/images/I/31yazu9IYoL._SL160_.jpg",
        "detailPageURL": "https://www.amazon.com/dp/B07H9DNGP8",
        "rating": "4.7",
        "totalReviews": "2104",
        "subtitle": "Aveeno",
        "isPrimeEligible": "1"
    },
    {
        "ASIN": "B00ESQUPEI",
        "title": "155+ Scrub Recipes. Lip Scrub - Hand Scrub - Foot Scrub - Face Scrub - Body Scrub - Salt Scrub - Sugar Scrub (Homemade Body and Bath Recipes Book 2)",
        "price": "$2.99",
        "listPrice": "",
        "imageUrl": "https://m.media-amazon.com/images/I/51XDcgQwlOL._SL160_.jpg",
        "detailPageURL": "https://www.amazon.com/dp/B00ESQUPEI",
        "rating": "4.4",
        "totalReviews": "38",
        "subtitle": "",
        "isPrimeEligible": "0"
    },
    {
        "ASIN": "B08661Y65N",
        "title": "Scotch Porter Exfoliating Face Scrub for Men | Facial Cleanser Unclogs Pores & Evens Out Skin Tone | Formulated with Non-Toxic Ingredients, Free of Parabens, Sulfates & Silicones | Vegan | 4oz Bottle",
        "price": "$10.99 ($2.75 / Fl Oz)",
        "listPrice": "",
        "imageUrl": "https://m.media-amazon.com/images/I/41oeqT0EaRL._SL160_.jpg",
        "detailPageURL": "https://www.amazon.com/dp/B08661Y65N",
        "rating": "4.4",
        "totalReviews": "588",
        "subtitle": "Scotch Porter",
        "isPrimeEligible": "1"
    },
    {
        "ASIN": "B07L1DVWT9",
        "title": "Palmer's Coconut Oil Formula Coconut Sugar Facial Scrub Exfoliator, Face Scrub to Gently Exfoliate Away Dirt and Dead Skin Cells with Chamomile to Soften & Calm, 3.17 Ounces (Pack of 1)",
        "price": "$8.99 ($2.84 / Ounce)",
        "listPrice": "$9.88 ($3.12 / Ounce)",
        "imageUrl": "https://m.media-amazon.com/images/I/41mAehFjeXL._SL160_.jpg",
        "detailPageURL": "https://www.amazon.com/dp/B07L1DVWT9",
        "rating": "4.6",
        "totalReviews": "18693",
        "subtitle": "Palmer's",
        "isPrimeEligible": "1"
    },
    {
        "ASIN": "B07SY2XJZ3",
        "title": "Amazon Basics Apricot Scrub Facial Cleanser, 6 Ounce (Previously Solimo)",
        "price": "$3.12 ($0.52 / Ounce)",
        "listPrice": "",
        "imageUrl": "https://m.media-amazon.com/images/I/31zGlgXuvYL._SL160_.jpg",
        "detailPageURL": "https://www.amazon.com/dp/B07SY2XJZ3",
        "rating": "4.4",
        "totalReviews": "6696",
        "subtitle": "Amazon Basics",
        "isPrimeEligible": "1"
    },
    {
        "ASIN": "B00TUPLLP4",
        "title": "St. Ives Fresh Skin Invigorating Apricot Scrub 6 Oz (2 Pack) by St. Ives",
        "price": "$9.99 ($0.83 / Ounce)",
        "listPrice": "$11.00 ($0.92 / Ounce)",
        "imageUrl": "https://m.media-amazon.com/images/I/41vl71lxPyL._SL160_.jpg",
        "detailPageURL": "https://www.amazon.com/dp/B00TUPLLP4",
        "rating": "4.7",
        "totalReviews": "1498",
        "subtitle": "",
        "isPrimeEligible": "1"
    },
    {
        "ASIN": "B0B2W4NZ2Y",
        "title": "Vitamin C and Turmeric Face Scrub Cream Organics Microdermabrasion Facial Scrub Exfoliating Clears Blackheads Improve Dark Spot Acne with Strawberry Extract Exfoliator",
        "price": "$11.99 ($2.83 / Ounce)",
        "listPrice": "$14.99 ($3.54 / Ounce)",
        "imageUrl": "https://m.media-amazon.com/images/I/41tSVQpWbPL._SL160_.jpg",
        "detailPageURL": "https://www.amazon.com/dp/B0B2W4NZ2Y",
        "rating": "4.3",
        "totalReviews": "1411",
        "subtitle": "POP MODERN.C",
        "isPrimeEligible": "1"
    },
    {
        "ASIN": "B00GTC1HG4",
        "title": "St. Ives Radiant Skin Face Scrub For Dull Skin Pink Lemon and Mandarin Orange Dermatologist-Tested Face Wash Scrub With 100 percent Natural Exfoliants 6 oz",
        "price": "$5.16 ($0.86 / Ounce)",
        "listPrice": "",
        "imageUrl": "https://m.media-amazon.com/images/I/41ZuRDWihGL._SL160_.jpg",
        "detailPageURL": "https://www.amazon.com/dp/B00GTC1HG4",
        "rating": "4.4",
        "totalReviews": "9637",
        "subtitle": "St. Ives",
        "isPrimeEligible": "1"
    },
    {
        "ASIN": "B08PF9GG23",
        "title": "St. Ives Gentle Smoothing Face Scrub Our Gentlest Scrub Yet Rose Water & Aloe Vera Made with 100% Natural Exfoliants, Paraben Free, Oil-Free, Dermatologist Tested 6 oz 6 Count",
        "price": "$24.76 ($0.69 / Ounce)",
        "listPrice": "$29.94 ($0.83 / Ounce)",
        "imageUrl": "https://m.media-amazon.com/images/I/51HZfYO1xAL._SL160_.jpg",
        "detailPageURL": "https://www.amazon.com/dp/B08PF9GG23",
        "rating": "4.7",
        "totalReviews": "720",
        "subtitle": "St. Ives",
        "isPrimeEligible": "1"
    },
    {
        "ASIN": "B07H9DNGP8",
        "title": "Aveeno Positively Radiant Brightening Daily Scrub, 7 Ounce",
        "price": "$8.73 ($1.25 / Fl Oz)",
        "listPrice": "$12.89 ($1.84 / Fl Oz)",
        "imageUrl": "https://m.media-amazon.com/images/I/31yazu9IYoL._SL160_.jpg",
        "detailPageURL": "https://www.amazon.com/dp/B07H9DNGP8",
        "rating": "4.7",
        "totalReviews": "2104",
        "subtitle": "Aveeno",
        "isPrimeEligible": "1"
    },
    {
        "ASIN": "B00ESQUPEI",
        "title": "155+ Scrub Recipes. Lip Scrub - Hand Scrub - Foot Scrub - Face Scrub - Body Scrub - Salt Scrub - Sugar Scrub (Homemade Body and Bath Recipes Book 2)",
        "price": "$2.99",
        "listPrice": "",
        "imageUrl": "https://m.media-amazon.com/images/I/51XDcgQwlOL._SL160_.jpg",
        "detailPageURL": "https://www.amazon.com/dp/B00ESQUPEI",
        "rating": "4.4",
        "totalReviews": "38",
        "subtitle": "",
        "isPrimeEligible": "0"
    },
    {
        "ASIN": "B08661Y65N",
        "title": "Scotch Porter Exfoliating Face Scrub for Men | Facial Cleanser Unclogs Pores & Evens Out Skin Tone | Formulated with Non-Toxic Ingredients, Free of Parabens, Sulfates & Silicones | Vegan | 4oz Bottle",
        "price": "$10.99 ($2.75 / Fl Oz)",
        "listPrice": "",
        "imageUrl": "https://m.media-amazon.com/images/I/41oeqT0EaRL._SL160_.jpg",
        "detailPageURL": "https://www.amazon.com/dp/B08661Y65N",
        "rating": "4.4",
        "totalReviews": "588",
        "subtitle": "Scotch Porter",
        "isPrimeEligible": "1"
    },
    {
        "ASIN": "B076GP8Y6N",
        "title": "Minimo Glow Lemon Cake Turmeric Skin Brightening Face Scrub for Radiant Glowing Skin",
        "price": "$17.10 ($3.42 / Fl Oz)",
        "listPrice": "$31.95 ($6.39 / Fl Oz)",
        "imageUrl": "https://m.media-amazon.com/images/I/41oGPfZaf7L._SL160_.jpg",
        "detailPageURL": "https://www.amazon.com/dp/B076GP8Y6N",
        "rating": "4.4",
        "totalReviews": "4000",
        "subtitle": "Minimo Skin Essentials",
        "isPrimeEligible": "1"
    },
    {
        "ASIN": "B07SY2XJZ3",
        "title": "Amazon Basics Apricot Scrub Facial Cleanser, 6 Ounce (Previously Solimo)",
        "price": "$3.12 ($0.52 / Ounce)",
        "listPrice": "",
        "imageUrl": "https://m.media-amazon.com/images/I/31zGlgXuvYL._SL160_.jpg",
        "detailPageURL": "https://www.amazon.com/dp/B07SY2XJZ3",
        "rating": "4.4",
        "totalReviews": "6696",
        "subtitle": "Amazon Basics",
        "isPrimeEligible": "1"
    },
    {
        "ASIN": "B00TUPLLP4",
        "title": "St. Ives Fresh Skin Invigorating Apricot Scrub 6 Oz (2 Pack) by St. Ives",
        "price": "$9.99 ($0.83 / Ounce)",
        "listPrice": "$11.00 ($0.92 / Ounce)",
        "imageUrl": "https://m.media-amazon.com/images/I/41vl71lxPyL._SL160_.jpg",
        "detailPageURL": "https://www.amazon.com/dp/B00TUPLLP4",
        "rating": "4.7",
        "totalReviews": "1498",
        "subtitle": "",
        "isPrimeEligible": "1"
    },
    {
        "ASIN": "B0B2W4NZ2Y",
        "title": "Vitamin C and Turmeric Face Scrub Cream Organics Microdermabrasion Facial Scrub Exfoliating Clears Blackheads Improve Dark Spot Acne with Strawberry Extract Exfoliator",
        "price": "$11.99 ($2.83 / Ounce)",
        "listPrice": "$14.99 ($3.54 / Ounce)",
        "imageUrl": "https://m.media-amazon.com/images/I/41tSVQpWbPL._SL160_.jpg",
        "detailPageURL": "https://www.amazon.com/dp/B0B2W4NZ2Y",
        "rating": "4.3",
        "totalReviews": "1411",
        "subtitle": "POP MODERN.C",
        "isPrimeEligible": "1"
    },
    {
        "ASIN": "B00GTC1HG4",
        "title": "St. Ives Radiant Skin Face Scrub For Dull Skin Pink Lemon and Mandarin Orange Dermatologist-Tested Face Wash Scrub With 100 percent Natural Exfoliants 6 oz",
        "price": "$5.16 ($0.86 / Ounce)",
        "listPrice": "",
        "imageUrl": "https://m.media-amazon.com/images/I/41ZuRDWihGL._SL160_.jpg",
        "detailPageURL": "https://www.amazon.com/dp/B00GTC1HG4",
        "rating": "4.4",
        "totalReviews": "9637",
        "subtitle": "St. Ives",
        "isPrimeEligible": "1"
    },
    {
        "ASIN": "B08PF9GG23",
        "title": "St. Ives Gentle Smoothing Face Scrub Our Gentlest Scrub Yet Rose Water & Aloe Vera Made with 100% Natural Exfoliants, Paraben Free, Oil-Free, Dermatologist Tested 6 oz 6 Count",
        "price": "$24.76 ($0.69 / Ounce)",
        "listPrice": "$29.94 ($0.83 / Ounce)",
        "imageUrl": "https://m.media-amazon.com/images/I/51HZfYO1xAL._SL160_.jpg",
        "detailPageURL": "https://www.amazon.com/dp/B08PF9GG23",
        "rating": "4.7",
        "totalReviews": "720",
        "subtitle": "St. Ives",
        "isPrimeEligible": "1"
    },
    {
        "ASIN": "B07H9DNGP8",
        "title": "Aveeno Positively Radiant Brightening Daily Scrub, 7 Ounce",
        "price": "$8.73 ($1.25 / Fl Oz)",
        "listPrice": "$12.89 ($1.84 / Fl Oz)",
        "imageUrl": "https://m.media-amazon.com/images/I/31yazu9IYoL._SL160_.jpg",
        "detailPageURL": "https://www.amazon.com/dp/B07H9DNGP8",
        "rating": "4.7",
        "totalReviews": "2104",
        "subtitle": "Aveeno",
        "isPrimeEligible": "1"
    },
    {
        "ASIN": "B00ESQUPEI",
        "title": "155+ Scrub Recipes. Lip Scrub - Hand Scrub - Foot Scrub - Face Scrub - Body Scrub - Salt Scrub - Sugar Scrub (Homemade Body and Bath Recipes Book 2)",
        "price": "$2.99",
        "listPrice": "",
        "imageUrl": "https://m.media-amazon.com/images/I/51XDcgQwlOL._SL160_.jpg",
        "detailPageURL": "https://www.amazon.com/dp/B00ESQUPEI",
        "rating": "4.4",
        "totalReviews": "38",
        "subtitle": "",
        "isPrimeEligible": "0"
    },
    {
        "ASIN": "B08661Y65N",
        "title": "Scotch Porter Exfoliating Face Scrub for Men | Facial Cleanser Unclogs Pores & Evens Out Skin Tone | Formulated with Non-Toxic Ingredients, Free of Parabens, Sulfates & Silicones | Vegan | 4oz Bottle",
        "price": "$10.99 ($2.75 / Fl Oz)",
        "listPrice": "",
        "imageUrl": "https://m.media-amazon.com/images/I/41oeqT0EaRL._SL160_.jpg",
        "detailPageURL": "https://www.amazon.com/dp/B08661Y65N",
        "rating": "4.4",
        "totalReviews": "588",
        "subtitle": "Scotch Porter",
        "isPrimeEligible": "1"
    },
    {
        "ASIN": "B076GP8Y6N",
        "title": "Minimo Glow Lemon Cake Turmeric Skin Brightening Face Scrub for Radiant Glowing Skin",
        "price": "$17.10 ($3.42 / Fl Oz)",
        "listPrice": "$31.95 ($6.39 / Fl Oz)",
        "imageUrl": "https://m.media-amazon.com/images/I/41oGPfZaf7L._SL160_.jpg",
        "detailPageURL": "https://www.amazon.com/dp/B076GP8Y6N",
        "rating": "4.4",
        "totalReviews": "4000",
        "subtitle": "Minimo Skin Essentials",
        "isPrimeEligible": "1"
    },
    {
        "ASIN": "B099CMBY76",
        "title": "Burts Bees Cooling Face Scrub with Aloe & Hemp, For Men, 4 Ounces",
        "price": "$6.49 ($1.62 / Ounce)",
        "listPrice": "$7.99 ($2.00 / Ounce)",
        "imageUrl": "https://m.media-amazon.com/images/I/4131l9ZDxTL._SL160_.jpg",
        "detailPageURL": "https://www.amazon.com/dp/B099CMBY76",
        "rating": "4.6",
        "totalReviews": "240",
        "subtitle": "Burt's Bees",
        "isPrimeEligible": "1"
    },
    {
        "ASIN": "B00TUPLLP4",
        "title": "St. Ives Fresh Skin Invigorating Apricot Scrub 6 Oz (2 Pack) by St. Ives",
        "price": "$9.99 ($0.83 / Ounce)",
        "listPrice": "$11.00 ($0.92 / Ounce)",
        "imageUrl": "https://m.media-amazon.com/images/I/41vl71lxPyL._SL160_.jpg",
        "detailPageURL": "https://www.amazon.com/dp/B00TUPLLP4",
        "rating": "4.7",
        "totalReviews": "1498",
        "subtitle": "",
        "isPrimeEligible": "1"
    },
    {
        "ASIN": "B0B2W4NZ2Y",
        "title": "Vitamin C and Turmeric Face Scrub Cream Organics Microdermabrasion Facial Scrub Exfoliating Clears Blackheads Improve Dark Spot Acne with Strawberry Extract Exfoliator",
        "price": "$11.99 ($2.83 / Ounce)",
        "listPrice": "$14.99 ($3.54 / Ounce)",
        "imageUrl": "https://m.media-amazon.com/images/I/41tSVQpWbPL._SL160_.jpg",
        "detailPageURL": "https://www.amazon.com/dp/B0B2W4NZ2Y",
        "rating": "4.3",
        "totalReviews": "1411",
        "subtitle": "POP MODERN.C",
        "isPrimeEligible": "1"
    },
    {
        "ASIN": "B00GTC1HG4",
        "title": "St. Ives Radiant Skin Face Scrub For Dull Skin Pink Lemon and Mandarin Orange Dermatologist-Tested Face Wash Scrub With 100 percent Natural Exfoliants 6 oz",
        "price": "$5.16 ($0.86 / Ounce)",
        "listPrice": "",
        "imageUrl": "https://m.media-amazon.com/images/I/41ZuRDWihGL._SL160_.jpg",
        "detailPageURL": "https://www.amazon.com/dp/B00GTC1HG4",
        "rating": "4.4",
        "totalReviews": "9637",
        "subtitle": "St. Ives",
        "isPrimeEligible": "1"
    },
    {
        "ASIN": "B08PF9GG23",
        "title": "St. Ives Gentle Smoothing Face Scrub Our Gentlest Scrub Yet Rose Water & Aloe Vera Made with 100% Natural Exfoliants, Paraben Free, Oil-Free, Dermatologist Tested 6 oz 6 Count",
        "price": "$24.76 ($0.69 / Ounce)",
        "listPrice": "$29.94 ($0.83 / Ounce)",
        "imageUrl": "https://m.media-amazon.com/images/I/51HZfYO1xAL._SL160_.jpg",
        "detailPageURL": "https://www.amazon.com/dp/B08PF9GG23",
        "rating": "4.7",
        "totalReviews": "720",
        "subtitle": "St. Ives",
        "isPrimeEligible": "1"
    },
    {
        "ASIN": "B07H9DNGP8",
        "title": "Aveeno Positively Radiant Brightening Daily Scrub, 7 Ounce",
        "price": "$8.73 ($1.25 / Fl Oz)",
        "listPrice": "$12.89 ($1.84 / Fl Oz)",
        "imageUrl": "https://m.media-amazon.com/images/I/31yazu9IYoL._SL160_.jpg",
        "detailPageURL": "https://www.amazon.com/dp/B07H9DNGP8",
        "rating": "4.7",
        "totalReviews": "2104",
        "subtitle": "Aveeno",
        "isPrimeEligible": "1"
    },
    {
        "ASIN": "B00ESQUPEI",
        "title": "155+ Scrub Recipes. Lip Scrub - Hand Scrub - Foot Scrub - Face Scrub - Body Scrub - Salt Scrub - Sugar Scrub (Homemade Body and Bath Recipes Book 2)",
        "price": "$2.99",
        "listPrice": "",
        "imageUrl": "https://m.media-amazon.com/images/I/51XDcgQwlOL._SL160_.jpg",
        "detailPageURL": "https://www.amazon.com/dp/B00ESQUPEI",
        "rating": "4.4",
        "totalReviews": "38",
        "subtitle": "",
        "isPrimeEligible": "0"
    },
    {
        "ASIN": "B08661Y65N",
        "title": "Scotch Porter Exfoliating Face Scrub for Men | Facial Cleanser Unclogs Pores & Evens Out Skin Tone | Formulated with Non-Toxic Ingredients, Free of Parabens, Sulfates & Silicones | Vegan | 4oz Bottle",
        "price": "$10.99 ($2.75 / Fl Oz)",
        "listPrice": "",
        "imageUrl": "https://m.media-amazon.com/images/I/41oeqT0EaRL._SL160_.jpg",
        "detailPageURL": "https://www.amazon.com/dp/B08661Y65N",
        "rating": "4.4",
        "totalReviews": "588",
        "subtitle": "Scotch Porter",
        "isPrimeEligible": "1"
    },
    {
        "ASIN": "B076GP8Y6N",
        "title": "Minimo Glow Lemon Cake Turmeric Skin Brightening Face Scrub for Radiant Glowing Skin",
        "price": "$17.10 ($3.42 / Fl Oz)",
        "listPrice": "$31.95 ($6.39 / Fl Oz)",
        "imageUrl": "https://m.media-amazon.com/images/I/41oGPfZaf7L._SL160_.jpg",
        "detailPageURL": "https://www.amazon.com/dp/B076GP8Y6N",
        "rating": "4.4",
        "totalReviews": "4000",
        "subtitle": "Minimo Skin Essentials",
        "isPrimeEligible": "1"
    },
    {
        "ASIN": "B099CMBY76",
        "title": "Burts Bees Cooling Face Scrub with Aloe & Hemp, For Men, 4 Ounces",
        "price": "$6.49 ($1.62 / Ounce)",
        "listPrice": "$7.99 ($2.00 / Ounce)",
        "imageUrl": "https://m.media-amazon.com/images/I/4131l9ZDxTL._SL160_.jpg",
        "detailPageURL": "https://www.amazon.com/dp/B099CMBY76",
        "rating": "4.6",
        "totalReviews": "240",
        "subtitle": "Burt's Bees",
        "isPrimeEligible": "1"
    },
    {
        "ASIN": "B000HWBUBE",
        "title": "Culture Shock/F.U.N.",
        "price": "$1.99",
        "listPrice": "",
        "imageUrl": "https://m.media-amazon.com/images/I/41tw5dqqFCL._SL160_.jpg",
        "detailPageURL": "https://www.amazon.com/dp/B000HWBUBE",
        "rating": "4.7",
        "totalReviews": "8278",
        "subtitle": "",
        "isPrimeEligible": "0"
    },
    {
        "ASIN": "B0B2W4NZ2Y",
        "title": "Vitamin C and Turmeric Face Scrub Cream Organics Microdermabrasion Facial Scrub Exfoliating Clears Blackheads Improve Dark Spot Acne with Strawberry Extract Exfoliator",
        "price": "$11.99 ($2.83 / Ounce)",
        "listPrice": "$14.99 ($3.54 / Ounce)",
        "imageUrl": "https://m.media-amazon.com/images/I/41tSVQpWbPL._SL160_.jpg",
        "detailPageURL": "https://www.amazon.com/dp/B0B2W4NZ2Y",
        "rating": "4.3",
        "totalReviews": "1411",
        "subtitle": "POP MODERN.C",
        "isPrimeEligible": "1"
    },
    {
        "ASIN": "B00GTC1HG4",
        "title": "St. Ives Radiant Skin Face Scrub For Dull Skin Pink Lemon and Mandarin Orange Dermatologist-Tested Face Wash Scrub With 100 percent Natural Exfoliants 6 oz",
        "price": "$5.16 ($0.86 / Ounce)",
        "listPrice": "",
        "imageUrl": "https://m.media-amazon.com/images/I/41ZuRDWihGL._SL160_.jpg",
        "detailPageURL": "https://www.amazon.com/dp/B00GTC1HG4",
        "rating": "4.4",
        "totalReviews": "9637",
        "subtitle": "St. Ives",
        "isPrimeEligible": "1"
    },
    {
        "ASIN": "B08PF9GG23",
        "title": "St. Ives Gentle Smoothing Face Scrub Our Gentlest Scrub Yet Rose Water & Aloe Vera Made with 100% Natural Exfoliants, Paraben Free, Oil-Free, Dermatologist Tested 6 oz 6 Count",
        "price": "$24.76 ($0.69 / Ounce)",
        "listPrice": "$29.94 ($0.83 / Ounce)",
        "imageUrl": "https://m.media-amazon.com/images/I/51HZfYO1xAL._SL160_.jpg",
        "detailPageURL": "https://www.amazon.com/dp/B08PF9GG23",
        "rating": "4.7",
        "totalReviews": "720",
        "subtitle": "St. Ives",
        "isPrimeEligible": "1"
    },
    {
        "ASIN": "B07H9DNGP8",
        "title": "Aveeno Positively Radiant Brightening Daily Scrub, 7 Ounce",
        "price": "$8.73 ($1.25 / Fl Oz)",
        "listPrice": "$12.89 ($1.84 / Fl Oz)",
        "imageUrl": "https://m.media-amazon.com/images/I/31yazu9IYoL._SL160_.jpg",
        "detailPageURL": "https://www.amazon.com/dp/B07H9DNGP8",
        "rating": "4.7",
        "totalReviews": "2104",
        "subtitle": "Aveeno",
        "isPrimeEligible": "1"
    },
    {
        "ASIN": "B00ESQUPEI",
        "title": "155+ Scrub Recipes. Lip Scrub - Hand Scrub - Foot Scrub - Face Scrub - Body Scrub - Salt Scrub - Sugar Scrub (Homemade Body and Bath Recipes Book 2)",
        "price": "$2.99",
        "listPrice": "",
        "imageUrl": "https://m.media-amazon.com/images/I/51XDcgQwlOL._SL160_.jpg",
        "detailPageURL": "https://www.amazon.com/dp/B00ESQUPEI",
        "rating": "4.4",
        "totalReviews": "38",
        "subtitle": "",
        "isPrimeEligible": "0"
    },
    {
        "ASIN": "B08661Y65N",
        "title": "Scotch Porter Exfoliating Face Scrub for Men | Facial Cleanser Unclogs Pores & Evens Out Skin Tone | Formulated with Non-Toxic Ingredients, Free of Parabens, Sulfates & Silicones | Vegan | 4oz Bottle",
        "price": "$10.99 ($2.75 / Fl Oz)",
        "listPrice": "",
        "imageUrl": "https://m.media-amazon.com/images/I/41oeqT0EaRL._SL160_.jpg",
        "detailPageURL": "https://www.amazon.com/dp/B08661Y65N",
        "rating": "4.4",
        "totalReviews": "588",
        "subtitle": "Scotch Porter",
        "isPrimeEligible": "1"
    },
    {
        "ASIN": "B076GP8Y6N",
        "title": "Minimo Glow Lemon Cake Turmeric Skin Brightening Face Scrub for Radiant Glowing Skin",
        "price": "$17.10 ($3.42 / Fl Oz)",
        "listPrice": "$31.95 ($6.39 / Fl Oz)",
        "imageUrl": "https://m.media-amazon.com/images/I/41oGPfZaf7L._SL160_.jpg",
        "detailPageURL": "https://www.amazon.com/dp/B076GP8Y6N",
        "rating": "4.4",
        "totalReviews": "4000",
        "subtitle": "Minimo Skin Essentials",
        "isPrimeEligible": "1"
    },
    {
        "ASIN": "B099CMBY76",
        "title": "Burts Bees Cooling Face Scrub with Aloe & Hemp, For Men, 4 Ounces",
        "price": "$6.49 ($1.62 / Ounce)",
        "listPrice": "$7.99 ($2.00 / Ounce)",
        "imageUrl": "https://m.media-amazon.com/images/I/4131l9ZDxTL._SL160_.jpg",
        "detailPageURL": "https://www.amazon.com/dp/B099CMBY76",
        "rating": "4.6",
        "totalReviews": "240",
        "subtitle": "Burt's Bees",
        "isPrimeEligible": "1"
    },
    {
        "ASIN": "B000HWBUBE",
        "title": "Culture Shock/F.U.N.",
        "price": "$1.99",
        "listPrice": "",
        "imageUrl": "https://m.media-amazon.com/images/I/41tw5dqqFCL._SL160_.jpg",
        "detailPageURL": "https://www.amazon.com/dp/B000HWBUBE",
        "rating": "4.7",
        "totalReviews": "8278",
        "subtitle": "",
        "isPrimeEligible": "0"
    },
    {
        "ASIN": "B0CDCKKXHF",
        "title": "Face Scrub Thingy",
        "price": "$1.29",
        "listPrice": "",
        "imageUrl": "https://m.media-amazon.com/images/I/412P1-lwDeL._SL160_.jpg",
        "detailPageURL": "https://www.amazon.com/dp/B0CDCKKXHF",
        "rating": "",
        "totalReviews": "",
        "subtitle": "",
        "isPrimeEligible": "0"
    },
    {
        "ASIN": "B00GTC1HG4",
        "title": "St. Ives Radiant Skin Face Scrub For Dull Skin Pink Lemon and Mandarin Orange Dermatologist-Tested Face Wash Scrub With 100 percent Natural Exfoliants 6 oz",
        "price": "$5.16 ($0.86 / Ounce)",
        "listPrice": "",
        "imageUrl": "https://m.media-amazon.com/images/I/41ZuRDWihGL._SL160_.jpg",
        "detailPageURL": "https://www.amazon.com/dp/B00GTC1HG4",
        "rating": "4.4",
        "totalReviews": "9637",
        "subtitle": "St. Ives",
        "isPrimeEligible": "1"
    },
    {
        "ASIN": "B08PF9GG23",
        "title": "St. Ives Gentle Smoothing Face Scrub Our Gentlest Scrub Yet Rose Water & Aloe Vera Made with 100% Natural Exfoliants, Paraben Free, Oil-Free, Dermatologist Tested 6 oz 6 Count",
        "price": "$24.76 ($0.69 / Ounce)",
        "listPrice": "$29.94 ($0.83 / Ounce)",
        "imageUrl": "https://m.media-amazon.com/images/I/51HZfYO1xAL._SL160_.jpg",
        "detailPageURL": "https://www.amazon.com/dp/B08PF9GG23",
        "rating": "4.7",
        "totalReviews": "720",
        "subtitle": "St. Ives",
        "isPrimeEligible": "1"
    },
    {
        "ASIN": "B07H9DNGP8",
        "title": "Aveeno Positively Radiant Brightening Daily Scrub, 7 Ounce",
        "price": "$8.73 ($1.25 / Fl Oz)",
        "listPrice": "$12.89 ($1.84 / Fl Oz)",
        "imageUrl": "https://m.media-amazon.com/images/I/31yazu9IYoL._SL160_.jpg",
        "detailPageURL": "https://www.amazon.com/dp/B07H9DNGP8",
        "rating": "4.7",
        "totalReviews": "2104",
        "subtitle": "Aveeno",
        "isPrimeEligible": "1"
    },
    {
        "ASIN": "B00ESQUPEI",
        "title": "155+ Scrub Recipes. Lip Scrub - Hand Scrub - Foot Scrub - Face Scrub - Body Scrub - Salt Scrub - Sugar Scrub (Homemade Body and Bath Recipes Book 2)",
        "price": "$2.99",
        "listPrice": "",
        "imageUrl": "https://m.media-amazon.com/images/I/51XDcgQwlOL._SL160_.jpg",
        "detailPageURL": "https://www.amazon.com/dp/B00ESQUPEI",
        "rating": "4.4",
        "totalReviews": "38",
        "subtitle": "",
        "isPrimeEligible": "0"
    },
    {
        "ASIN": "B08661Y65N",
        "title": "Scotch Porter Exfoliating Face Scrub for Men | Facial Cleanser Unclogs Pores & Evens Out Skin Tone | Formulated with Non-Toxic Ingredients, Free of Parabens, Sulfates & Silicones | Vegan | 4oz Bottle",
        "price": "$10.99 ($2.75 / Fl Oz)",
        "listPrice": "",
        "imageUrl": "https://m.media-amazon.com/images/I/41oeqT0EaRL._SL160_.jpg",
        "detailPageURL": "https://www.amazon.com/dp/B08661Y65N",
        "rating": "4.4",
        "totalReviews": "588",
        "subtitle": "Scotch Porter",
        "isPrimeEligible": "1"
    },
    {
        "ASIN": "B076GP8Y6N",
        "title": "Minimo Glow Lemon Cake Turmeric Skin Brightening Face Scrub for Radiant Glowing Skin",
        "price": "$17.10 ($3.42 / Fl Oz)",
        "listPrice": "$31.95 ($6.39 / Fl Oz)",
        "imageUrl": "https://m.media-amazon.com/images/I/41oGPfZaf7L._SL160_.jpg",
        "detailPageURL": "https://www.amazon.com/dp/B076GP8Y6N",
        "rating": "4.4",
        "totalReviews": "4000",
        "subtitle": "Minimo Skin Essentials",
        "isPrimeEligible": "1"
    },
    {
        "ASIN": "B099CMBY76",
        "title": "Burts Bees Cooling Face Scrub with Aloe & Hemp, For Men, 4 Ounces",
        "price": "$6.49 ($1.62 / Ounce)",
        "listPrice": "$7.99 ($2.00 / Ounce)",
        "imageUrl": "https://m.media-amazon.com/images/I/4131l9ZDxTL._SL160_.jpg",
        "detailPageURL": "https://www.amazon.com/dp/B099CMBY76",
        "rating": "4.6",
        "totalReviews": "240",
        "subtitle": "Burt's Bees",
        "isPrimeEligible": "1"
    },
    {
        "ASIN": "B000HWBUBE",
        "title": "Culture Shock/F.U.N.",
        "price": "$1.99",
        "listPrice": "",
        "imageUrl": "https://m.media-amazon.com/images/I/41tw5dqqFCL._SL160_.jpg",
        "detailPageURL": "https://www.amazon.com/dp/B000HWBUBE",
        "rating": "4.7",
        "totalReviews": "8278",
        "subtitle": "",
        "isPrimeEligible": "0"
    },
    {
        "ASIN": "B0CDCKKXHF",
        "title": "Face Scrub Thingy",
        "price": "$1.29",
        "listPrice": "",
        "imageUrl": "https://m.media-amazon.com/images/I/412P1-lwDeL._SL160_.jpg",
        "detailPageURL": "https://www.amazon.com/dp/B0CDCKKXHF",
        "rating": "",
        "totalReviews": "",
        "subtitle": "",
        "isPrimeEligible": "0"
    },
    {
        "ASIN": "1096859572",
        "title": "DIY Organic Homemade Face Scrub: How to Make Natural Face Exfoliator for Sensitive Skin",
        "price": "$3.99",
        "listPrice": "",
        "imageUrl": "https://m.media-amazon.com/images/I/51hFiXFQiML._SL160_.jpg",
        "detailPageURL": "https://www.amazon.com/dp/1096859572",
        "rating": "3.6",
        "totalReviews": "4",
        "subtitle": "Stevens, Beverley (Paperback)",
        "isPrimeEligible": "1"
    },
    {
        "ASIN": "B08PF9GG23",
        "title": "St. Ives Gentle Smoothing Face Scrub Our Gentlest Scrub Yet Rose Water & Aloe Vera Made with 100% Natural Exfoliants, Paraben Free, Oil-Free, Dermatologist Tested 6 oz 6 Count",
        "price": "$24.76 ($0.69 / Ounce)",
        "listPrice": "$29.94 ($0.83 / Ounce)",
        "imageUrl": "https://m.media-amazon.com/images/I/51HZfYO1xAL._SL160_.jpg",
        "detailPageURL": "https://www.amazon.com/dp/B08PF9GG23",
        "rating": "4.7",
        "totalReviews": "720",
        "subtitle": "St. Ives",
        "isPrimeEligible": "1"
    },
    {
        "ASIN": "B07H9DNGP8",
        "title": "Aveeno Positively Radiant Brightening Daily Scrub, 7 Ounce",
        "price": "$8.73 ($1.25 / Fl Oz)",
        "listPrice": "$12.89 ($1.84 / Fl Oz)",
        "imageUrl": "https://m.media-amazon.com/images/I/31yazu9IYoL._SL160_.jpg",
        "detailPageURL": "https://www.amazon.com/dp/B07H9DNGP8",
        "rating": "4.7",
        "totalReviews": "2104",
        "subtitle": "Aveeno",
        "isPrimeEligible": "1"
    },
    {
        "ASIN": "B00ESQUPEI",
        "title": "155+ Scrub Recipes. Lip Scrub - Hand Scrub - Foot Scrub - Face Scrub - Body Scrub - Salt Scrub - Sugar Scrub (Homemade Body and Bath Recipes Book 2)",
        "price": "$2.99",
        "listPrice": "",
        "imageUrl": "https://m.media-amazon.com/images/I/51XDcgQwlOL._SL160_.jpg",
        "detailPageURL": "https://www.amazon.com/dp/B00ESQUPEI",
        "rating": "4.4",
        "totalReviews": "38",
        "subtitle": "",
        "isPrimeEligible": "0"
    },
    {
        "ASIN": "B08661Y65N",
        "title": "Scotch Porter Exfoliating Face Scrub for Men | Facial Cleanser Unclogs Pores & Evens Out Skin Tone | Formulated with Non-Toxic Ingredients, Free of Parabens, Sulfates & Silicones | Vegan | 4oz Bottle",
        "price": "$10.99 ($2.75 / Fl Oz)",
        "listPrice": "",
        "imageUrl": "https://m.media-amazon.com/images/I/41oeqT0EaRL._SL160_.jpg",
        "detailPageURL": "https://www.amazon.com/dp/B08661Y65N",
        "rating": "4.4",
        "totalReviews": "588",
        "subtitle": "Scotch Porter",
        "isPrimeEligible": "1"
    },
    {
        "ASIN": "B076GP8Y6N",
        "title": "Minimo Glow Lemon Cake Turmeric Skin Brightening Face Scrub for Radiant Glowing Skin",
        "price": "$17.10 ($3.42 / Fl Oz)",
        "listPrice": "$31.95 ($6.39 / Fl Oz)",
        "imageUrl": "https://m.media-amazon.com/images/I/41oGPfZaf7L._SL160_.jpg",
        "detailPageURL": "https://www.amazon.com/dp/B076GP8Y6N",
        "rating": "4.4",
        "totalReviews": "4000",
        "subtitle": "Minimo Skin Essentials",
        "isPrimeEligible": "1"
    },
    {
        "ASIN": "B099CMBY76",
        "title": "Burts Bees Cooling Face Scrub with Aloe & Hemp, For Men, 4 Ounces",
        "price": "$6.49 ($1.62 / Ounce)",
        "listPrice": "$7.99 ($2.00 / Ounce)",
        "imageUrl": "https://m.media-amazon.com/images/I/4131l9ZDxTL._SL160_.jpg",
        "detailPageURL": "https://www.amazon.com/dp/B099CMBY76",
        "rating": "4.6",
        "totalReviews": "240",
        "subtitle": "Burt's Bees",
        "isPrimeEligible": "1"
    },
    {
        "ASIN": "B000HWBUBE",
        "title": "Culture Shock/F.U.N.",
        "price": "$1.99",
        "listPrice": "",
        "imageUrl": "https://m.media-amazon.com/images/I/41tw5dqqFCL._SL160_.jpg",
        "detailPageURL": "https://www.amazon.com/dp/B000HWBUBE",
        "rating": "4.7",
        "totalReviews": "8278",
        "subtitle": "",
        "isPrimeEligible": "0"
    },
    {
        "ASIN": "B0CDCKKXHF",
        "title": "Face Scrub Thingy",
        "price": "$1.29",
        "listPrice": "",
        "imageUrl": "https://m.media-amazon.com/images/I/412P1-lwDeL._SL160_.jpg",
        "detailPageURL": "https://www.amazon.com/dp/B0CDCKKXHF",
        "rating": "",
        "totalReviews": "",
        "subtitle": "",
        "isPrimeEligible": "0"
    },
    {
        "ASIN": "1096859572",
        "title": "DIY Organic Homemade Face Scrub: How to Make Natural Face Exfoliator for Sensitive Skin",
        "price": "$3.99",
        "listPrice": "",
        "imageUrl": "https://m.media-amazon.com/images/I/51hFiXFQiML._SL160_.jpg",
        "detailPageURL": "https://www.amazon.com/dp/1096859572",
        "rating": "3.6",
        "totalReviews": "4",
        "subtitle": "Stevens, Beverley (Paperback)",
        "isPrimeEligible": "1"
    },
    {
        "ASIN": "B0BRNXBGGG",
        "title": "Guzel Cilt Coffee, raw sugar, chocolate and cinnamon body scrub-exfoliator anti stretch mark, for women and men sensitive skin",
        "price": "$15.00",
        "listPrice": "",
        "imageUrl": "https://m.media-amazon.com/images/I/31mAw9bijWL._SL160_.jpg",
        "detailPageURL": "https://www.amazon.com/dp/B0BRNXBGGG",
        "rating": "4.0",
        "totalReviews": "6",
        "subtitle": "Generic",
        "isPrimeEligible": "1"
    },
    {
        "ASIN": "B07H9DNGP8",
        "title": "Aveeno Positively Radiant Brightening Daily Scrub, 7 Ounce",
        "price": "$8.73 ($1.25 / Fl Oz)",
        "listPrice": "$12.89 ($1.84 / Fl Oz)",
        "imageUrl": "https://m.media-amazon.com/images/I/31yazu9IYoL._SL160_.jpg",
        "detailPageURL": "https://www.amazon.com/dp/B07H9DNGP8",
        "rating": "4.7",
        "totalReviews": "2104",
        "subtitle": "Aveeno",
        "isPrimeEligible": "1"
    },
    {
        "ASIN": "B00ESQUPEI",
        "title": "155+ Scrub Recipes. Lip Scrub - Hand Scrub - Foot Scrub - Face Scrub - Body Scrub - Salt Scrub - Sugar Scrub (Homemade Body and Bath Recipes Book 2)",
        "price": "$2.99",
        "listPrice": "",
        "imageUrl": "https://m.media-amazon.com/images/I/51XDcgQwlOL._SL160_.jpg",
        "detailPageURL": "https://www.amazon.com/dp/B00ESQUPEI",
        "rating": "4.4",
        "totalReviews": "38",
        "subtitle": "",
        "isPrimeEligible": "0"
    },
    {
        "ASIN": "B08661Y65N",
        "title": "Scotch Porter Exfoliating Face Scrub for Men | Facial Cleanser Unclogs Pores & Evens Out Skin Tone | Formulated with Non-Toxic Ingredients, Free of Parabens, Sulfates & Silicones | Vegan | 4oz Bottle",
        "price": "$10.99 ($2.75 / Fl Oz)",
        "listPrice": "",
        "imageUrl": "https://m.media-amazon.com/images/I/41oeqT0EaRL._SL160_.jpg",
        "detailPageURL": "https://www.amazon.com/dp/B08661Y65N",
        "rating": "4.4",
        "totalReviews": "588",
        "subtitle": "Scotch Porter",
        "isPrimeEligible": "1"
    },
    {
        "ASIN": "B076GP8Y6N",
        "title": "Minimo Glow Lemon Cake Turmeric Skin Brightening Face Scrub for Radiant Glowing Skin",
        "price": "$17.10 ($3.42 / Fl Oz)",
        "listPrice": "$31.95 ($6.39 / Fl Oz)",
        "imageUrl": "https://m.media-amazon.com/images/I/41oGPfZaf7L._SL160_.jpg",
        "detailPageURL": "https://www.amazon.com/dp/B076GP8Y6N",
        "rating": "4.4",
        "totalReviews": "4000",
        "subtitle": "Minimo Skin Essentials",
        "isPrimeEligible": "1"
    },
    {
        "ASIN": "B099CMBY76",
        "title": "Burts Bees Cooling Face Scrub with Aloe & Hemp, For Men, 4 Ounces",
        "price": "$6.49 ($1.62 / Ounce)",
        "listPrice": "$7.99 ($2.00 / Ounce)",
        "imageUrl": "https://m.media-amazon.com/images/I/4131l9ZDxTL._SL160_.jpg",
        "detailPageURL": "https://www.amazon.com/dp/B099CMBY76",
        "rating": "4.6",
        "totalReviews": "240",
        "subtitle": "Burt's Bees",
        "isPrimeEligible": "1"
    },
    {
        "ASIN": "B000HWBUBE",
        "title": "Culture Shock/F.U.N.",
        "price": "$1.99",
        "listPrice": "",
        "imageUrl": "https://m.media-amazon.com/images/I/41tw5dqqFCL._SL160_.jpg",
        "detailPageURL": "https://www.amazon.com/dp/B000HWBUBE",
        "rating": "4.7",
        "totalReviews": "8278",
        "subtitle": "",
        "isPrimeEligible": "0"
    },
    {
        "ASIN": "B0CDCKKXHF",
        "title": "Face Scrub Thingy",
        "price": "$1.29",
        "listPrice": "",
        "imageUrl": "https://m.media-amazon.com/images/I/412P1-lwDeL._SL160_.jpg",
        "detailPageURL": "https://www.amazon.com/dp/B0CDCKKXHF",
        "rating": "",
        "totalReviews": "",
        "subtitle": "",
        "isPrimeEligible": "0"
    },
    {
        "ASIN": "1096859572",
        "title": "DIY Organic Homemade Face Scrub: How to Make Natural Face Exfoliator for Sensitive Skin",
        "price": "$3.99",
        "listPrice": "",
        "imageUrl": "https://m.media-amazon.com/images/I/51hFiXFQiML._SL160_.jpg",
        "detailPageURL": "https://www.amazon.com/dp/1096859572",
        "rating": "3.6",
        "totalReviews": "4",
        "subtitle": "Stevens, Beverley (Paperback)",
        "isPrimeEligible": "1"
    },
    {
        "ASIN": "B0BRNXBGGG",
        "title": "Guzel Cilt Coffee, raw sugar, chocolate and cinnamon body scrub-exfoliator anti stretch mark, for women and men sensitive skin",
        "price": "$15.00",
        "listPrice": "",
        "imageUrl": "https://m.media-amazon.com/images/I/31mAw9bijWL._SL160_.jpg",
        "detailPageURL": "https://www.amazon.com/dp/B0BRNXBGGG",
        "rating": "4.0",
        "totalReviews": "6",
        "subtitle": "Generic",
        "isPrimeEligible": "1"
    },
    {
        "ASIN": "B0BHP13NSQ",
        "title": "Blueberry Facial Scrub & Facial Exfoliator, Deep Cleansing Exfoliating Face Scrub, Brightening Facial Scrub, Facial Scrub Exfoliator for Blackhead Improve Dark Spots Acne for All Skin Types - 3.25 Oz",
        "price": "$5.99 ($1.84 / Ounce)",
        "listPrice": "",
        "imageUrl": "https://m.media-amazon.com/images/I/415MRqSlEyL._SL160_.jpg",
        "detailPageURL": "https://www.amazon.com/dp/B0BHP13NSQ",
        "rating": "2.8",
        "totalReviews": "12",
        "subtitle": "Tamoskiny",
        "isPrimeEligible": "1"
    },
    {
        "ASIN": "B00ESQUPEI",
        "title": "155+ Scrub Recipes. Lip Scrub - Hand Scrub - Foot Scrub - Face Scrub - Body Scrub - Salt Scrub - Sugar Scrub (Homemade Body and Bath Recipes Book 2)",
        "price": "$2.99",
        "listPrice": "",
        "imageUrl": "https://m.media-amazon.com/images/I/51XDcgQwlOL._SL160_.jpg",
        "detailPageURL": "https://www.amazon.com/dp/B00ESQUPEI",
        "rating": "4.4",
        "totalReviews": "38",
        "subtitle": "",
        "isPrimeEligible": "0"
    },
    {
        "ASIN": "B08661Y65N",
        "title": "Scotch Porter Exfoliating Face Scrub for Men | Facial Cleanser Unclogs Pores & Evens Out Skin Tone | Formulated with Non-Toxic Ingredients, Free of Parabens, Sulfates & Silicones | Vegan | 4oz Bottle",
        "price": "$10.99 ($2.75 / Fl Oz)",
        "listPrice": "",
        "imageUrl": "https://m.media-amazon.com/images/I/41oeqT0EaRL._SL160_.jpg",
        "detailPageURL": "https://www.amazon.com/dp/B08661Y65N",
        "rating": "4.4",
        "totalReviews": "588",
        "subtitle": "Scotch Porter",
        "isPrimeEligible": "1"
    },
    {
        "ASIN": "B076GP8Y6N",
        "title": "Minimo Glow Lemon Cake Turmeric Skin Brightening Face Scrub for Radiant Glowing Skin",
        "price": "$17.10 ($3.42 / Fl Oz)",
        "listPrice": "$31.95 ($6.39 / Fl Oz)",
        "imageUrl": "https://m.media-amazon.com/images/I/41oGPfZaf7L._SL160_.jpg",
        "detailPageURL": "https://www.amazon.com/dp/B076GP8Y6N",
        "rating": "4.4",
        "totalReviews": "4000",
        "subtitle": "Minimo Skin Essentials",
        "isPrimeEligible": "1"
    },
    {
        "ASIN": "B099CMBY76",
        "title": "Burts Bees Cooling Face Scrub with Aloe & Hemp, For Men, 4 Ounces",
        "price": "$6.49 ($1.62 / Ounce)",
        "listPrice": "$7.99 ($2.00 / Ounce)",
        "imageUrl": "https://m.media-amazon.com/images/I/4131l9ZDxTL._SL160_.jpg",
        "detailPageURL": "https://www.amazon.com/dp/B099CMBY76",
        "rating": "4.6",
        "totalReviews": "240",
        "subtitle": "Burt's Bees",
        "isPrimeEligible": "1"
    },
    {
        "ASIN": "B000HWBUBE",
        "title": "Culture Shock/F.U.N.",
        "price": "$1.99",
        "listPrice": "",
        "imageUrl": "https://m.media-amazon.com/images/I/41tw5dqqFCL._SL160_.jpg",
        "detailPageURL": "https://www.amazon.com/dp/B000HWBUBE",
        "rating": "4.7",
        "totalReviews": "8278",
        "subtitle": "",
        "isPrimeEligible": "0"
    },
    {
        "ASIN": "B0CDCKKXHF",
        "title": "Face Scrub Thingy",
        "price": "$1.29",
        "listPrice": "",
        "imageUrl": "https://m.media-amazon.com/images/I/412P1-lwDeL._SL160_.jpg",
        "detailPageURL": "https://www.amazon.com/dp/B0CDCKKXHF",
        "rating": "",
        "totalReviews": "",
        "subtitle": "",
        "isPrimeEligible": "0"
    },
    {
        "ASIN": "1096859572",
        "title": "DIY Organic Homemade Face Scrub: How to Make Natural Face Exfoliator for Sensitive Skin",
        "price": "$3.99",
        "listPrice": "",
        "imageUrl": "https://m.media-amazon.com/images/I/51hFiXFQiML._SL160_.jpg",
        "detailPageURL": "https://www.amazon.com/dp/1096859572",
        "rating": "3.6",
        "totalReviews": "4",
        "subtitle": "Stevens, Beverley (Paperback)",
        "isPrimeEligible": "1"
    },
    {
        "ASIN": "B0BRNXBGGG",
        "title": "Guzel Cilt Coffee, raw sugar, chocolate and cinnamon body scrub-exfoliator anti stretch mark, for women and men sensitive skin",
        "price": "$15.00",
        "listPrice": "",
        "imageUrl": "https://m.media-amazon.com/images/I/31mAw9bijWL._SL160_.jpg",
        "detailPageURL": "https://www.amazon.com/dp/B0BRNXBGGG",
        "rating": "4.0",
        "totalReviews": "6",
        "subtitle": "Generic",
        "isPrimeEligible": "1"
    },
    {
        "ASIN": "B0BHP13NSQ",
        "title": "Blueberry Facial Scrub & Facial Exfoliator, Deep Cleansing Exfoliating Face Scrub, Brightening Facial Scrub, Facial Scrub Exfoliator for Blackhead Improve Dark Spots Acne for All Skin Types - 3.25 Oz",
        "price": "$5.99 ($1.84 / Ounce)",
        "listPrice": "",
        "imageUrl": "https://m.media-amazon.com/images/I/415MRqSlEyL._SL160_.jpg",
        "detailPageURL": "https://www.amazon.com/dp/B0BHP13NSQ",
        "rating": "2.8",
        "totalReviews": "12",
        "subtitle": "Tamoskiny",
        "isPrimeEligible": "1"
    },
    {
        "ASIN": "B00006FE2Z",
        "title": "Neutrogena Deep Clean Gentle Daily Facial Scrub, Oil-Free Cleanser, 4.2 fl. Oz",
        "price": "$5.74 ($1.37 / Fl Oz)",
        "listPrice": "$8.09 ($1.93 / Fl Oz)",
        "imageUrl": "https://m.media-amazon.com/images/I/310Nwq030fL._SL160_.jpg",
        "detailPageURL": "https://www.amazon.com/dp/B00006FE2Z",
        "rating": "4.6",
        "totalReviews": "5277",
        "subtitle": "Neutrogena",
        "isPrimeEligible": "1"
    },
    {
        "ASIN": "B08661Y65N",
        "title": "Scotch Porter Exfoliating Face Scrub for Men | Facial Cleanser Unclogs Pores & Evens Out Skin Tone | Formulated with Non-Toxic Ingredients, Free of Parabens, Sulfates & Silicones | Vegan | 4oz Bottle",
        "price": "$10.99 ($2.75 / Fl Oz)",
        "listPrice": "",
        "imageUrl": "https://m.media-amazon.com/images/I/41oeqT0EaRL._SL160_.jpg",
        "detailPageURL": "https://www.amazon.com/dp/B08661Y65N",
        "rating": "4.4",
        "totalReviews": "588",
        "subtitle": "Scotch Porter",
        "isPrimeEligible": "1"
    },
    {
        "ASIN": "B076GP8Y6N",
        "title": "Minimo Glow Lemon Cake Turmeric Skin Brightening Face Scrub for Radiant Glowing Skin",
        "price": "$17.10 ($3.42 / Fl Oz)",
        "listPrice": "$31.95 ($6.39 / Fl Oz)",
        "imageUrl": "https://m.media-amazon.com/images/I/41oGPfZaf7L._SL160_.jpg",
        "detailPageURL": "https://www.amazon.com/dp/B076GP8Y6N",
        "rating": "4.4",
        "totalReviews": "4000",
        "subtitle": "Minimo Skin Essentials",
        "isPrimeEligible": "1"
    },
    {
        "ASIN": "B099CMBY76",
        "title": "Burts Bees Cooling Face Scrub with Aloe & Hemp, For Men, 4 Ounces",
        "price": "$6.49 ($1.62 / Ounce)",
        "listPrice": "$7.99 ($2.00 / Ounce)",
        "imageUrl": "https://m.media-amazon.com/images/I/4131l9ZDxTL._SL160_.jpg",
        "detailPageURL": "https://www.amazon.com/dp/B099CMBY76",
        "rating": "4.6",
        "totalReviews": "240",
        "subtitle": "Burt's Bees",
        "isPrimeEligible": "1"
    },
    {
        "ASIN": "B000HWBUBE",
        "title": "Culture Shock/F.U.N.",
        "price": "$1.99",
        "listPrice": "",
        "imageUrl": "https://m.media-amazon.com/images/I/41tw5dqqFCL._SL160_.jpg",
        "detailPageURL": "https://www.amazon.com/dp/B000HWBUBE",
        "rating": "4.7",
        "totalReviews": "8278",
        "subtitle": "",
        "isPrimeEligible": "0"
    },
    {
        "ASIN": "B0CDCKKXHF",
        "title": "Face Scrub Thingy",
        "price": "$1.29",
        "listPrice": "",
        "imageUrl": "https://m.media-amazon.com/images/I/412P1-lwDeL._SL160_.jpg",
        "detailPageURL": "https://www.amazon.com/dp/B0CDCKKXHF",
        "rating": "",
        "totalReviews": "",
        "subtitle": "",
        "isPrimeEligible": "0"
    },
    {
        "ASIN": "1096859572",
        "title": "DIY Organic Homemade Face Scrub: How to Make Natural Face Exfoliator for Sensitive Skin",
        "price": "$3.99",
        "listPrice": "",
        "imageUrl": "https://m.media-amazon.com/images/I/51hFiXFQiML._SL160_.jpg",
        "detailPageURL": "https://www.amazon.com/dp/1096859572",
        "rating": "3.6",
        "totalReviews": "4",
        "subtitle": "Stevens, Beverley (Paperback)",
        "isPrimeEligible": "1"
    },
    {
        "ASIN": "B0BRNXBGGG",
        "title": "Guzel Cilt Coffee, raw sugar, chocolate and cinnamon body scrub-exfoliator anti stretch mark, for women and men sensitive skin",
        "price": "$15.00",
        "listPrice": "",
        "imageUrl": "https://m.media-amazon.com/images/I/31mAw9bijWL._SL160_.jpg",
        "detailPageURL": "https://www.amazon.com/dp/B0BRNXBGGG",
        "rating": "4.0",
        "totalReviews": "6",
        "subtitle": "Generic",
        "isPrimeEligible": "1"
    },
    {
        "ASIN": "B0BHP13NSQ",
        "title": "Blueberry Facial Scrub & Facial Exfoliator, Deep Cleansing Exfoliating Face Scrub, Brightening Facial Scrub, Facial Scrub Exfoliator for Blackhead Improve Dark Spots Acne for All Skin Types - 3.25 Oz",
        "price": "$5.99 ($1.84 / Ounce)",
        "listPrice": "",
        "imageUrl": "https://m.media-amazon.com/images/I/415MRqSlEyL._SL160_.jpg",
        "detailPageURL": "https://www.amazon.com/dp/B0BHP13NSQ",
        "rating": "2.8",
        "totalReviews": "12",
        "subtitle": "Tamoskiny",
        "isPrimeEligible": "1"
    },
    {
        "ASIN": "B00006FE2Z",
        "title": "Neutrogena Deep Clean Gentle Daily Facial Scrub, Oil-Free Cleanser, 4.2 fl. Oz",
        "price": "$5.74 ($1.37 / Fl Oz)",
        "listPrice": "$8.09 ($1.93 / Fl Oz)",
        "imageUrl": "https://m.media-amazon.com/images/I/310Nwq030fL._SL160_.jpg",
        "detailPageURL": "https://www.amazon.com/dp/B00006FE2Z",
        "rating": "4.6",
        "totalReviews": "5277",
        "subtitle": "Neutrogena",
        "isPrimeEligible": "1"
    },
    {
        "ASIN": "B002WDKJZO",
        "title": "La Roche-Posay Ultra-Fine Scrub for Sensitive Skin, Gentle Exfoliating Face Wash with Ultra-Fine Pumice Particles to Remove Dead Skin",
        "price": "$19.99 ($11.83 / Fl Oz)",
        "listPrice": "",
        "imageUrl": "https://m.media-amazon.com/images/I/418J5HNB0tL._SL160_.jpg",
        "detailPageURL": "https://www.amazon.com/dp/B002WDKJZO",
        "rating": "4.4",
        "totalReviews": "3045",
        "subtitle": "",
        "isPrimeEligible": "1"
    },
    {
        "ASIN": "B076GP8Y6N",
        "title": "Minimo Glow Lemon Cake Turmeric Skin Brightening Face Scrub for Radiant Glowing Skin",
        "price": "$17.10 ($3.42 / Fl Oz)",
        "listPrice": "$31.95 ($6.39 / Fl Oz)",
        "imageUrl": "https://m.media-amazon.com/images/I/41oGPfZaf7L._SL160_.jpg",
        "detailPageURL": "https://www.amazon.com/dp/B076GP8Y6N",
        "rating": "4.4",
        "totalReviews": "4000",
        "subtitle": "Minimo Skin Essentials",
        "isPrimeEligible": "1"
    },
    {
        "ASIN": "B099CMBY76",
        "title": "Burts Bees Cooling Face Scrub with Aloe & Hemp, For Men, 4 Ounces",
        "price": "$6.49 ($1.62 / Ounce)",
        "listPrice": "$7.99 ($2.00 / Ounce)",
        "imageUrl": "https://m.media-amazon.com/images/I/4131l9ZDxTL._SL160_.jpg",
        "detailPageURL": "https://www.amazon.com/dp/B099CMBY76",
        "rating": "4.6",
        "totalReviews": "240",
        "subtitle": "Burt's Bees",
        "isPrimeEligible": "1"
    },
    {
        "ASIN": "B000HWBUBE",
        "title": "Culture Shock/F.U.N.",
        "price": "$1.99",
        "listPrice": "",
        "imageUrl": "https://m.media-amazon.com/images/I/41tw5dqqFCL._SL160_.jpg",
        "detailPageURL": "https://www.amazon.com/dp/B000HWBUBE",
        "rating": "4.7",
        "totalReviews": "8278",
        "subtitle": "",
        "isPrimeEligible": "0"
    },
    {
        "ASIN": "B0CDCKKXHF",
        "title": "Face Scrub Thingy",
        "price": "$1.29",
        "listPrice": "",
        "imageUrl": "https://m.media-amazon.com/images/I/412P1-lwDeL._SL160_.jpg",
        "detailPageURL": "https://www.amazon.com/dp/B0CDCKKXHF",
        "rating": "",
        "totalReviews": "",
        "subtitle": "",
        "isPrimeEligible": "0"
    },
    {
        "ASIN": "1096859572",
        "title": "DIY Organic Homemade Face Scrub: How to Make Natural Face Exfoliator for Sensitive Skin",
        "price": "$3.99",
        "listPrice": "",
        "imageUrl": "https://m.media-amazon.com/images/I/51hFiXFQiML._SL160_.jpg",
        "detailPageURL": "https://www.amazon.com/dp/1096859572",
        "rating": "3.6",
        "totalReviews": "4",
        "subtitle": "Stevens, Beverley (Paperback)",
        "isPrimeEligible": "1"
    },
    {
        "ASIN": "B0BRNXBGGG",
        "title": "Guzel Cilt Coffee, raw sugar, chocolate and cinnamon body scrub-exfoliator anti stretch mark, for women and men sensitive skin",
        "price": "$15.00",
        "listPrice": "",
        "imageUrl": "https://m.media-amazon.com/images/I/31mAw9bijWL._SL160_.jpg",
        "detailPageURL": "https://www.amazon.com/dp/B0BRNXBGGG",
        "rating": "4.0",
        "totalReviews": "6",
        "subtitle": "Generic",
        "isPrimeEligible": "1"
    },
    {
        "ASIN": "B0BHP13NSQ",
        "title": "Blueberry Facial Scrub & Facial Exfoliator, Deep Cleansing Exfoliating Face Scrub, Brightening Facial Scrub, Facial Scrub Exfoliator for Blackhead Improve Dark Spots Acne for All Skin Types - 3.25 Oz",
        "price": "$5.99 ($1.84 / Ounce)",
        "listPrice": "",
        "imageUrl": "https://m.media-amazon.com/images/I/415MRqSlEyL._SL160_.jpg",
        "detailPageURL": "https://www.amazon.com/dp/B0BHP13NSQ",
        "rating": "2.8",
        "totalReviews": "12",
        "subtitle": "Tamoskiny",
        "isPrimeEligible": "1"
    },
    {
        "ASIN": "B00006FE2Z",
        "title": "Neutrogena Deep Clean Gentle Daily Facial Scrub, Oil-Free Cleanser, 4.2 fl. Oz",
        "price": "$5.74 ($1.37 / Fl Oz)",
        "listPrice": "$8.09 ($1.93 / Fl Oz)",
        "imageUrl": "https://m.media-amazon.com/images/I/310Nwq030fL._SL160_.jpg",
        "detailPageURL": "https://www.amazon.com/dp/B00006FE2Z",
        "rating": "4.6",
        "totalReviews": "5277",
        "subtitle": "Neutrogena",
        "isPrimeEligible": "1"
    },
    {
        "ASIN": "B002WDKJZO",
        "title": "La Roche-Posay Ultra-Fine Scrub for Sensitive Skin, Gentle Exfoliating Face Wash with Ultra-Fine Pumice Particles to Remove Dead Skin",
        "price": "$19.99 ($11.83 / Fl Oz)",
        "listPrice": "",
        "imageUrl": "https://m.media-amazon.com/images/I/418J5HNB0tL._SL160_.jpg",
        "detailPageURL": "https://www.amazon.com/dp/B002WDKJZO",
        "rating": "4.4",
        "totalReviews": "3045",
        "subtitle": "",
        "isPrimeEligible": "1"
    },
    {
        "ASIN": "B002VWL2FW",
        "title": "Burt's Bees Peach and Willow Bark Deep Pore Exfoliating Facial Scrub, Package May Vary, 4 Oz",
        "price": "$6.88 ($1.72 / Ounce)",
        "listPrice": "$7.99 ($2.00 / Ounce)",
        "imageUrl": "https://m.media-amazon.com/images/I/413d5smB14L._SL160_.jpg",
        "detailPageURL": "https://www.amazon.com/dp/B002VWL2FW",
        "rating": "4.5",
        "totalReviews": "2996",
        "subtitle": "Burt's Bees",
        "isPrimeEligible": "1"
    },
    {
        "ASIN": "B099CMBY76",
        "title": "Burts Bees Cooling Face Scrub with Aloe & Hemp, For Men, 4 Ounces",
        "price": "$6.49 ($1.62 / Ounce)",
        "listPrice": "$7.99 ($2.00 / Ounce)",
        "imageUrl": "https://m.media-amazon.com/images/I/4131l9ZDxTL._SL160_.jpg",
        "detailPageURL": "https://www.amazon.com/dp/B099CMBY76",
        "rating": "4.6",
        "totalReviews": "240",
        "subtitle": "Burt's Bees",
        "isPrimeEligible": "1"
    },
    {
        "ASIN": "B000HWBUBE",
        "title": "Culture Shock/F.U.N.",
        "price": "$1.99",
        "listPrice": "",
        "imageUrl": "https://m.media-amazon.com/images/I/41tw5dqqFCL._SL160_.jpg",
        "detailPageURL": "https://www.amazon.com/dp/B000HWBUBE",
        "rating": "4.7",
        "totalReviews": "8278",
        "subtitle": "",
        "isPrimeEligible": "0"
    },
    {
        "ASIN": "B0CDCKKXHF",
        "title": "Face Scrub Thingy",
        "price": "$1.29",
        "listPrice": "",
        "imageUrl": "https://m.media-amazon.com/images/I/412P1-lwDeL._SL160_.jpg",
        "detailPageURL": "https://www.amazon.com/dp/B0CDCKKXHF",
        "rating": "",
        "totalReviews": "",
        "subtitle": "",
        "isPrimeEligible": "0"
    },
    {
        "ASIN": "1096859572",
        "title": "DIY Organic Homemade Face Scrub: How to Make Natural Face Exfoliator for Sensitive Skin",
        "price": "$3.99",
        "listPrice": "",
        "imageUrl": "https://m.media-amazon.com/images/I/51hFiXFQiML._SL160_.jpg",
        "detailPageURL": "https://www.amazon.com/dp/1096859572",
        "rating": "3.6",
        "totalReviews": "4",
        "subtitle": "Stevens, Beverley (Paperback)",
        "isPrimeEligible": "1"
    },
    {
        "ASIN": "B0BRNXBGGG",
        "title": "Guzel Cilt Coffee, raw sugar, chocolate and cinnamon body scrub-exfoliator anti stretch mark, for women and men sensitive skin",
        "price": "$15.00",
        "listPrice": "",
        "imageUrl": "https://m.media-amazon.com/images/I/31mAw9bijWL._SL160_.jpg",
        "detailPageURL": "https://www.amazon.com/dp/B0BRNXBGGG",
        "rating": "4.0",
        "totalReviews": "6",
        "subtitle": "Generic",
        "isPrimeEligible": "1"
    },
    {
        "ASIN": "B0BHP13NSQ",
        "title": "Blueberry Facial Scrub & Facial Exfoliator, Deep Cleansing Exfoliating Face Scrub, Brightening Facial Scrub, Facial Scrub Exfoliator for Blackhead Improve Dark Spots Acne for All Skin Types - 3.25 Oz",
        "price": "$5.99 ($1.84 / Ounce)",
        "listPrice": "",
        "imageUrl": "https://m.media-amazon.com/images/I/415MRqSlEyL._SL160_.jpg",
        "detailPageURL": "https://www.amazon.com/dp/B0BHP13NSQ",
        "rating": "2.8",
        "totalReviews": "12",
        "subtitle": "Tamoskiny",
        "isPrimeEligible": "1"
    },
    {
        "ASIN": "B00006FE2Z",
        "title": "Neutrogena Deep Clean Gentle Daily Facial Scrub, Oil-Free Cleanser, 4.2 fl. Oz",
        "price": "$5.74 ($1.37 / Fl Oz)",
        "listPrice": "$8.09 ($1.93 / Fl Oz)",
        "imageUrl": "https://m.media-amazon.com/images/I/310Nwq030fL._SL160_.jpg",
        "detailPageURL": "https://www.amazon.com/dp/B00006FE2Z",
        "rating": "4.6",
        "totalReviews": "5277",
        "subtitle": "Neutrogena",
        "isPrimeEligible": "1"
    },
    {
        "ASIN": "B002WDKJZO",
        "title": "La Roche-Posay Ultra-Fine Scrub for Sensitive Skin, Gentle Exfoliating Face Wash with Ultra-Fine Pumice Particles to Remove Dead Skin",
        "price": "$19.99 ($11.83 / Fl Oz)",
        "listPrice": "",
        "imageUrl": "https://m.media-amazon.com/images/I/418J5HNB0tL._SL160_.jpg",
        "detailPageURL": "https://www.amazon.com/dp/B002WDKJZO",
        "rating": "4.4",
        "totalReviews": "3045",
        "subtitle": "",
        "isPrimeEligible": "1"
    },
    {
        "ASIN": "B002VWL2FW",
        "title": "Burt's Bees Peach and Willow Bark Deep Pore Exfoliating Facial Scrub, Package May Vary, 4 Oz",
        "price": "$6.88 ($1.72 / Ounce)",
        "listPrice": "$7.99 ($2.00 / Ounce)",
        "imageUrl": "https://m.media-amazon.com/images/I/413d5smB14L._SL160_.jpg",
        "detailPageURL": "https://www.amazon.com/dp/B002VWL2FW",
        "rating": "4.5",
        "totalReviews": "2996",
        "subtitle": "Burt's Bees",
        "isPrimeEligible": "1"
    },
    {
        "ASIN": "B07FBY4J4M",
        "title": "Face Scrubber,2 Pack Soft Silicone Scrubbies Facial Cleansing Pad Face Exfoliator Face Scrub Face Brush for Massage Pore Cleansing Blackhead Removing Exfoliating,Cool Gift for Girl",
        "price": "$3.99 ($2.00 / Count)",
        "listPrice": "",
        "imageUrl": "https://m.media-amazon.com/images/I/41uBc3Q7feL._SL160_.jpg",
        "detailPageURL": "https://www.amazon.com/dp/B07FBY4J4M",
        "rating": "4.5",
        "totalReviews": "21255",
        "subtitle": "Luckyiren",
        "isPrimeEligible": "1"
    },
    {
        "ASIN": "B000HWBUBE",
        "title": "Culture Shock/F.U.N.",
        "price": "$1.99",
        "listPrice": "",
        "imageUrl": "https://m.media-amazon.com/images/I/41tw5dqqFCL._SL160_.jpg",
        "detailPageURL": "https://www.amazon.com/dp/B000HWBUBE",
        "rating": "4.7",
        "totalReviews": "8278",
        "subtitle": "",
        "isPrimeEligible": "0"
    },
    {
        "ASIN": "B0CDCKKXHF",
        "title": "Face Scrub Thingy",
        "price": "$1.29",
        "listPrice": "",
        "imageUrl": "https://m.media-amazon.com/images/I/412P1-lwDeL._SL160_.jpg",
        "detailPageURL": "https://www.amazon.com/dp/B0CDCKKXHF",
        "rating": "",
        "totalReviews": "",
        "subtitle": "",
        "isPrimeEligible": "0"
    },
    {
        "ASIN": "1096859572",
        "title": "DIY Organic Homemade Face Scrub: How to Make Natural Face Exfoliator for Sensitive Skin",
        "price": "$3.99",
        "listPrice": "",
        "imageUrl": "https://m.media-amazon.com/images/I/51hFiXFQiML._SL160_.jpg",
        "detailPageURL": "https://www.amazon.com/dp/1096859572",
        "rating": "3.6",
        "totalReviews": "4",
        "subtitle": "Stevens, Beverley (Paperback)",
        "isPrimeEligible": "1"
    },
    {
        "ASIN": "B0BRNXBGGG",
        "title": "Guzel Cilt Coffee, raw sugar, chocolate and cinnamon body scrub-exfoliator anti stretch mark, for women and men sensitive skin",
        "price": "$15.00",
        "listPrice": "",
        "imageUrl": "https://m.media-amazon.com/images/I/31mAw9bijWL._SL160_.jpg",
        "detailPageURL": "https://www.amazon.com/dp/B0BRNXBGGG",
        "rating": "4.0",
        "totalReviews": "6",
        "subtitle": "Generic",
        "isPrimeEligible": "1"
    },
    {
        "ASIN": "B0BHP13NSQ",
        "title": "Blueberry Facial Scrub & Facial Exfoliator, Deep Cleansing Exfoliating Face Scrub, Brightening Facial Scrub, Facial Scrub Exfoliator for Blackhead Improve Dark Spots Acne for All Skin Types - 3.25 Oz",
        "price": "$5.99 ($1.84 / Ounce)",
        "listPrice": "",
        "imageUrl": "https://m.media-amazon.com/images/I/415MRqSlEyL._SL160_.jpg",
        "detailPageURL": "https://www.amazon.com/dp/B0BHP13NSQ",
        "rating": "2.8",
        "totalReviews": "12",
        "subtitle": "Tamoskiny",
        "isPrimeEligible": "1"
    },
    {
        "ASIN": "B00006FE2Z",
        "title": "Neutrogena Deep Clean Gentle Daily Facial Scrub, Oil-Free Cleanser, 4.2 fl. Oz",
        "price": "$5.74 ($1.37 / Fl Oz)",
        "listPrice": "$8.09 ($1.93 / Fl Oz)",
        "imageUrl": "https://m.media-amazon.com/images/I/310Nwq030fL._SL160_.jpg",
        "detailPageURL": "https://www.amazon.com/dp/B00006FE2Z",
        "rating": "4.6",
        "totalReviews": "5277",
        "subtitle": "Neutrogena",
        "isPrimeEligible": "1"
    },
    {
        "ASIN": "B002WDKJZO",
        "title": "La Roche-Posay Ultra-Fine Scrub for Sensitive Skin, Gentle Exfoliating Face Wash with Ultra-Fine Pumice Particles to Remove Dead Skin",
        "price": "$19.99 ($11.83 / Fl Oz)",
        "listPrice": "",
        "imageUrl": "https://m.media-amazon.com/images/I/418J5HNB0tL._SL160_.jpg",
        "detailPageURL": "https://www.amazon.com/dp/B002WDKJZO",
        "rating": "4.4",
        "totalReviews": "3045",
        "subtitle": "",
        "isPrimeEligible": "1"
    },
    {
        "ASIN": "B002VWL2FW",
        "title": "Burt's Bees Peach and Willow Bark Deep Pore Exfoliating Facial Scrub, Package May Vary, 4 Oz",
        "price": "$6.88 ($1.72 / Ounce)",
        "listPrice": "$7.99 ($2.00 / Ounce)",
        "imageUrl": "https://m.media-amazon.com/images/I/413d5smB14L._SL160_.jpg",
        "detailPageURL": "https://www.amazon.com/dp/B002VWL2FW",
        "rating": "4.5",
        "totalReviews": "2996",
        "subtitle": "Burt's Bees",
        "isPrimeEligible": "1"
    },
    {
        "ASIN": "B07FBY4J4M",
        "title": "Face Scrubber,2 Pack Soft Silicone Scrubbies Facial Cleansing Pad Face Exfoliator Face Scrub Face Brush for Massage Pore Cleansing Blackhead Removing Exfoliating,Cool Gift for Girl",
        "price": "$3.99 ($2.00 / Count)",
        "listPrice": "",
        "imageUrl": "https://m.media-amazon.com/images/I/41uBc3Q7feL._SL160_.jpg",
        "detailPageURL": "https://www.amazon.com/dp/B07FBY4J4M",
        "rating": "4.5",
        "totalReviews": "21255",
        "subtitle": "Luckyiren",
        "isPrimeEligible": "1"
    },
    {
        "ASIN": "B01H6EHVK4",
        "title": "SKIN FOOD Black Sugar Mask Wash Off 3.52 fl. oz.(100g) - Black Sugar Scrub - Sugar Face Scrub to Hydrate and Nourish the Skin - Exfoliating Sugar Scrub - Facial Mask Wash Off Sugar Scrub",
        "price": "$11.00 ($3.12 / Ounce)",
        "listPrice": "$13.00 ($3.69 / Ounce)",
        "imageUrl": "https://m.media-amazon.com/images/I/41gLSSvUh7L._SL160_.jpg",
        "detailPageURL": "https://www.amazon.com/dp/B01H6EHVK4",
        "rating": "4.6",
        "totalReviews": "6111",
        "subtitle": "SKIN FOOD since 1957",
        "isPrimeEligible": "1"
    },
    {
        "ASIN": "B0CDCKKXHF",
        "title": "Face Scrub Thingy",
        "price": "$1.29",
        "listPrice": "",
        "imageUrl": "https://m.media-amazon.com/images/I/412P1-lwDeL._SL160_.jpg",
        "detailPageURL": "https://www.amazon.com/dp/B0CDCKKXHF",
        "rating": "",
        "totalReviews": "",
        "subtitle": "",
        "isPrimeEligible": "0"
    },
    {
        "ASIN": "1096859572",
        "title": "DIY Organic Homemade Face Scrub: How to Make Natural Face Exfoliator for Sensitive Skin",
        "price": "$3.99",
        "listPrice": "",
        "imageUrl": "https://m.media-amazon.com/images/I/51hFiXFQiML._SL160_.jpg",
        "detailPageURL": "https://www.amazon.com/dp/1096859572",
        "rating": "3.6",
        "totalReviews": "4",
        "subtitle": "Stevens, Beverley (Paperback)",
        "isPrimeEligible": "1"
    },
    {
        "ASIN": "B0BRNXBGGG",
        "title": "Guzel Cilt Coffee, raw sugar, chocolate and cinnamon body scrub-exfoliator anti stretch mark, for women and men sensitive skin",
        "price": "$15.00",
        "listPrice": "",
        "imageUrl": "https://m.media-amazon.com/images/I/31mAw9bijWL._SL160_.jpg",
        "detailPageURL": "https://www.amazon.com/dp/B0BRNXBGGG",
        "rating": "4.0",
        "totalReviews": "6",
        "subtitle": "Generic",
        "isPrimeEligible": "1"
    },
    {
        "ASIN": "B0BHP13NSQ",
        "title": "Blueberry Facial Scrub & Facial Exfoliator, Deep Cleansing Exfoliating Face Scrub, Brightening Facial Scrub, Facial Scrub Exfoliator for Blackhead Improve Dark Spots Acne for All Skin Types - 3.25 Oz",
        "price": "$5.99 ($1.84 / Ounce)",
        "listPrice": "",
        "imageUrl": "https://m.media-amazon.com/images/I/415MRqSlEyL._SL160_.jpg",
        "detailPageURL": "https://www.amazon.com/dp/B0BHP13NSQ",
        "rating": "2.8",
        "totalReviews": "12",
        "subtitle": "Tamoskiny",
        "isPrimeEligible": "1"
    },
    {
        "ASIN": "B00006FE2Z",
        "title": "Neutrogena Deep Clean Gentle Daily Facial Scrub, Oil-Free Cleanser, 4.2 fl. Oz",
        "price": "$5.74 ($1.37 / Fl Oz)",
        "listPrice": "$8.09 ($1.93 / Fl Oz)",
        "imageUrl": "https://m.media-amazon.com/images/I/310Nwq030fL._SL160_.jpg",
        "detailPageURL": "https://www.amazon.com/dp/B00006FE2Z",
        "rating": "4.6",
        "totalReviews": "5277",
        "subtitle": "Neutrogena",
        "isPrimeEligible": "1"
    },
    {
        "ASIN": "B002WDKJZO",
        "title": "La Roche-Posay Ultra-Fine Scrub for Sensitive Skin, Gentle Exfoliating Face Wash with Ultra-Fine Pumice Particles to Remove Dead Skin",
        "price": "$19.99 ($11.83 / Fl Oz)",
        "listPrice": "",
        "imageUrl": "https://m.media-amazon.com/images/I/418J5HNB0tL._SL160_.jpg",
        "detailPageURL": "https://www.amazon.com/dp/B002WDKJZO",
        "rating": "4.4",
        "totalReviews": "3045",
        "subtitle": "",
        "isPrimeEligible": "1"
    },
    {
        "ASIN": "B002VWL2FW",
        "title": "Burt's Bees Peach and Willow Bark Deep Pore Exfoliating Facial Scrub, Package May Vary, 4 Oz",
        "price": "$6.88 ($1.72 / Ounce)",
        "listPrice": "$7.99 ($2.00 / Ounce)",
        "imageUrl": "https://m.media-amazon.com/images/I/413d5smB14L._SL160_.jpg",
        "detailPageURL": "https://www.amazon.com/dp/B002VWL2FW",
        "rating": "4.5",
        "totalReviews": "2996",
        "subtitle": "Burt's Bees",
        "isPrimeEligible": "1"
    },
    {
        "ASIN": "B07FBY4J4M",
        "title": "Face Scrubber,2 Pack Soft Silicone Scrubbies Facial Cleansing Pad Face Exfoliator Face Scrub Face Brush for Massage Pore Cleansing Blackhead Removing Exfoliating,Cool Gift for Girl",
        "price": "$3.99 ($2.00 / Count)",
        "listPrice": "",
        "imageUrl": "https://m.media-amazon.com/images/I/41uBc3Q7feL._SL160_.jpg",
        "detailPageURL": "https://www.amazon.com/dp/B07FBY4J4M",
        "rating": "4.5",
        "totalReviews": "21255",
        "subtitle": "Luckyiren",
        "isPrimeEligible": "1"
    },
    {
        "ASIN": "B01H6EHVK4",
        "title": "SKIN FOOD Black Sugar Mask Wash Off 3.52 fl. oz.(100g) - Black Sugar Scrub - Sugar Face Scrub to Hydrate and Nourish the Skin - Exfoliating Sugar Scrub - Facial Mask Wash Off Sugar Scrub",
        "price": "$11.00 ($3.12 / Ounce)",
        "listPrice": "$13.00 ($3.69 / Ounce)",
        "imageUrl": "https://m.media-amazon.com/images/I/41gLSSvUh7L._SL160_.jpg",
        "detailPageURL": "https://www.amazon.com/dp/B01H6EHVK4",
        "rating": "4.6",
        "totalReviews": "6111",
        "subtitle": "SKIN FOOD since 1957",
        "isPrimeEligible": "1"
    },
    {
        "ASIN": "B084YQJ7VS",
        "title": "KP BRT Bus Simulator : Smart City Bus Game",
        "price": "$0.00",
        "listPrice": "",
        "imageUrl": "https://m.media-amazon.com/images/I/812uH15yZqL._SL160_.png",
        "detailPageURL": "https://www.amazon.com/dp/B084YQJ7VS",
        "rating": "3.2",
        "totalReviews": "21",
        "subtitle": "",
        "isPrimeEligible": "0"
    },
    {
        "ASIN": "1096859572",
        "title": "DIY Organic Homemade Face Scrub: How to Make Natural Face Exfoliator for Sensitive Skin",
        "price": "$3.99",
        "listPrice": "",
        "imageUrl": "https://m.media-amazon.com/images/I/51hFiXFQiML._SL160_.jpg",
        "detailPageURL": "https://www.amazon.com/dp/1096859572",
        "rating": "3.6",
        "totalReviews": "4",
        "subtitle": "Stevens, Beverley (Paperback)",
        "isPrimeEligible": "1"
    },
    {
        "ASIN": "B0BRNXBGGG",
        "title": "Guzel Cilt Coffee, raw sugar, chocolate and cinnamon body scrub-exfoliator anti stretch mark, for women and men sensitive skin",
        "price": "$15.00",
        "listPrice": "",
        "imageUrl": "https://m.media-amazon.com/images/I/31mAw9bijWL._SL160_.jpg",
        "detailPageURL": "https://www.amazon.com/dp/B0BRNXBGGG",
        "rating": "4.0",
        "totalReviews": "6",
        "subtitle": "Generic",
        "isPrimeEligible": "1"
    },
    {
        "ASIN": "B0BHP13NSQ",
        "title": "Blueberry Facial Scrub & Facial Exfoliator, Deep Cleansing Exfoliating Face Scrub, Brightening Facial Scrub, Facial Scrub Exfoliator for Blackhead Improve Dark Spots Acne for All Skin Types - 3.25 Oz",
        "price": "$5.99 ($1.84 / Ounce)",
        "listPrice": "",
        "imageUrl": "https://m.media-amazon.com/images/I/415MRqSlEyL._SL160_.jpg",
        "detailPageURL": "https://www.amazon.com/dp/B0BHP13NSQ",
        "rating": "2.8",
        "totalReviews": "12",
        "subtitle": "Tamoskiny",
        "isPrimeEligible": "1"
    },
    {
        "ASIN": "B00006FE2Z",
        "title": "Neutrogena Deep Clean Gentle Daily Facial Scrub, Oil-Free Cleanser, 4.2 fl. Oz",
        "price": "$5.74 ($1.37 / Fl Oz)",
        "listPrice": "$8.09 ($1.93 / Fl Oz)",
        "imageUrl": "https://m.media-amazon.com/images/I/310Nwq030fL._SL160_.jpg",
        "detailPageURL": "https://www.amazon.com/dp/B00006FE2Z",
        "rating": "4.6",
        "totalReviews": "5277",
        "subtitle": "Neutrogena",
        "isPrimeEligible": "1"
    },
    {
        "ASIN": "B002WDKJZO",
        "title": "La Roche-Posay Ultra-Fine Scrub for Sensitive Skin, Gentle Exfoliating Face Wash with Ultra-Fine Pumice Particles to Remove Dead Skin",
        "price": "$19.99 ($11.83 / Fl Oz)",
        "listPrice": "",
        "imageUrl": "https://m.media-amazon.com/images/I/418J5HNB0tL._SL160_.jpg",
        "detailPageURL": "https://www.amazon.com/dp/B002WDKJZO",
        "rating": "4.4",
        "totalReviews": "3045",
        "subtitle": "",
        "isPrimeEligible": "1"
    },
    {
        "ASIN": "B002VWL2FW",
        "title": "Burt's Bees Peach and Willow Bark Deep Pore Exfoliating Facial Scrub, Package May Vary, 4 Oz",
        "price": "$6.88 ($1.72 / Ounce)",
        "listPrice": "$7.99 ($2.00 / Ounce)",
        "imageUrl": "https://m.media-amazon.com/images/I/413d5smB14L._SL160_.jpg",
        "detailPageURL": "https://www.amazon.com/dp/B002VWL2FW",
        "rating": "4.5",
        "totalReviews": "2996",
        "subtitle": "Burt's Bees",
        "isPrimeEligible": "1"
    },
    {
        "ASIN": "B07FBY4J4M",
        "title": "Face Scrubber,2 Pack Soft Silicone Scrubbies Facial Cleansing Pad Face Exfoliator Face Scrub Face Brush for Massage Pore Cleansing Blackhead Removing Exfoliating,Cool Gift for Girl",
        "price": "$3.99 ($2.00 / Count)",
        "listPrice": "",
        "imageUrl": "https://m.media-amazon.com/images/I/41uBc3Q7feL._SL160_.jpg",
        "detailPageURL": "https://www.amazon.com/dp/B07FBY4J4M",
        "rating": "4.5",
        "totalReviews": "21255",
        "subtitle": "Luckyiren",
        "isPrimeEligible": "1"
    },
    {
        "ASIN": "B01H6EHVK4",
        "title": "SKIN FOOD Black Sugar Mask Wash Off 3.52 fl. oz.(100g) - Black Sugar Scrub - Sugar Face Scrub to Hydrate and Nourish the Skin - Exfoliating Sugar Scrub - Facial Mask Wash Off Sugar Scrub",
        "price": "$11.00 ($3.12 / Ounce)",
        "listPrice": "$13.00 ($3.69 / Ounce)",
        "imageUrl": "https://m.media-amazon.com/images/I/41gLSSvUh7L._SL160_.jpg",
        "detailPageURL": "https://www.amazon.com/dp/B01H6EHVK4",
        "rating": "4.6",
        "totalReviews": "6111",
        "subtitle": "SKIN FOOD since 1957",
        "isPrimeEligible": "1"
    },
    {
        "ASIN": "B084YQJ7VS",
        "title": "KP BRT Bus Simulator : Smart City Bus Game",
        "price": "$0.00",
        "listPrice": "",
        "imageUrl": "https://m.media-amazon.com/images/I/812uH15yZqL._SL160_.png",
        "detailPageURL": "https://www.amazon.com/dp/B084YQJ7VS",
        "rating": "3.2",
        "totalReviews": "21",
        "subtitle": "",
        "isPrimeEligible": "0"
    },
    {
        "ASIN": "B00000IG3O",
        "title": "No Scrubs",
        "price": "$3.52",
        "listPrice": "",
        "imageUrl": "https://m.media-amazon.com/images/I/419QBPYDH0L._SL160_.jpg",
        "detailPageURL": "https://www.amazon.com/dp/B00000IG3O",
        "rating": "4.3",
        "totalReviews": "23",
        "subtitle": "Tlc (Audio CD - Mar 23, 1999)",
        "isPrimeEligible": "0"
    },
    {
        "ASIN": "B0BRNXBGGG",
        "title": "Guzel Cilt Coffee, raw sugar, chocolate and cinnamon body scrub-exfoliator anti stretch mark, for women and men sensitive skin",
        "price": "$15.00",
        "listPrice": "",
        "imageUrl": "https://m.media-amazon.com/images/I/31mAw9bijWL._SL160_.jpg",
        "detailPageURL": "https://www.amazon.com/dp/B0BRNXBGGG",
        "rating": "4.0",
        "totalReviews": "6",
        "subtitle": "Generic",
        "isPrimeEligible": "1"
    },
    {
        "ASIN": "B0BHP13NSQ",
        "title": "Blueberry Facial Scrub & Facial Exfoliator, Deep Cleansing Exfoliating Face Scrub, Brightening Facial Scrub, Facial Scrub Exfoliator for Blackhead Improve Dark Spots Acne for All Skin Types - 3.25 Oz",
        "price": "$5.99 ($1.84 / Ounce)",
        "listPrice": "",
        "imageUrl": "https://m.media-amazon.com/images/I/415MRqSlEyL._SL160_.jpg",
        "detailPageURL": "https://www.amazon.com/dp/B0BHP13NSQ",
        "rating": "2.8",
        "totalReviews": "12",
        "subtitle": "Tamoskiny",
        "isPrimeEligible": "1"
    },
    {
        "ASIN": "B00006FE2Z",
        "title": "Neutrogena Deep Clean Gentle Daily Facial Scrub, Oil-Free Cleanser, 4.2 fl. Oz",
        "price": "$5.74 ($1.37 / Fl Oz)",
        "listPrice": "$8.09 ($1.93 / Fl Oz)",
        "imageUrl": "https://m.media-amazon.com/images/I/310Nwq030fL._SL160_.jpg",
        "detailPageURL": "https://www.amazon.com/dp/B00006FE2Z",
        "rating": "4.6",
        "totalReviews": "5277",
        "subtitle": "Neutrogena",
        "isPrimeEligible": "1"
    },
    {
        "ASIN": "B002WDKJZO",
        "title": "La Roche-Posay Ultra-Fine Scrub for Sensitive Skin, Gentle Exfoliating Face Wash with Ultra-Fine Pumice Particles to Remove Dead Skin",
        "price": "$19.99 ($11.83 / Fl Oz)",
        "listPrice": "",
        "imageUrl": "https://m.media-amazon.com/images/I/418J5HNB0tL._SL160_.jpg",
        "detailPageURL": "https://www.amazon.com/dp/B002WDKJZO",
        "rating": "4.4",
        "totalReviews": "3045",
        "subtitle": "",
        "isPrimeEligible": "1"
    },
    {
        "ASIN": "B002VWL2FW",
        "title": "Burt's Bees Peach and Willow Bark Deep Pore Exfoliating Facial Scrub, Package May Vary, 4 Oz",
        "price": "$6.88 ($1.72 / Ounce)",
        "listPrice": "$7.99 ($2.00 / Ounce)",
        "imageUrl": "https://m.media-amazon.com/images/I/413d5smB14L._SL160_.jpg",
        "detailPageURL": "https://www.amazon.com/dp/B002VWL2FW",
        "rating": "4.5",
        "totalReviews": "2996",
        "subtitle": "Burt's Bees",
        "isPrimeEligible": "1"
    },
    {
        "ASIN": "B07FBY4J4M",
        "title": "Face Scrubber,2 Pack Soft Silicone Scrubbies Facial Cleansing Pad Face Exfoliator Face Scrub Face Brush for Massage Pore Cleansing Blackhead Removing Exfoliating,Cool Gift for Girl",
        "price": "$3.99 ($2.00 / Count)",
        "listPrice": "",
        "imageUrl": "https://m.media-amazon.com/images/I/41uBc3Q7feL._SL160_.jpg",
        "detailPageURL": "https://www.amazon.com/dp/B07FBY4J4M",
        "rating": "4.5",
        "totalReviews": "21255",
        "subtitle": "Luckyiren",
        "isPrimeEligible": "1"
    },
    {
        "ASIN": "B01H6EHVK4",
        "title": "SKIN FOOD Black Sugar Mask Wash Off 3.52 fl. oz.(100g) - Black Sugar Scrub - Sugar Face Scrub to Hydrate and Nourish the Skin - Exfoliating Sugar Scrub - Facial Mask Wash Off Sugar Scrub",
        "price": "$11.00 ($3.12 / Ounce)",
        "listPrice": "$13.00 ($3.69 / Ounce)",
        "imageUrl": "https://m.media-amazon.com/images/I/41gLSSvUh7L._SL160_.jpg",
        "detailPageURL": "https://www.amazon.com/dp/B01H6EHVK4",
        "rating": "4.6",
        "totalReviews": "6111",
        "subtitle": "SKIN FOOD since 1957",
        "isPrimeEligible": "1"
    },
    {
        "ASIN": "B084YQJ7VS",
        "title": "KP BRT Bus Simulator : Smart City Bus Game",
        "price": "$0.00",
        "listPrice": "",
        "imageUrl": "https://m.media-amazon.com/images/I/812uH15yZqL._SL160_.png",
        "detailPageURL": "https://www.amazon.com/dp/B084YQJ7VS",
        "rating": "3.2",
        "totalReviews": "21",
        "subtitle": "",
        "isPrimeEligible": "0"
    },
    {
        "ASIN": "B00000IG3O",
        "title": "No Scrubs",
        "price": "$3.52",
        "listPrice": "",
        "imageUrl": "https://m.media-amazon.com/images/I/419QBPYDH0L._SL160_.jpg",
        "detailPageURL": "https://www.amazon.com/dp/B00000IG3O",
        "rating": "4.3",
        "totalReviews": "23",
        "subtitle": "Tlc (Audio CD - Mar 23, 1999)",
        "isPrimeEligible": "0"
    },
    {
        "ASIN": "B01K8PEZMU",
        "title": "MAJESTIC PURE Himalayan Salt Body Scrub with Lychee Oil, Exfoliating Salt Scrub to Exfoliate & Moisturize Skin, Deep Cleansing - 10 oz",
        "price": "$14.95 ($1.50 / Fl Oz)",
        "listPrice": "$16.45 ($1.64 / Fl Oz)",
        "imageUrl": "https://m.media-amazon.com/images/I/51-1N5Bks9L._SL160_.jpg",
        "detailPageURL": "https://www.amazon.com/dp/B01K8PEZMU",
        "rating": "4.3",
        "totalReviews": "20559",
        "subtitle": "MAJESTIC PURE",
        "isPrimeEligible": "1"
    },
    {
        "ASIN": "B0BHP13NSQ",
        "title": "Blueberry Facial Scrub & Facial Exfoliator, Deep Cleansing Exfoliating Face Scrub, Brightening Facial Scrub, Facial Scrub Exfoliator for Blackhead Improve Dark Spots Acne for All Skin Types - 3.25 Oz",
        "price": "$5.99 ($1.84 / Ounce)",
        "listPrice": "",
        "imageUrl": "https://m.media-amazon.com/images/I/415MRqSlEyL._SL160_.jpg",
        "detailPageURL": "https://www.amazon.com/dp/B0BHP13NSQ",
        "rating": "2.8",
        "totalReviews": "12",
        "subtitle": "Tamoskiny",
        "isPrimeEligible": "1"
    },
    {
        "ASIN": "B00006FE2Z",
        "title": "Neutrogena Deep Clean Gentle Daily Facial Scrub, Oil-Free Cleanser, 4.2 fl. Oz",
        "price": "$5.74 ($1.37 / Fl Oz)",
        "listPrice": "$8.09 ($1.93 / Fl Oz)",
        "imageUrl": "https://m.media-amazon.com/images/I/310Nwq030fL._SL160_.jpg",
        "detailPageURL": "https://www.amazon.com/dp/B00006FE2Z",
        "rating": "4.6",
        "totalReviews": "5277",
        "subtitle": "Neutrogena",
        "isPrimeEligible": "1"
    },
    {
        "ASIN": "B002WDKJZO",
        "title": "La Roche-Posay Ultra-Fine Scrub for Sensitive Skin, Gentle Exfoliating Face Wash with Ultra-Fine Pumice Particles to Remove Dead Skin",
        "price": "$19.99 ($11.83 / Fl Oz)",
        "listPrice": "",
        "imageUrl": "https://m.media-amazon.com/images/I/418J5HNB0tL._SL160_.jpg",
        "detailPageURL": "https://www.amazon.com/dp/B002WDKJZO",
        "rating": "4.4",
        "totalReviews": "3045",
        "subtitle": "",
        "isPrimeEligible": "1"
    },
    {
        "ASIN": "B002VWL2FW",
        "title": "Burt's Bees Peach and Willow Bark Deep Pore Exfoliating Facial Scrub, Package May Vary, 4 Oz",
        "price": "$6.88 ($1.72 / Ounce)",
        "listPrice": "$7.99 ($2.00 / Ounce)",
        "imageUrl": "https://m.media-amazon.com/images/I/413d5smB14L._SL160_.jpg",
        "detailPageURL": "https://www.amazon.com/dp/B002VWL2FW",
        "rating": "4.5",
        "totalReviews": "2996",
        "subtitle": "Burt's Bees",
        "isPrimeEligible": "1"
    },
    {
        "ASIN": "B07FBY4J4M",
        "title": "Face Scrubber,2 Pack Soft Silicone Scrubbies Facial Cleansing Pad Face Exfoliator Face Scrub Face Brush for Massage Pore Cleansing Blackhead Removing Exfoliating,Cool Gift for Girl",
        "price": "$3.99 ($2.00 / Count)",
        "listPrice": "",
        "imageUrl": "https://m.media-amazon.com/images/I/41uBc3Q7feL._SL160_.jpg",
        "detailPageURL": "https://www.amazon.com/dp/B07FBY4J4M",
        "rating": "4.5",
        "totalReviews": "21255",
        "subtitle": "Luckyiren",
        "isPrimeEligible": "1"
    },
    {
        "ASIN": "B01H6EHVK4",
        "title": "SKIN FOOD Black Sugar Mask Wash Off 3.52 fl. oz.(100g) - Black Sugar Scrub - Sugar Face Scrub to Hydrate and Nourish the Skin - Exfoliating Sugar Scrub - Facial Mask Wash Off Sugar Scrub",
        "price": "$11.00 ($3.12 / Ounce)",
        "listPrice": "$13.00 ($3.69 / Ounce)",
        "imageUrl": "https://m.media-amazon.com/images/I/41gLSSvUh7L._SL160_.jpg",
        "detailPageURL": "https://www.amazon.com/dp/B01H6EHVK4",
        "rating": "4.6",
        "totalReviews": "6111",
        "subtitle": "SKIN FOOD since 1957",
        "isPrimeEligible": "1"
    },
    {
        "ASIN": "B084YQJ7VS",
        "title": "KP BRT Bus Simulator : Smart City Bus Game",
        "price": "$0.00",
        "listPrice": "",
        "imageUrl": "https://m.media-amazon.com/images/I/812uH15yZqL._SL160_.png",
        "detailPageURL": "https://www.amazon.com/dp/B084YQJ7VS",
        "rating": "3.2",
        "totalReviews": "21",
        "subtitle": "",
        "isPrimeEligible": "0"
    },
    {
        "ASIN": "B00000IG3O",
        "title": "No Scrubs",
        "price": "$3.52",
        "listPrice": "",
        "imageUrl": "https://m.media-amazon.com/images/I/419QBPYDH0L._SL160_.jpg",
        "detailPageURL": "https://www.amazon.com/dp/B00000IG3O",
        "rating": "4.3",
        "totalReviews": "23",
        "subtitle": "Tlc (Audio CD - Mar 23, 1999)",
        "isPrimeEligible": "0"
    },
    {
        "ASIN": "B01K8PEZMU",
        "title": "MAJESTIC PURE Himalayan Salt Body Scrub with Lychee Oil, Exfoliating Salt Scrub to Exfoliate & Moisturize Skin, Deep Cleansing - 10 oz",
        "price": "$14.95 ($1.50 / Fl Oz)",
        "listPrice": "$16.45 ($1.64 / Fl Oz)",
        "imageUrl": "https://m.media-amazon.com/images/I/51-1N5Bks9L._SL160_.jpg",
        "detailPageURL": "https://www.amazon.com/dp/B01K8PEZMU",
        "rating": "4.3",
        "totalReviews": "20559",
        "subtitle": "MAJESTIC PURE",
        "isPrimeEligible": "1"
    },
    {
        "ASIN": "B071KQ691V",
        "title": "St. Ives (1976)",
        "price": "$17.99",
        "listPrice": "",
        "imageUrl": "https://m.media-amazon.com/images/I/51UsY0rCw0L._SL160_.jpg",
        "detailPageURL": "https://www.amazon.com/dp/B071KQ691V",
        "rating": "4.4",
        "totalReviews": "130",
        "subtitle": "Charles Bronson, Jacqueline Bisset, John Houseman, Maximilian Schell (DVD)",
        "isPrimeEligible": "1"
    },
    {
        "ASIN": "B00006FE2Z",
        "title": "Neutrogena Deep Clean Gentle Daily Facial Scrub, Oil-Free Cleanser, 4.2 fl. Oz",
        "price": "$5.74 ($1.37 / Fl Oz)",
        "listPrice": "$8.09 ($1.93 / Fl Oz)",
        "imageUrl": "https://m.media-amazon.com/images/I/310Nwq030fL._SL160_.jpg",
        "detailPageURL": "https://www.amazon.com/dp/B00006FE2Z",
        "rating": "4.6",
        "totalReviews": "5277",
        "subtitle": "Neutrogena",
        "isPrimeEligible": "1"
    },
    {
        "ASIN": "B002WDKJZO",
        "title": "La Roche-Posay Ultra-Fine Scrub for Sensitive Skin, Gentle Exfoliating Face Wash with Ultra-Fine Pumice Particles to Remove Dead Skin",
        "price": "$19.99 ($11.83 / Fl Oz)",
        "listPrice": "",
        "imageUrl": "https://m.media-amazon.com/images/I/418J5HNB0tL._SL160_.jpg",
        "detailPageURL": "https://www.amazon.com/dp/B002WDKJZO",
        "rating": "4.4",
        "totalReviews": "3045",
        "subtitle": "",
        "isPrimeEligible": "1"
    },
    {
        "ASIN": "B002VWL2FW",
        "title": "Burt's Bees Peach and Willow Bark Deep Pore Exfoliating Facial Scrub, Package May Vary, 4 Oz",
        "price": "$6.88 ($1.72 / Ounce)",
        "listPrice": "$7.99 ($2.00 / Ounce)",
        "imageUrl": "https://m.media-amazon.com/images/I/413d5smB14L._SL160_.jpg",
        "detailPageURL": "https://www.amazon.com/dp/B002VWL2FW",
        "rating": "4.5",
        "totalReviews": "2996",
        "subtitle": "Burt's Bees",
        "isPrimeEligible": "1"
    },
    {
        "ASIN": "B07FBY4J4M",
        "title": "Face Scrubber,2 Pack Soft Silicone Scrubbies Facial Cleansing Pad Face Exfoliator Face Scrub Face Brush for Massage Pore Cleansing Blackhead Removing Exfoliating,Cool Gift for Girl",
        "price": "$3.99 ($2.00 / Count)",
        "listPrice": "",
        "imageUrl": "https://m.media-amazon.com/images/I/41uBc3Q7feL._SL160_.jpg",
        "detailPageURL": "https://www.amazon.com/dp/B07FBY4J4M",
        "rating": "4.5",
        "totalReviews": "21255",
        "subtitle": "Luckyiren",
        "isPrimeEligible": "1"
    },
    {
        "ASIN": "B01H6EHVK4",
        "title": "SKIN FOOD Black Sugar Mask Wash Off 3.52 fl. oz.(100g) - Black Sugar Scrub - Sugar Face Scrub to Hydrate and Nourish the Skin - Exfoliating Sugar Scrub - Facial Mask Wash Off Sugar Scrub",
        "price": "$11.00 ($3.12 / Ounce)",
        "listPrice": "$13.00 ($3.69 / Ounce)",
        "imageUrl": "https://m.media-amazon.com/images/I/41gLSSvUh7L._SL160_.jpg",
        "detailPageURL": "https://www.amazon.com/dp/B01H6EHVK4",
        "rating": "4.6",
        "totalReviews": "6111",
        "subtitle": "SKIN FOOD since 1957",
        "isPrimeEligible": "1"
    },
    {
        "ASIN": "B084YQJ7VS",
        "title": "KP BRT Bus Simulator : Smart City Bus Game",
        "price": "$0.00",
        "listPrice": "",
        "imageUrl": "https://m.media-amazon.com/images/I/812uH15yZqL._SL160_.png",
        "detailPageURL": "https://www.amazon.com/dp/B084YQJ7VS",
        "rating": "3.2",
        "totalReviews": "21",
        "subtitle": "",
        "isPrimeEligible": "0"
    },
    {
        "ASIN": "B00000IG3O",
        "title": "No Scrubs",
        "price": "$3.52",
        "listPrice": "",
        "imageUrl": "https://m.media-amazon.com/images/I/419QBPYDH0L._SL160_.jpg",
        "detailPageURL": "https://www.amazon.com/dp/B00000IG3O",
        "rating": "4.3",
        "totalReviews": "23",
        "subtitle": "Tlc (Audio CD - Mar 23, 1999)",
        "isPrimeEligible": "0"
    },
    {
        "ASIN": "B01K8PEZMU",
        "title": "MAJESTIC PURE Himalayan Salt Body Scrub with Lychee Oil, Exfoliating Salt Scrub to Exfoliate & Moisturize Skin, Deep Cleansing - 10 oz",
        "price": "$14.95 ($1.50 / Fl Oz)",
        "listPrice": "$16.45 ($1.64 / Fl Oz)",
        "imageUrl": "https://m.media-amazon.com/images/I/51-1N5Bks9L._SL160_.jpg",
        "detailPageURL": "https://www.amazon.com/dp/B01K8PEZMU",
        "rating": "4.3",
        "totalReviews": "20559",
        "subtitle": "MAJESTIC PURE",
        "isPrimeEligible": "1"
    },
    {
        "ASIN": "B071KQ691V",
        "title": "St. Ives (1976)",
        "price": "$17.99",
        "listPrice": "",
        "imageUrl": "https://m.media-amazon.com/images/I/51UsY0rCw0L._SL160_.jpg",
        "detailPageURL": "https://www.amazon.com/dp/B071KQ691V",
        "rating": "4.4",
        "totalReviews": "130",
        "subtitle": "Charles Bronson, Jacqueline Bisset, John Houseman, Maximilian Schell (DVD)",
        "isPrimeEligible": "1"
    },
    {
        "ASIN": "B00TZ7T79E",
        "title": "Body Scrubs: 30 Organic Homemade Body And Face Scrubs, The Best All-Natural Recipes For Soft, Radiant And Youthful Skin (Organic Body Care Recipes, Homemade Beauty Products, Bath Teas Book 1)",
        "price": "$2.99",
        "listPrice": "",
        "imageUrl": "https://m.media-amazon.com/images/I/517SDrtZmPL._SL160_.jpg",
        "detailPageURL": "https://www.amazon.com/dp/B00TZ7T79E",
        "rating": "4.2",
        "totalReviews": "305",
        "subtitle": "",
        "isPrimeEligible": "0"
    },
    {
        "ASIN": "B002WDKJZO",
        "title": "La Roche-Posay Ultra-Fine Scrub for Sensitive Skin, Gentle Exfoliating Face Wash with Ultra-Fine Pumice Particles to Remove Dead Skin",
        "price": "$19.99 ($11.83 / Fl Oz)",
        "listPrice": "",
        "imageUrl": "https://m.media-amazon.com/images/I/418J5HNB0tL._SL160_.jpg",
        "detailPageURL": "https://www.amazon.com/dp/B002WDKJZO",
        "rating": "4.4",
        "totalReviews": "3045",
        "subtitle": "",
        "isPrimeEligible": "1"
    },
    {
        "ASIN": "B002VWL2FW",
        "title": "Burt's Bees Peach and Willow Bark Deep Pore Exfoliating Facial Scrub, Package May Vary, 4 Oz",
        "price": "$6.88 ($1.72 / Ounce)",
        "listPrice": "$7.99 ($2.00 / Ounce)",
        "imageUrl": "https://m.media-amazon.com/images/I/413d5smB14L._SL160_.jpg",
        "detailPageURL": "https://www.amazon.com/dp/B002VWL2FW",
        "rating": "4.5",
        "totalReviews": "2996",
        "subtitle": "Burt's Bees",
        "isPrimeEligible": "1"
    },
    {
        "ASIN": "B07FBY4J4M",
        "title": "Face Scrubber,2 Pack Soft Silicone Scrubbies Facial Cleansing Pad Face Exfoliator Face Scrub Face Brush for Massage Pore Cleansing Blackhead Removing Exfoliating,Cool Gift for Girl",
        "price": "$3.99 ($2.00 / Count)",
        "listPrice": "",
        "imageUrl": "https://m.media-amazon.com/images/I/41uBc3Q7feL._SL160_.jpg",
        "detailPageURL": "https://www.amazon.com/dp/B07FBY4J4M",
        "rating": "4.5",
        "totalReviews": "21255",
        "subtitle": "Luckyiren",
        "isPrimeEligible": "1"
    },
    {
        "ASIN": "B01H6EHVK4",
        "title": "SKIN FOOD Black Sugar Mask Wash Off 3.52 fl. oz.(100g) - Black Sugar Scrub - Sugar Face Scrub to Hydrate and Nourish the Skin - Exfoliating Sugar Scrub - Facial Mask Wash Off Sugar Scrub",
        "price": "$11.00 ($3.12 / Ounce)",
        "listPrice": "$13.00 ($3.69 / Ounce)",
        "imageUrl": "https://m.media-amazon.com/images/I/41gLSSvUh7L._SL160_.jpg",
        "detailPageURL": "https://www.amazon.com/dp/B01H6EHVK4",
        "rating": "4.6",
        "totalReviews": "6111",
        "subtitle": "SKIN FOOD since 1957",
        "isPrimeEligible": "1"
    },
    {
        "ASIN": "B084YQJ7VS",
        "title": "KP BRT Bus Simulator : Smart City Bus Game",
        "price": "$0.00",
        "listPrice": "",
        "imageUrl": "https://m.media-amazon.com/images/I/812uH15yZqL._SL160_.png",
        "detailPageURL": "https://www.amazon.com/dp/B084YQJ7VS",
        "rating": "3.2",
        "totalReviews": "21",
        "subtitle": "",
        "isPrimeEligible": "0"
    },
    {
        "ASIN": "B00000IG3O",
        "title": "No Scrubs",
        "price": "$3.52",
        "listPrice": "",
        "imageUrl": "https://m.media-amazon.com/images/I/419QBPYDH0L._SL160_.jpg",
        "detailPageURL": "https://www.amazon.com/dp/B00000IG3O",
        "rating": "4.3",
        "totalReviews": "23",
        "subtitle": "Tlc (Audio CD - Mar 23, 1999)",
        "isPrimeEligible": "0"
    },
    {
        "ASIN": "B01K8PEZMU",
        "title": "MAJESTIC PURE Himalayan Salt Body Scrub with Lychee Oil, Exfoliating Salt Scrub to Exfoliate & Moisturize Skin, Deep Cleansing - 10 oz",
        "price": "$14.95 ($1.50 / Fl Oz)",
        "listPrice": "$16.45 ($1.64 / Fl Oz)",
        "imageUrl": "https://m.media-amazon.com/images/I/51-1N5Bks9L._SL160_.jpg",
        "detailPageURL": "https://www.amazon.com/dp/B01K8PEZMU",
        "rating": "4.3",
        "totalReviews": "20559",
        "subtitle": "MAJESTIC PURE",
        "isPrimeEligible": "1"
    },
    {
        "ASIN": "B071KQ691V",
        "title": "St. Ives (1976)",
        "price": "$17.99",
        "listPrice": "",
        "imageUrl": "https://m.media-amazon.com/images/I/51UsY0rCw0L._SL160_.jpg",
        "detailPageURL": "https://www.amazon.com/dp/B071KQ691V",
        "rating": "4.4",
        "totalReviews": "130",
        "subtitle": "Charles Bronson, Jacqueline Bisset, John Houseman, Maximilian Schell (DVD)",
        "isPrimeEligible": "1"
    },
    {
        "ASIN": "B00TZ7T79E",
        "title": "Body Scrubs: 30 Organic Homemade Body And Face Scrubs, The Best All-Natural Recipes For Soft, Radiant And Youthful Skin (Organic Body Care Recipes, Homemade Beauty Products, Bath Teas Book 1)",
        "price": "$2.99",
        "listPrice": "",
        "imageUrl": "https://m.media-amazon.com/images/I/517SDrtZmPL._SL160_.jpg",
        "detailPageURL": "https://www.amazon.com/dp/B00TZ7T79E",
        "rating": "4.2",
        "totalReviews": "305",
        "subtitle": "",
        "isPrimeEligible": "0"
    },
    {
        "ASIN": "B0BZ22VY4G",
        "title": "Wild Mountain Rough & Rugged Face Scrub - Micodermabrasion Mens Facial Scrub, Face Scrub Exfoliating Face Wash, Face Exfoliator, Face Scrubber Exfoliator, Exfoliating Scrub, Exfoliate For Face (4oz)",
        "price": "$12.99 ($3.25 / Ounce)",
        "listPrice": "",
        "imageUrl": "https://m.media-amazon.com/images/I/41qSAIJxBSL._SL160_.jpg",
        "detailPageURL": "https://www.amazon.com/dp/B0BZ22VY4G",
        "rating": "4.5",
        "totalReviews": "134",
        "subtitle": "Wild Mountain Skincare",
        "isPrimeEligible": "1"
    },
    {
        "ASIN": "B002VWL2FW",
        "title": "Burt's Bees Peach and Willow Bark Deep Pore Exfoliating Facial Scrub, Package May Vary, 4 Oz",
        "price": "$6.88 ($1.72 / Ounce)",
        "listPrice": "$7.99 ($2.00 / Ounce)",
        "imageUrl": "https://m.media-amazon.com/images/I/413d5smB14L._SL160_.jpg",
        "detailPageURL": "https://www.amazon.com/dp/B002VWL2FW",
        "rating": "4.5",
        "totalReviews": "2996",
        "subtitle": "Burt's Bees",
        "isPrimeEligible": "1"
    },
    {
        "ASIN": "B07FBY4J4M",
        "title": "Face Scrubber,2 Pack Soft Silicone Scrubbies Facial Cleansing Pad Face Exfoliator Face Scrub Face Brush for Massage Pore Cleansing Blackhead Removing Exfoliating,Cool Gift for Girl",
        "price": "$3.99 ($2.00 / Count)",
        "listPrice": "",
        "imageUrl": "https://m.media-amazon.com/images/I/41uBc3Q7feL._SL160_.jpg",
        "detailPageURL": "https://www.amazon.com/dp/B07FBY4J4M",
        "rating": "4.5",
        "totalReviews": "21255",
        "subtitle": "Luckyiren",
        "isPrimeEligible": "1"
    },
    {
        "ASIN": "B01H6EHVK4",
        "title": "SKIN FOOD Black Sugar Mask Wash Off 3.52 fl. oz.(100g) - Black Sugar Scrub - Sugar Face Scrub to Hydrate and Nourish the Skin - Exfoliating Sugar Scrub - Facial Mask Wash Off Sugar Scrub",
        "price": "$11.00 ($3.12 / Ounce)",
        "listPrice": "$13.00 ($3.69 / Ounce)",
        "imageUrl": "https://m.media-amazon.com/images/I/41gLSSvUh7L._SL160_.jpg",
        "detailPageURL": "https://www.amazon.com/dp/B01H6EHVK4",
        "rating": "4.6",
        "totalReviews": "6111",
        "subtitle": "SKIN FOOD since 1957",
        "isPrimeEligible": "1"
    },
    {
        "ASIN": "B084YQJ7VS",
        "title": "KP BRT Bus Simulator : Smart City Bus Game",
        "price": "$0.00",
        "listPrice": "",
        "imageUrl": "https://m.media-amazon.com/images/I/812uH15yZqL._SL160_.png",
        "detailPageURL": "https://www.amazon.com/dp/B084YQJ7VS",
        "rating": "3.2",
        "totalReviews": "21",
        "subtitle": "",
        "isPrimeEligible": "0"
    },
    {
        "ASIN": "B00000IG3O",
        "title": "No Scrubs",
        "price": "$3.52",
        "listPrice": "",
        "imageUrl": "https://m.media-amazon.com/images/I/419QBPYDH0L._SL160_.jpg",
        "detailPageURL": "https://www.amazon.com/dp/B00000IG3O",
        "rating": "4.3",
        "totalReviews": "23",
        "subtitle": "Tlc (Audio CD - Mar 23, 1999)",
        "isPrimeEligible": "0"
    },
    {
        "ASIN": "B01K8PEZMU",
        "title": "MAJESTIC PURE Himalayan Salt Body Scrub with Lychee Oil, Exfoliating Salt Scrub to Exfoliate & Moisturize Skin, Deep Cleansing - 10 oz",
        "price": "$14.95 ($1.50 / Fl Oz)",
        "listPrice": "$16.45 ($1.64 / Fl Oz)",
        "imageUrl": "https://m.media-amazon.com/images/I/51-1N5Bks9L._SL160_.jpg",
        "detailPageURL": "https://www.amazon.com/dp/B01K8PEZMU",
        "rating": "4.3",
        "totalReviews": "20559",
        "subtitle": "MAJESTIC PURE",
        "isPrimeEligible": "1"
    },
    {
        "ASIN": "B071KQ691V",
        "title": "St. Ives (1976)",
        "price": "$17.99",
        "listPrice": "",
        "imageUrl": "https://m.media-amazon.com/images/I/51UsY0rCw0L._SL160_.jpg",
        "detailPageURL": "https://www.amazon.com/dp/B071KQ691V",
        "rating": "4.4",
        "totalReviews": "130",
        "subtitle": "Charles Bronson, Jacqueline Bisset, John Houseman, Maximilian Schell (DVD)",
        "isPrimeEligible": "1"
    },
    {
        "ASIN": "B00TZ7T79E",
        "title": "Body Scrubs: 30 Organic Homemade Body And Face Scrubs, The Best All-Natural Recipes For Soft, Radiant And Youthful Skin (Organic Body Care Recipes, Homemade Beauty Products, Bath Teas Book 1)",
        "price": "$2.99",
        "listPrice": "",
        "imageUrl": "https://m.media-amazon.com/images/I/517SDrtZmPL._SL160_.jpg",
        "detailPageURL": "https://www.amazon.com/dp/B00TZ7T79E",
        "rating": "4.2",
        "totalReviews": "305",
        "subtitle": "",
        "isPrimeEligible": "0"
    },
    {
        "ASIN": "B0BZ22VY4G",
        "title": "Wild Mountain Rough & Rugged Face Scrub - Micodermabrasion Mens Facial Scrub, Face Scrub Exfoliating Face Wash, Face Exfoliator, Face Scrubber Exfoliator, Exfoliating Scrub, Exfoliate For Face (4oz)",
        "price": "$12.99 ($3.25 / Ounce)",
        "listPrice": "",
        "imageUrl": "https://m.media-amazon.com/images/I/41qSAIJxBSL._SL160_.jpg",
        "detailPageURL": "https://www.amazon.com/dp/B0BZ22VY4G",
        "rating": "4.5",
        "totalReviews": "134",
        "subtitle": "Wild Mountain Skincare",
        "isPrimeEligible": "1"
    },
    {
        "ASIN": "B0C2KH569H",
        "title": "Face Scrub Facial Exfoliator For Dull Skin Vitamin C Retinol Facial Scrub Brightening Exfoliating Face Scrub Microdermabrasion Facial Scrub Exfoliating Face Wash Cleanser for Women Men",
        "price": "$11.99 ($3.43 / Ounce)",
        "listPrice": "",
        "imageUrl": "https://m.media-amazon.com/images/I/414r3tbDkTL._SL160_.jpg",
        "detailPageURL": "https://www.amazon.com/dp/B0C2KH569H",
        "rating": "4.1",
        "totalReviews": "10",
        "subtitle": "Tamoskiny",
        "isPrimeEligible": "1"
    },
    {
        "ASIN": "B07FBY4J4M",
        "title": "Face Scrubber,2 Pack Soft Silicone Scrubbies Facial Cleansing Pad Face Exfoliator Face Scrub Face Brush for Massage Pore Cleansing Blackhead Removing Exfoliating,Cool Gift for Girl",
        "price": "$3.99 ($2.00 / Count)",
        "listPrice": "",
        "imageUrl": "https://m.media-amazon.com/images/I/41uBc3Q7feL._SL160_.jpg",
        "detailPageURL": "https://www.amazon.com/dp/B07FBY4J4M",
        "rating": "4.5",
        "totalReviews": "21255",
        "subtitle": "Luckyiren",
        "isPrimeEligible": "1"
    },
    {
        "ASIN": "B01H6EHVK4",
        "title": "SKIN FOOD Black Sugar Mask Wash Off 3.52 fl. oz.(100g) - Black Sugar Scrub - Sugar Face Scrub to Hydrate and Nourish the Skin - Exfoliating Sugar Scrub - Facial Mask Wash Off Sugar Scrub",
        "price": "$11.00 ($3.12 / Ounce)",
        "listPrice": "$13.00 ($3.69 / Ounce)",
        "imageUrl": "https://m.media-amazon.com/images/I/41gLSSvUh7L._SL160_.jpg",
        "detailPageURL": "https://www.amazon.com/dp/B01H6EHVK4",
        "rating": "4.6",
        "totalReviews": "6111",
        "subtitle": "SKIN FOOD since 1957",
        "isPrimeEligible": "1"
    },
    {
        "ASIN": "B084YQJ7VS",
        "title": "KP BRT Bus Simulator : Smart City Bus Game",
        "price": "$0.00",
        "listPrice": "",
        "imageUrl": "https://m.media-amazon.com/images/I/812uH15yZqL._SL160_.png",
        "detailPageURL": "https://www.amazon.com/dp/B084YQJ7VS",
        "rating": "3.2",
        "totalReviews": "21",
        "subtitle": "",
        "isPrimeEligible": "0"
    },
    {
        "ASIN": "B00000IG3O",
        "title": "No Scrubs",
        "price": "$3.52",
        "listPrice": "",
        "imageUrl": "https://m.media-amazon.com/images/I/419QBPYDH0L._SL160_.jpg",
        "detailPageURL": "https://www.amazon.com/dp/B00000IG3O",
        "rating": "4.3",
        "totalReviews": "23",
        "subtitle": "Tlc (Audio CD - Mar 23, 1999)",
        "isPrimeEligible": "0"
    },
    {
        "ASIN": "B01K8PEZMU",
        "title": "MAJESTIC PURE Himalayan Salt Body Scrub with Lychee Oil, Exfoliating Salt Scrub to Exfoliate & Moisturize Skin, Deep Cleansing - 10 oz",
        "price": "$14.95 ($1.50 / Fl Oz)",
        "listPrice": "$16.45 ($1.64 / Fl Oz)",
        "imageUrl": "https://m.media-amazon.com/images/I/51-1N5Bks9L._SL160_.jpg",
        "detailPageURL": "https://www.amazon.com/dp/B01K8PEZMU",
        "rating": "4.3",
        "totalReviews": "20559",
        "subtitle": "MAJESTIC PURE",
        "isPrimeEligible": "1"
    },
    {
        "ASIN": "B071KQ691V",
        "title": "St. Ives (1976)",
        "price": "$17.99",
        "listPrice": "",
        "imageUrl": "https://m.media-amazon.com/images/I/51UsY0rCw0L._SL160_.jpg",
        "detailPageURL": "https://www.amazon.com/dp/B071KQ691V",
        "rating": "4.4",
        "totalReviews": "130",
        "subtitle": "Charles Bronson, Jacqueline Bisset, John Houseman, Maximilian Schell (DVD)",
        "isPrimeEligible": "1"
    },
    {
        "ASIN": "B00TZ7T79E",
        "title": "Body Scrubs: 30 Organic Homemade Body And Face Scrubs, The Best All-Natural Recipes For Soft, Radiant And Youthful Skin (Organic Body Care Recipes, Homemade Beauty Products, Bath Teas Book 1)",
        "price": "$2.99",
        "listPrice": "",
        "imageUrl": "https://m.media-amazon.com/images/I/517SDrtZmPL._SL160_.jpg",
        "detailPageURL": "https://www.amazon.com/dp/B00TZ7T79E",
        "rating": "4.2",
        "totalReviews": "305",
        "subtitle": "",
        "isPrimeEligible": "0"
    },
    {
        "ASIN": "B0BZ22VY4G",
        "title": "Wild Mountain Rough & Rugged Face Scrub - Micodermabrasion Mens Facial Scrub, Face Scrub Exfoliating Face Wash, Face Exfoliator, Face Scrubber Exfoliator, Exfoliating Scrub, Exfoliate For Face (4oz)",
        "price": "$12.99 ($3.25 / Ounce)",
        "listPrice": "",
        "imageUrl": "https://m.media-amazon.com/images/I/41qSAIJxBSL._SL160_.jpg",
        "detailPageURL": "https://www.amazon.com/dp/B0BZ22VY4G",
        "rating": "4.5",
        "totalReviews": "134",
        "subtitle": "Wild Mountain Skincare",
        "isPrimeEligible": "1"
    },
    {
        "ASIN": "B0C2KH569H",
        "title": "Face Scrub Facial Exfoliator For Dull Skin Vitamin C Retinol Facial Scrub Brightening Exfoliating Face Scrub Microdermabrasion Facial Scrub Exfoliating Face Wash Cleanser for Women Men",
        "price": "$11.99 ($3.43 / Ounce)",
        "listPrice": "",
        "imageUrl": "https://m.media-amazon.com/images/I/414r3tbDkTL._SL160_.jpg",
        "detailPageURL": "https://www.amazon.com/dp/B0C2KH569H",
        "rating": "4.1",
        "totalReviews": "10",
        "subtitle": "Tamoskiny",
        "isPrimeEligible": "1"
    },
    {
        "ASIN": "B07HS3RCR8",
        "title": "Aveeno Positively Radiant Skin Brightening Exfoliating Daily Facial Scrub ,2.0 oz",
        "price": "$3.06 ($1.53 / Ounce)",
        "listPrice": "$4.79 ($2.40 / Ounce)",
        "imageUrl": "https://m.media-amazon.com/images/I/31rs8vC5MaL._SL160_.jpg",
        "detailPageURL": "https://www.amazon.com/dp/B07HS3RCR8",
        "rating": "4.5",
        "totalReviews": "1428",
        "subtitle": "Aveeno",
        "isPrimeEligible": "1"
    },
    {
        "ASIN": "B01H6EHVK4",
        "title": "SKIN FOOD Black Sugar Mask Wash Off 3.52 fl. oz.(100g) - Black Sugar Scrub - Sugar Face Scrub to Hydrate and Nourish the Skin - Exfoliating Sugar Scrub - Facial Mask Wash Off Sugar Scrub",
        "price": "$11.00 ($3.12 / Ounce)",
        "listPrice": "$13.00 ($3.69 / Ounce)",
        "imageUrl": "https://m.media-amazon.com/images/I/41gLSSvUh7L._SL160_.jpg",
        "detailPageURL": "https://www.amazon.com/dp/B01H6EHVK4",
        "rating": "4.6",
        "totalReviews": "6111",
        "subtitle": "SKIN FOOD since 1957",
        "isPrimeEligible": "1"
    },
    {
        "ASIN": "B084YQJ7VS",
        "title": "KP BRT Bus Simulator : Smart City Bus Game",
        "price": "$0.00",
        "listPrice": "",
        "imageUrl": "https://m.media-amazon.com/images/I/812uH15yZqL._SL160_.png",
        "detailPageURL": "https://www.amazon.com/dp/B084YQJ7VS",
        "rating": "3.2",
        "totalReviews": "21",
        "subtitle": "",
        "isPrimeEligible": "0"
    },
    {
        "ASIN": "B00000IG3O",
        "title": "No Scrubs",
        "price": "$3.52",
        "listPrice": "",
        "imageUrl": "https://m.media-amazon.com/images/I/419QBPYDH0L._SL160_.jpg",
        "detailPageURL": "https://www.amazon.com/dp/B00000IG3O",
        "rating": "4.3",
        "totalReviews": "23",
        "subtitle": "Tlc (Audio CD - Mar 23, 1999)",
        "isPrimeEligible": "0"
    },
    {
        "ASIN": "B01K8PEZMU",
        "title": "MAJESTIC PURE Himalayan Salt Body Scrub with Lychee Oil, Exfoliating Salt Scrub to Exfoliate & Moisturize Skin, Deep Cleansing - 10 oz",
        "price": "$14.95 ($1.50 / Fl Oz)",
        "listPrice": "$16.45 ($1.64 / Fl Oz)",
        "imageUrl": "https://m.media-amazon.com/images/I/51-1N5Bks9L._SL160_.jpg",
        "detailPageURL": "https://www.amazon.com/dp/B01K8PEZMU",
        "rating": "4.3",
        "totalReviews": "20559",
        "subtitle": "MAJESTIC PURE",
        "isPrimeEligible": "1"
    },
    {
        "ASIN": "B071KQ691V",
        "title": "St. Ives (1976)",
        "price": "$17.99",
        "listPrice": "",
        "imageUrl": "https://m.media-amazon.com/images/I/51UsY0rCw0L._SL160_.jpg",
        "detailPageURL": "https://www.amazon.com/dp/B071KQ691V",
        "rating": "4.4",
        "totalReviews": "130",
        "subtitle": "Charles Bronson, Jacqueline Bisset, John Houseman, Maximilian Schell (DVD)",
        "isPrimeEligible": "1"
    },
    {
        "ASIN": "B00TZ7T79E",
        "title": "Body Scrubs: 30 Organic Homemade Body And Face Scrubs, The Best All-Natural Recipes For Soft, Radiant And Youthful Skin (Organic Body Care Recipes, Homemade Beauty Products, Bath Teas Book 1)",
        "price": "$2.99",
        "listPrice": "",
        "imageUrl": "https://m.media-amazon.com/images/I/517SDrtZmPL._SL160_.jpg",
        "detailPageURL": "https://www.amazon.com/dp/B00TZ7T79E",
        "rating": "4.2",
        "totalReviews": "305",
        "subtitle": "",
        "isPrimeEligible": "0"
    },
    {
        "ASIN": "B0BZ22VY4G",
        "title": "Wild Mountain Rough & Rugged Face Scrub - Micodermabrasion Mens Facial Scrub, Face Scrub Exfoliating Face Wash, Face Exfoliator, Face Scrubber Exfoliator, Exfoliating Scrub, Exfoliate For Face (4oz)",
        "price": "$12.99 ($3.25 / Ounce)",
        "listPrice": "",
        "imageUrl": "https://m.media-amazon.com/images/I/41qSAIJxBSL._SL160_.jpg",
        "detailPageURL": "https://www.amazon.com/dp/B0BZ22VY4G",
        "rating": "4.5",
        "totalReviews": "134",
        "subtitle": "Wild Mountain Skincare",
        "isPrimeEligible": "1"
    },
    {
        "ASIN": "B0C2KH569H",
        "title": "Face Scrub Facial Exfoliator For Dull Skin Vitamin C Retinol Facial Scrub Brightening Exfoliating Face Scrub Microdermabrasion Facial Scrub Exfoliating Face Wash Cleanser for Women Men",
        "price": "$11.99 ($3.43 / Ounce)",
        "listPrice": "",
        "imageUrl": "https://m.media-amazon.com/images/I/414r3tbDkTL._SL160_.jpg",
        "detailPageURL": "https://www.amazon.com/dp/B0C2KH569H",
        "rating": "4.1",
        "totalReviews": "10",
        "subtitle": "Tamoskiny",
        "isPrimeEligible": "1"
    },
    {
        "ASIN": "B07HS3RCR8",
        "title": "Aveeno Positively Radiant Skin Brightening Exfoliating Daily Facial Scrub ,2.0 oz",
        "price": "$3.06 ($1.53 / Ounce)",
        "listPrice": "$4.79 ($2.40 / Ounce)",
        "imageUrl": "https://m.media-amazon.com/images/I/31rs8vC5MaL._SL160_.jpg",
        "detailPageURL": "https://www.amazon.com/dp/B07HS3RCR8",
        "rating": "4.5",
        "totalReviews": "1428",
        "subtitle": "Aveeno",
        "isPrimeEligible": "1"
    },
    {
        "ASIN": "B08VYLMH2Y",
        "title": "THE COMPLETE HOMEMADE BODY SCRUBS FOR BEGINNERS: How To Make Your Organic Body And Face Scrubs For Smooth, Soft And Youthful Skin. This Book Includes: \"Body Butter Recipes\" And \"Body Scrubs\")",
        "price": "$11.99",
        "listPrice": "",
        "imageUrl": "https://m.media-amazon.com/images/I/51BNTj33uAL._SL160_.jpg",
        "detailPageURL": "https://www.amazon.com/dp/B08VYLMH2Y",
        "rating": "4.0",
        "totalReviews": "5",
        "subtitle": "WILLIAM PH.D, DR.SANDRA (Paperback)",
        "isPrimeEligible": "1"
    },
    {
        "ASIN": "B084YQJ7VS",
        "title": "KP BRT Bus Simulator : Smart City Bus Game",
        "price": "$0.00",
        "listPrice": "",
        "imageUrl": "https://m.media-amazon.com/images/I/812uH15yZqL._SL160_.png",
        "detailPageURL": "https://www.amazon.com/dp/B084YQJ7VS",
        "rating": "3.2",
        "totalReviews": "21",
        "subtitle": "",
        "isPrimeEligible": "0"
    },
    {
        "ASIN": "B00000IG3O",
        "title": "No Scrubs",
        "price": "$3.52",
        "listPrice": "",
        "imageUrl": "https://m.media-amazon.com/images/I/419QBPYDH0L._SL160_.jpg",
        "detailPageURL": "https://www.amazon.com/dp/B00000IG3O",
        "rating": "4.3",
        "totalReviews": "23",
        "subtitle": "Tlc (Audio CD - Mar 23, 1999)",
        "isPrimeEligible": "0"
    },
    {
        "ASIN": "B01K8PEZMU",
        "title": "MAJESTIC PURE Himalayan Salt Body Scrub with Lychee Oil, Exfoliating Salt Scrub to Exfoliate & Moisturize Skin, Deep Cleansing - 10 oz",
        "price": "$14.95 ($1.50 / Fl Oz)",
        "listPrice": "$16.45 ($1.64 / Fl Oz)",
        "imageUrl": "https://m.media-amazon.com/images/I/51-1N5Bks9L._SL160_.jpg",
        "detailPageURL": "https://www.amazon.com/dp/B01K8PEZMU",
        "rating": "4.3",
        "totalReviews": "20559",
        "subtitle": "MAJESTIC PURE",
        "isPrimeEligible": "1"
    },
    {
        "ASIN": "B071KQ691V",
        "title": "St. Ives (1976)",
        "price": "$17.99",
        "listPrice": "",
        "imageUrl": "https://m.media-amazon.com/images/I/51UsY0rCw0L._SL160_.jpg",
        "detailPageURL": "https://www.amazon.com/dp/B071KQ691V",
        "rating": "4.4",
        "totalReviews": "130",
        "subtitle": "Charles Bronson, Jacqueline Bisset, John Houseman, Maximilian Schell (DVD)",
        "isPrimeEligible": "1"
    },
    {
        "ASIN": "B00TZ7T79E",
        "title": "Body Scrubs: 30 Organic Homemade Body And Face Scrubs, The Best All-Natural Recipes For Soft, Radiant And Youthful Skin (Organic Body Care Recipes, Homemade Beauty Products, Bath Teas Book 1)",
        "price": "$2.99",
        "listPrice": "",
        "imageUrl": "https://m.media-amazon.com/images/I/517SDrtZmPL._SL160_.jpg",
        "detailPageURL": "https://www.amazon.com/dp/B00TZ7T79E",
        "rating": "4.2",
        "totalReviews": "305",
        "subtitle": "",
        "isPrimeEligible": "0"
    },
    {
        "ASIN": "B0BZ22VY4G",
        "title": "Wild Mountain Rough & Rugged Face Scrub - Micodermabrasion Mens Facial Scrub, Face Scrub Exfoliating Face Wash, Face Exfoliator, Face Scrubber Exfoliator, Exfoliating Scrub, Exfoliate For Face (4oz)",
        "price": "$12.99 ($3.25 / Ounce)",
        "listPrice": "",
        "imageUrl": "https://m.media-amazon.com/images/I/41qSAIJxBSL._SL160_.jpg",
        "detailPageURL": "https://www.amazon.com/dp/B0BZ22VY4G",
        "rating": "4.5",
        "totalReviews": "134",
        "subtitle": "Wild Mountain Skincare",
        "isPrimeEligible": "1"
    },
    {
        "ASIN": "B0C2KH569H",
        "title": "Face Scrub Facial Exfoliator For Dull Skin Vitamin C Retinol Facial Scrub Brightening Exfoliating Face Scrub Microdermabrasion Facial Scrub Exfoliating Face Wash Cleanser for Women Men",
        "price": "$11.99 ($3.43 / Ounce)",
        "listPrice": "",
        "imageUrl": "https://m.media-amazon.com/images/I/414r3tbDkTL._SL160_.jpg",
        "detailPageURL": "https://www.amazon.com/dp/B0C2KH569H",
        "rating": "4.1",
        "totalReviews": "10",
        "subtitle": "Tamoskiny",
        "isPrimeEligible": "1"
    },
    {
        "ASIN": "B07HS3RCR8",
        "title": "Aveeno Positively Radiant Skin Brightening Exfoliating Daily Facial Scrub ,2.0 oz",
        "price": "$3.06 ($1.53 / Ounce)",
        "listPrice": "$4.79 ($2.40 / Ounce)",
        "imageUrl": "https://m.media-amazon.com/images/I/31rs8vC5MaL._SL160_.jpg",
        "detailPageURL": "https://www.amazon.com/dp/B07HS3RCR8",
        "rating": "4.5",
        "totalReviews": "1428",
        "subtitle": "Aveeno",
        "isPrimeEligible": "1"
    },
    {
        "ASIN": "B08VYLMH2Y",
        "title": "THE COMPLETE HOMEMADE BODY SCRUBS FOR BEGINNERS: How To Make Your Organic Body And Face Scrubs For Smooth, Soft And Youthful Skin. This Book Includes: \"Body Butter Recipes\" And \"Body Scrubs\")",
        "price": "$11.99",
        "listPrice": "",
        "imageUrl": "https://m.media-amazon.com/images/I/51BNTj33uAL._SL160_.jpg",
        "detailPageURL": "https://www.amazon.com/dp/B08VYLMH2Y",
        "rating": "4.0",
        "totalReviews": "5",
        "subtitle": "WILLIAM PH.D, DR.SANDRA (Paperback)",
        "isPrimeEligible": "1"
    },
    {
        "ASIN": "B0CDC29V9M",
        "title": "Face Scrub Brushes",
        "price": "$1.29",
        "listPrice": "",
        "imageUrl": "https://m.media-amazon.com/images/I/510TPn1n82L._SL160_.jpg",
        "detailPageURL": "https://www.amazon.com/dp/B0CDC29V9M",
        "rating": "",
        "totalReviews": "",
        "subtitle": "",
        "isPrimeEligible": "0"
    },
    {
        "ASIN": "B00000IG3O",
        "title": "No Scrubs",
        "price": "$3.52",
        "listPrice": "",
        "imageUrl": "https://m.media-amazon.com/images/I/419QBPYDH0L._SL160_.jpg",
        "detailPageURL": "https://www.amazon.com/dp/B00000IG3O",
        "rating": "4.3",
        "totalReviews": "23",
        "subtitle": "Tlc (Audio CD - Mar 23, 1999)",
        "isPrimeEligible": "0"
    },
    {
        "ASIN": "B01K8PEZMU",
        "title": "MAJESTIC PURE Himalayan Salt Body Scrub with Lychee Oil, Exfoliating Salt Scrub to Exfoliate & Moisturize Skin, Deep Cleansing - 10 oz",
        "price": "$14.95 ($1.50 / Fl Oz)",
        "listPrice": "$16.45 ($1.64 / Fl Oz)",
        "imageUrl": "https://m.media-amazon.com/images/I/51-1N5Bks9L._SL160_.jpg",
        "detailPageURL": "https://www.amazon.com/dp/B01K8PEZMU",
        "rating": "4.3",
        "totalReviews": "20559",
        "subtitle": "MAJESTIC PURE",
        "isPrimeEligible": "1"
    },
    {
        "ASIN": "B071KQ691V",
        "title": "St. Ives (1976)",
        "price": "$17.99",
        "listPrice": "",
        "imageUrl": "https://m.media-amazon.com/images/I/51UsY0rCw0L._SL160_.jpg",
        "detailPageURL": "https://www.amazon.com/dp/B071KQ691V",
        "rating": "4.4",
        "totalReviews": "130",
        "subtitle": "Charles Bronson, Jacqueline Bisset, John Houseman, Maximilian Schell (DVD)",
        "isPrimeEligible": "1"
    },
    {
        "ASIN": "B00TZ7T79E",
        "title": "Body Scrubs: 30 Organic Homemade Body And Face Scrubs, The Best All-Natural Recipes For Soft, Radiant And Youthful Skin (Organic Body Care Recipes, Homemade Beauty Products, Bath Teas Book 1)",
        "price": "$2.99",
        "listPrice": "",
        "imageUrl": "https://m.media-amazon.com/images/I/517SDrtZmPL._SL160_.jpg",
        "detailPageURL": "https://www.amazon.com/dp/B00TZ7T79E",
        "rating": "4.2",
        "totalReviews": "305",
        "subtitle": "",
        "isPrimeEligible": "0"
    },
    {
        "ASIN": "B0BZ22VY4G",
        "title": "Wild Mountain Rough & Rugged Face Scrub - Micodermabrasion Mens Facial Scrub, Face Scrub Exfoliating Face Wash, Face Exfoliator, Face Scrubber Exfoliator, Exfoliating Scrub, Exfoliate For Face (4oz)",
        "price": "$12.99 ($3.25 / Ounce)",
        "listPrice": "",
        "imageUrl": "https://m.media-amazon.com/images/I/41qSAIJxBSL._SL160_.jpg",
        "detailPageURL": "https://www.amazon.com/dp/B0BZ22VY4G",
        "rating": "4.5",
        "totalReviews": "134",
        "subtitle": "Wild Mountain Skincare",
        "isPrimeEligible": "1"
    },
    {
        "ASIN": "B0C2KH569H",
        "title": "Face Scrub Facial Exfoliator For Dull Skin Vitamin C Retinol Facial Scrub Brightening Exfoliating Face Scrub Microdermabrasion Facial Scrub Exfoliating Face Wash Cleanser for Women Men",
        "price": "$11.99 ($3.43 / Ounce)",
        "listPrice": "",
        "imageUrl": "https://m.media-amazon.com/images/I/414r3tbDkTL._SL160_.jpg",
        "detailPageURL": "https://www.amazon.com/dp/B0C2KH569H",
        "rating": "4.1",
        "totalReviews": "10",
        "subtitle": "Tamoskiny",
        "isPrimeEligible": "1"
    },
    {
        "ASIN": "B07HS3RCR8",
        "title": "Aveeno Positively Radiant Skin Brightening Exfoliating Daily Facial Scrub ,2.0 oz",
        "price": "$3.06 ($1.53 / Ounce)",
        "listPrice": "$4.79 ($2.40 / Ounce)",
        "imageUrl": "https://m.media-amazon.com/images/I/31rs8vC5MaL._SL160_.jpg",
        "detailPageURL": "https://www.amazon.com/dp/B07HS3RCR8",
        "rating": "4.5",
        "totalReviews": "1428",
        "subtitle": "Aveeno",
        "isPrimeEligible": "1"
    },
    {
        "ASIN": "B08VYLMH2Y",
        "title": "THE COMPLETE HOMEMADE BODY SCRUBS FOR BEGINNERS: How To Make Your Organic Body And Face Scrubs For Smooth, Soft And Youthful Skin. This Book Includes: \"Body Butter Recipes\" And \"Body Scrubs\")",
        "price": "$11.99",
        "listPrice": "",
        "imageUrl": "https://m.media-amazon.com/images/I/51BNTj33uAL._SL160_.jpg",
        "detailPageURL": "https://www.amazon.com/dp/B08VYLMH2Y",
        "rating": "4.0",
        "totalReviews": "5",
        "subtitle": "WILLIAM PH.D, DR.SANDRA (Paperback)",
        "isPrimeEligible": "1"
    },
    {
        "ASIN": "B0CDC29V9M",
        "title": "Face Scrub Brushes",
        "price": "$1.29",
        "listPrice": "",
        "imageUrl": "https://m.media-amazon.com/images/I/510TPn1n82L._SL160_.jpg",
        "detailPageURL": "https://www.amazon.com/dp/B0CDC29V9M",
        "rating": "",
        "totalReviews": "",
        "subtitle": "",
        "isPrimeEligible": "0"
    },
    {
        "ASIN": "B07GJR4KXM",
        "title": "Brooklyn Botany Brown Sugar Body Scrub - Moisturizing and Exfoliating Body, Face, Hand, Foot Scrub - Fights Acne, Fine Lines & Wrinkles, Great Gifts For Women & Men - 10 oz",
        "price": "$9.99 ($1.00 / Ounce)",
        "listPrice": "$16.99 ($1.70 / Ounce)",
        "imageUrl": "https://m.media-amazon.com/images/I/41Zl1DjrGpL._SL160_.jpg",
        "detailPageURL": "https://www.amazon.com/dp/B07GJR4KXM",
        "rating": "4.2",
        "totalReviews": "15096",
        "subtitle": "Brooklyn Botany",
        "isPrimeEligible": "1"
    },
    {
        "ASIN": "B01K8PEZMU",
        "title": "MAJESTIC PURE Himalayan Salt Body Scrub with Lychee Oil, Exfoliating Salt Scrub to Exfoliate & Moisturize Skin, Deep Cleansing - 10 oz",
        "price": "$14.95 ($1.50 / Fl Oz)",
        "listPrice": "$16.45 ($1.64 / Fl Oz)",
        "imageUrl": "https://m.media-amazon.com/images/I/51-1N5Bks9L._SL160_.jpg",
        "detailPageURL": "https://www.amazon.com/dp/B01K8PEZMU",
        "rating": "4.3",
        "totalReviews": "20559",
        "subtitle": "MAJESTIC PURE",
        "isPrimeEligible": "1"
    },
    {
        "ASIN": "B071KQ691V",
        "title": "St. Ives (1976)",
        "price": "$17.99",
        "listPrice": "",
        "imageUrl": "https://m.media-amazon.com/images/I/51UsY0rCw0L._SL160_.jpg",
        "detailPageURL": "https://www.amazon.com/dp/B071KQ691V",
        "rating": "4.4",
        "totalReviews": "130",
        "subtitle": "Charles Bronson, Jacqueline Bisset, John Houseman, Maximilian Schell (DVD)",
        "isPrimeEligible": "1"
    },
    {
        "ASIN": "B00TZ7T79E",
        "title": "Body Scrubs: 30 Organic Homemade Body And Face Scrubs, The Best All-Natural Recipes For Soft, Radiant And Youthful Skin (Organic Body Care Recipes, Homemade Beauty Products, Bath Teas Book 1)",
        "price": "$2.99",
        "listPrice": "",
        "imageUrl": "https://m.media-amazon.com/images/I/517SDrtZmPL._SL160_.jpg",
        "detailPageURL": "https://www.amazon.com/dp/B00TZ7T79E",
        "rating": "4.2",
        "totalReviews": "305",
        "subtitle": "",
        "isPrimeEligible": "0"
    },
    {
        "ASIN": "B0BZ22VY4G",
        "title": "Wild Mountain Rough & Rugged Face Scrub - Micodermabrasion Mens Facial Scrub, Face Scrub Exfoliating Face Wash, Face Exfoliator, Face Scrubber Exfoliator, Exfoliating Scrub, Exfoliate For Face (4oz)",
        "price": "$12.99 ($3.25 / Ounce)",
        "listPrice": "",
        "imageUrl": "https://m.media-amazon.com/images/I/41qSAIJxBSL._SL160_.jpg",
        "detailPageURL": "https://www.amazon.com/dp/B0BZ22VY4G",
        "rating": "4.5",
        "totalReviews": "134",
        "subtitle": "Wild Mountain Skincare",
        "isPrimeEligible": "1"
    },
    {
        "ASIN": "B0C2KH569H",
        "title": "Face Scrub Facial Exfoliator For Dull Skin Vitamin C Retinol Facial Scrub Brightening Exfoliating Face Scrub Microdermabrasion Facial Scrub Exfoliating Face Wash Cleanser for Women Men",
        "price": "$11.99 ($3.43 / Ounce)",
        "listPrice": "",
        "imageUrl": "https://m.media-amazon.com/images/I/414r3tbDkTL._SL160_.jpg",
        "detailPageURL": "https://www.amazon.com/dp/B0C2KH569H",
        "rating": "4.1",
        "totalReviews": "10",
        "subtitle": "Tamoskiny",
        "isPrimeEligible": "1"
    },
    {
        "ASIN": "B07HS3RCR8",
        "title": "Aveeno Positively Radiant Skin Brightening Exfoliating Daily Facial Scrub ,2.0 oz",
        "price": "$3.06 ($1.53 / Ounce)",
        "listPrice": "$4.79 ($2.40 / Ounce)",
        "imageUrl": "https://m.media-amazon.com/images/I/31rs8vC5MaL._SL160_.jpg",
        "detailPageURL": "https://www.amazon.com/dp/B07HS3RCR8",
        "rating": "4.5",
        "totalReviews": "1428",
        "subtitle": "Aveeno",
        "isPrimeEligible": "1"
    },
    {
        "ASIN": "B08VYLMH2Y",
        "title": "THE COMPLETE HOMEMADE BODY SCRUBS FOR BEGINNERS: How To Make Your Organic Body And Face Scrubs For Smooth, Soft And Youthful Skin. This Book Includes: \"Body Butter Recipes\" And \"Body Scrubs\")",
        "price": "$11.99",
        "listPrice": "",
        "imageUrl": "https://m.media-amazon.com/images/I/51BNTj33uAL._SL160_.jpg",
        "detailPageURL": "https://www.amazon.com/dp/B08VYLMH2Y",
        "rating": "4.0",
        "totalReviews": "5",
        "subtitle": "WILLIAM PH.D, DR.SANDRA (Paperback)",
        "isPrimeEligible": "1"
    },
    {
        "ASIN": "B0CDC29V9M",
        "title": "Face Scrub Brushes",
        "price": "$1.29",
        "listPrice": "",
        "imageUrl": "https://m.media-amazon.com/images/I/510TPn1n82L._SL160_.jpg",
        "detailPageURL": "https://www.amazon.com/dp/B0CDC29V9M",
        "rating": "",
        "totalReviews": "",
        "subtitle": "",
        "isPrimeEligible": "0"
    },
    {
        "ASIN": "B07GJR4KXM",
        "title": "Brooklyn Botany Brown Sugar Body Scrub - Moisturizing and Exfoliating Body, Face, Hand, Foot Scrub - Fights Acne, Fine Lines & Wrinkles, Great Gifts For Women & Men - 10 oz",
        "price": "$9.99 ($1.00 / Ounce)",
        "listPrice": "$16.99 ($1.70 / Ounce)",
        "imageUrl": "https://m.media-amazon.com/images/I/41Zl1DjrGpL._SL160_.jpg",
        "detailPageURL": "https://www.amazon.com/dp/B07GJR4KXM",
        "rating": "4.2",
        "totalReviews": "15096",
        "subtitle": "Brooklyn Botany",
        "isPrimeEligible": "1"
    },
    {
        "ASIN": "B07XDTFQ9V",
        "title": "LILY SADO MATCHA MADE IN HEAVEN Sugar Facial Scrub - Best Daily Facial Exfoliating Cleanser for Women & Men - Vegan Face Wash Exfoliates Skin, Treats Acne, Reduces Pore Size - All Skin Types - 4 oz",
        "price": "$21.95 ($5.49 / Fl Oz)",
        "listPrice": "",
        "imageUrl": "https://m.media-amazon.com/images/I/513htmP7O-S._SL160_.jpg",
        "detailPageURL": "https://www.amazon.com/dp/B07XDTFQ9V",
        "rating": "4.5",
        "totalReviews": "688",
        "subtitle": "LILY SADO",
        "isPrimeEligible": "1"
    },
    {
        "ASIN": "B071KQ691V",
        "title": "St. Ives (1976)",
        "price": "$17.99",
        "listPrice": "",
        "imageUrl": "https://m.media-amazon.com/images/I/51UsY0rCw0L._SL160_.jpg",
        "detailPageURL": "https://www.amazon.com/dp/B071KQ691V",
        "rating": "4.4",
        "totalReviews": "130",
        "subtitle": "Charles Bronson, Jacqueline Bisset, John Houseman, Maximilian Schell (DVD)",
        "isPrimeEligible": "1"
    },
    {
        "ASIN": "B00TZ7T79E",
        "title": "Body Scrubs: 30 Organic Homemade Body And Face Scrubs, The Best All-Natural Recipes For Soft, Radiant And Youthful Skin (Organic Body Care Recipes, Homemade Beauty Products, Bath Teas Book 1)",
        "price": "$2.99",
        "listPrice": "",
        "imageUrl": "https://m.media-amazon.com/images/I/517SDrtZmPL._SL160_.jpg",
        "detailPageURL": "https://www.amazon.com/dp/B00TZ7T79E",
        "rating": "4.2",
        "totalReviews": "305",
        "subtitle": "",
        "isPrimeEligible": "0"
    },
    {
        "ASIN": "B0BZ22VY4G",
        "title": "Wild Mountain Rough & Rugged Face Scrub - Micodermabrasion Mens Facial Scrub, Face Scrub Exfoliating Face Wash, Face Exfoliator, Face Scrubber Exfoliator, Exfoliating Scrub, Exfoliate For Face (4oz)",
        "price": "$12.99 ($3.25 / Ounce)",
        "listPrice": "",
        "imageUrl": "https://m.media-amazon.com/images/I/41qSAIJxBSL._SL160_.jpg",
        "detailPageURL": "https://www.amazon.com/dp/B0BZ22VY4G",
        "rating": "4.5",
        "totalReviews": "134",
        "subtitle": "Wild Mountain Skincare",
        "isPrimeEligible": "1"
    },
    {
        "ASIN": "B0C2KH569H",
        "title": "Face Scrub Facial Exfoliator For Dull Skin Vitamin C Retinol Facial Scrub Brightening Exfoliating Face Scrub Microdermabrasion Facial Scrub Exfoliating Face Wash Cleanser for Women Men",
        "price": "$11.99 ($3.43 / Ounce)",
        "listPrice": "",
        "imageUrl": "https://m.media-amazon.com/images/I/414r3tbDkTL._SL160_.jpg",
        "detailPageURL": "https://www.amazon.com/dp/B0C2KH569H",
        "rating": "4.1",
        "totalReviews": "10",
        "subtitle": "Tamoskiny",
        "isPrimeEligible": "1"
    },
    {
        "ASIN": "B07HS3RCR8",
        "title": "Aveeno Positively Radiant Skin Brightening Exfoliating Daily Facial Scrub ,2.0 oz",
        "price": "$3.06 ($1.53 / Ounce)",
        "listPrice": "$4.79 ($2.40 / Ounce)",
        "imageUrl": "https://m.media-amazon.com/images/I/31rs8vC5MaL._SL160_.jpg",
        "detailPageURL": "https://www.amazon.com/dp/B07HS3RCR8",
        "rating": "4.5",
        "totalReviews": "1428",
        "subtitle": "Aveeno",
        "isPrimeEligible": "1"
    },
    {
        "ASIN": "B08VYLMH2Y",
        "title": "THE COMPLETE HOMEMADE BODY SCRUBS FOR BEGINNERS: How To Make Your Organic Body And Face Scrubs For Smooth, Soft And Youthful Skin. This Book Includes: \"Body Butter Recipes\" And \"Body Scrubs\")",
        "price": "$11.99",
        "listPrice": "",
        "imageUrl": "https://m.media-amazon.com/images/I/51BNTj33uAL._SL160_.jpg",
        "detailPageURL": "https://www.amazon.com/dp/B08VYLMH2Y",
        "rating": "4.0",
        "totalReviews": "5",
        "subtitle": "WILLIAM PH.D, DR.SANDRA (Paperback)",
        "isPrimeEligible": "1"
    },
    {
        "ASIN": "B0CDC29V9M",
        "title": "Face Scrub Brushes",
        "price": "$1.29",
        "listPrice": "",
        "imageUrl": "https://m.media-amazon.com/images/I/510TPn1n82L._SL160_.jpg",
        "detailPageURL": "https://www.amazon.com/dp/B0CDC29V9M",
        "rating": "",
        "totalReviews": "",
        "subtitle": "",
        "isPrimeEligible": "0"
    },
    {
        "ASIN": "B07GJR4KXM",
        "title": "Brooklyn Botany Brown Sugar Body Scrub - Moisturizing and Exfoliating Body, Face, Hand, Foot Scrub - Fights Acne, Fine Lines & Wrinkles, Great Gifts For Women & Men - 10 oz",
        "price": "$9.99 ($1.00 / Ounce)",
        "listPrice": "$16.99 ($1.70 / Ounce)",
        "imageUrl": "https://m.media-amazon.com/images/I/41Zl1DjrGpL._SL160_.jpg",
        "detailPageURL": "https://www.amazon.com/dp/B07GJR4KXM",
        "rating": "4.2",
        "totalReviews": "15096",
        "subtitle": "Brooklyn Botany",
        "isPrimeEligible": "1"
    },
    {
        "ASIN": "B07XDTFQ9V",
        "title": "LILY SADO MATCHA MADE IN HEAVEN Sugar Facial Scrub - Best Daily Facial Exfoliating Cleanser for Women & Men - Vegan Face Wash Exfoliates Skin, Treats Acne, Reduces Pore Size - All Skin Types - 4 oz",
        "price": "$21.95 ($5.49 / Fl Oz)",
        "listPrice": "",
        "imageUrl": "https://m.media-amazon.com/images/I/513htmP7O-S._SL160_.jpg",
        "detailPageURL": "https://www.amazon.com/dp/B07XDTFQ9V",
        "rating": "4.5",
        "totalReviews": "688",
        "subtitle": "LILY SADO",
        "isPrimeEligible": "1"
    },
    {
        "ASIN": "B0BQ1WK8V6",
        "title": "Joli Noir - Brightening Turmeric Scrub With Honey, Cinnamon & Vitamin E - Fragrance Free Exfoliating Face Sugar Scrub - For Acne, Hyperpigmentation & Dullness - 3 Ounces",
        "price": "$9.99 ($3.33 / Ounce)",
        "listPrice": "",
        "imageUrl": "https://m.media-amazon.com/images/I/51Jrf3W5BGL._SL160_.jpg",
        "detailPageURL": "https://www.amazon.com/dp/B0BQ1WK8V6",
        "rating": "4.4",
        "totalReviews": "150",
        "subtitle": "Joli Noir",
        "isPrimeEligible": "1"
    },
    {
        "ASIN": "B00TZ7T79E",
        "title": "Body Scrubs: 30 Organic Homemade Body And Face Scrubs, The Best All-Natural Recipes For Soft, Radiant And Youthful Skin (Organic Body Care Recipes, Homemade Beauty Products, Bath Teas Book 1)",
        "price": "$2.99",
        "listPrice": "",
        "imageUrl": "https://m.media-amazon.com/images/I/517SDrtZmPL._SL160_.jpg",
        "detailPageURL": "https://www.amazon.com/dp/B00TZ7T79E",
        "rating": "4.2",
        "totalReviews": "305",
        "subtitle": "",
        "isPrimeEligible": "0"
    },
    {
        "ASIN": "B0BZ22VY4G",
        "title": "Wild Mountain Rough & Rugged Face Scrub - Micodermabrasion Mens Facial Scrub, Face Scrub Exfoliating Face Wash, Face Exfoliator, Face Scrubber Exfoliator, Exfoliating Scrub, Exfoliate For Face (4oz)",
        "price": "$12.99 ($3.25 / Ounce)",
        "listPrice": "",
        "imageUrl": "https://m.media-amazon.com/images/I/41qSAIJxBSL._SL160_.jpg",
        "detailPageURL": "https://www.amazon.com/dp/B0BZ22VY4G",
        "rating": "4.5",
        "totalReviews": "134",
        "subtitle": "Wild Mountain Skincare",
        "isPrimeEligible": "1"
    },
    {
        "ASIN": "B0C2KH569H",
        "title": "Face Scrub Facial Exfoliator For Dull Skin Vitamin C Retinol Facial Scrub Brightening Exfoliating Face Scrub Microdermabrasion Facial Scrub Exfoliating Face Wash Cleanser for Women Men",
        "price": "$11.99 ($3.43 / Ounce)",
        "listPrice": "",
        "imageUrl": "https://m.media-amazon.com/images/I/414r3tbDkTL._SL160_.jpg",
        "detailPageURL": "https://www.amazon.com/dp/B0C2KH569H",
        "rating": "4.1",
        "totalReviews": "10",
        "subtitle": "Tamoskiny",
        "isPrimeEligible": "1"
    },
    {
        "ASIN": "B07HS3RCR8",
        "title": "Aveeno Positively Radiant Skin Brightening Exfoliating Daily Facial Scrub ,2.0 oz",
        "price": "$3.06 ($1.53 / Ounce)",
        "listPrice": "$4.79 ($2.40 / Ounce)",
        "imageUrl": "https://m.media-amazon.com/images/I/31rs8vC5MaL._SL160_.jpg",
        "detailPageURL": "https://www.amazon.com/dp/B07HS3RCR8",
        "rating": "4.5",
        "totalReviews": "1428",
        "subtitle": "Aveeno",
        "isPrimeEligible": "1"
    },
    {
        "ASIN": "B08VYLMH2Y",
        "title": "THE COMPLETE HOMEMADE BODY SCRUBS FOR BEGINNERS: How To Make Your Organic Body And Face Scrubs For Smooth, Soft And Youthful Skin. This Book Includes: \"Body Butter Recipes\" And \"Body Scrubs\")",
        "price": "$11.99",
        "listPrice": "",
        "imageUrl": "https://m.media-amazon.com/images/I/51BNTj33uAL._SL160_.jpg",
        "detailPageURL": "https://www.amazon.com/dp/B08VYLMH2Y",
        "rating": "4.0",
        "totalReviews": "5",
        "subtitle": "WILLIAM PH.D, DR.SANDRA (Paperback)",
        "isPrimeEligible": "1"
    },
    {
        "ASIN": "B0CDC29V9M",
        "title": "Face Scrub Brushes",
        "price": "$1.29",
        "listPrice": "",
        "imageUrl": "https://m.media-amazon.com/images/I/510TPn1n82L._SL160_.jpg",
        "detailPageURL": "https://www.amazon.com/dp/B0CDC29V9M",
        "rating": "",
        "totalReviews": "",
        "subtitle": "",
        "isPrimeEligible": "0"
    },
    {
        "ASIN": "B07GJR4KXM",
        "title": "Brooklyn Botany Brown Sugar Body Scrub - Moisturizing and Exfoliating Body, Face, Hand, Foot Scrub - Fights Acne, Fine Lines & Wrinkles, Great Gifts For Women & Men - 10 oz",
        "price": "$9.99 ($1.00 / Ounce)",
        "listPrice": "$16.99 ($1.70 / Ounce)",
        "imageUrl": "https://m.media-amazon.com/images/I/41Zl1DjrGpL._SL160_.jpg",
        "detailPageURL": "https://www.amazon.com/dp/B07GJR4KXM",
        "rating": "4.2",
        "totalReviews": "15096",
        "subtitle": "Brooklyn Botany",
        "isPrimeEligible": "1"
    },
    {
        "ASIN": "B07XDTFQ9V",
        "title": "LILY SADO MATCHA MADE IN HEAVEN Sugar Facial Scrub - Best Daily Facial Exfoliating Cleanser for Women & Men - Vegan Face Wash Exfoliates Skin, Treats Acne, Reduces Pore Size - All Skin Types - 4 oz",
        "price": "$21.95 ($5.49 / Fl Oz)",
        "listPrice": "",
        "imageUrl": "https://m.media-amazon.com/images/I/513htmP7O-S._SL160_.jpg",
        "detailPageURL": "https://www.amazon.com/dp/B07XDTFQ9V",
        "rating": "4.5",
        "totalReviews": "688",
        "subtitle": "LILY SADO",
        "isPrimeEligible": "1"
    },
    {
        "ASIN": "B0BQ1WK8V6",
        "title": "Joli Noir - Brightening Turmeric Scrub With Honey, Cinnamon & Vitamin E - Fragrance Free Exfoliating Face Sugar Scrub - For Acne, Hyperpigmentation & Dullness - 3 Ounces",
        "price": "$9.99 ($3.33 / Ounce)",
        "listPrice": "",
        "imageUrl": "https://m.media-amazon.com/images/I/51Jrf3W5BGL._SL160_.jpg",
        "detailPageURL": "https://www.amazon.com/dp/B0BQ1WK8V6",
        "rating": "4.4",
        "totalReviews": "150",
        "subtitle": "Joli Noir",
        "isPrimeEligible": "1"
    },
    {
        "ASIN": "B004NU44BY",
        "title": "Neutrogena Deep Clean Invigorating Foaming Facial Scrub with Glycerin, Cooling & Exfoliating Gel Face Wash to Remove Dirt, Oil & Makeup, 4.2 fl. oz",
        "price": "$6.49 ($1.55 / Fl Oz)",
        "listPrice": "$11.39 ($2.71 / Fl Oz)",
        "imageUrl": "https://m.media-amazon.com/images/I/41IS4ItmUyL._SL160_.jpg",
        "detailPageURL": "https://www.amazon.com/dp/B004NU44BY",
        "rating": "4.6",
        "totalReviews": "11125",
        "subtitle": "Neutrogena",
        "isPrimeEligible": "1"
    },
    {
        "ASIN": "B0BZ22VY4G",
        "title": "Wild Mountain Rough & Rugged Face Scrub - Micodermabrasion Mens Facial Scrub, Face Scrub Exfoliating Face Wash, Face Exfoliator, Face Scrubber Exfoliator, Exfoliating Scrub, Exfoliate For Face (4oz)",
        "price": "$12.99 ($3.25 / Ounce)",
        "listPrice": "",
        "imageUrl": "https://m.media-amazon.com/images/I/41qSAIJxBSL._SL160_.jpg",
        "detailPageURL": "https://www.amazon.com/dp/B0BZ22VY4G",
        "rating": "4.5",
        "totalReviews": "134",
        "subtitle": "Wild Mountain Skincare",
        "isPrimeEligible": "1"
    },
    {
        "ASIN": "B0C2KH569H",
        "title": "Face Scrub Facial Exfoliator For Dull Skin Vitamin C Retinol Facial Scrub Brightening Exfoliating Face Scrub Microdermabrasion Facial Scrub Exfoliating Face Wash Cleanser for Women Men",
        "price": "$11.99 ($3.43 / Ounce)",
        "listPrice": "",
        "imageUrl": "https://m.media-amazon.com/images/I/414r3tbDkTL._SL160_.jpg",
        "detailPageURL": "https://www.amazon.com/dp/B0C2KH569H",
        "rating": "4.1",
        "totalReviews": "10",
        "subtitle": "Tamoskiny",
        "isPrimeEligible": "1"
    },
    {
        "ASIN": "B07HS3RCR8",
        "title": "Aveeno Positively Radiant Skin Brightening Exfoliating Daily Facial Scrub ,2.0 oz",
        "price": "$3.06 ($1.53 / Ounce)",
        "listPrice": "$4.79 ($2.40 / Ounce)",
        "imageUrl": "https://m.media-amazon.com/images/I/31rs8vC5MaL._SL160_.jpg",
        "detailPageURL": "https://www.amazon.com/dp/B07HS3RCR8",
        "rating": "4.5",
        "totalReviews": "1428",
        "subtitle": "Aveeno",
        "isPrimeEligible": "1"
    },
    {
        "ASIN": "B08VYLMH2Y",
        "title": "THE COMPLETE HOMEMADE BODY SCRUBS FOR BEGINNERS: How To Make Your Organic Body And Face Scrubs For Smooth, Soft And Youthful Skin. This Book Includes: \"Body Butter Recipes\" And \"Body Scrubs\")",
        "price": "$11.99",
        "listPrice": "",
        "imageUrl": "https://m.media-amazon.com/images/I/51BNTj33uAL._SL160_.jpg",
        "detailPageURL": "https://www.amazon.com/dp/B08VYLMH2Y",
        "rating": "4.0",
        "totalReviews": "5",
        "subtitle": "WILLIAM PH.D, DR.SANDRA (Paperback)",
        "isPrimeEligible": "1"
    },
    {
        "ASIN": "B0CDC29V9M",
        "title": "Face Scrub Brushes",
        "price": "$1.29",
        "listPrice": "",
        "imageUrl": "https://m.media-amazon.com/images/I/510TPn1n82L._SL160_.jpg",
        "detailPageURL": "https://www.amazon.com/dp/B0CDC29V9M",
        "rating": "",
        "totalReviews": "",
        "subtitle": "",
        "isPrimeEligible": "0"
    },
    {
        "ASIN": "B07GJR4KXM",
        "title": "Brooklyn Botany Brown Sugar Body Scrub - Moisturizing and Exfoliating Body, Face, Hand, Foot Scrub - Fights Acne, Fine Lines & Wrinkles, Great Gifts For Women & Men - 10 oz",
        "price": "$9.99 ($1.00 / Ounce)",
        "listPrice": "$16.99 ($1.70 / Ounce)",
        "imageUrl": "https://m.media-amazon.com/images/I/41Zl1DjrGpL._SL160_.jpg",
        "detailPageURL": "https://www.amazon.com/dp/B07GJR4KXM",
        "rating": "4.2",
        "totalReviews": "15096",
        "subtitle": "Brooklyn Botany",
        "isPrimeEligible": "1"
    },
    {
        "ASIN": "B07XDTFQ9V",
        "title": "LILY SADO MATCHA MADE IN HEAVEN Sugar Facial Scrub - Best Daily Facial Exfoliating Cleanser for Women & Men - Vegan Face Wash Exfoliates Skin, Treats Acne, Reduces Pore Size - All Skin Types - 4 oz",
        "price": "$21.95 ($5.49 / Fl Oz)",
        "listPrice": "",
        "imageUrl": "https://m.media-amazon.com/images/I/513htmP7O-S._SL160_.jpg",
        "detailPageURL": "https://www.amazon.com/dp/B07XDTFQ9V",
        "rating": "4.5",
        "totalReviews": "688",
        "subtitle": "LILY SADO",
        "isPrimeEligible": "1"
    },
    {
        "ASIN": "B0BQ1WK8V6",
        "title": "Joli Noir - Brightening Turmeric Scrub With Honey, Cinnamon & Vitamin E - Fragrance Free Exfoliating Face Sugar Scrub - For Acne, Hyperpigmentation & Dullness - 3 Ounces",
        "price": "$9.99 ($3.33 / Ounce)",
        "listPrice": "",
        "imageUrl": "https://m.media-amazon.com/images/I/51Jrf3W5BGL._SL160_.jpg",
        "detailPageURL": "https://www.amazon.com/dp/B0BQ1WK8V6",
        "rating": "4.4",
        "totalReviews": "150",
        "subtitle": "Joli Noir",
        "isPrimeEligible": "1"
    },
    {
        "ASIN": "B004NU44BY",
        "title": "Neutrogena Deep Clean Invigorating Foaming Facial Scrub with Glycerin, Cooling & Exfoliating Gel Face Wash to Remove Dirt, Oil & Makeup, 4.2 fl. oz",
        "price": "$6.49 ($1.55 / Fl Oz)",
        "listPrice": "$11.39 ($2.71 / Fl Oz)",
        "imageUrl": "https://m.media-amazon.com/images/I/41IS4ItmUyL._SL160_.jpg",
        "detailPageURL": "https://www.amazon.com/dp/B004NU44BY",
        "rating": "4.6",
        "totalReviews": "11125",
        "subtitle": "Neutrogena",
        "isPrimeEligible": "1"
    },
    {
        "ASIN": "B003O3YXDK",
        "title": "Alba Botanica Acnedote Maximum Strength Face & Body Scrub, 8 Oz",
        "price": "$6.18 ($0.77 / Ounce)",
        "listPrice": "$8.99 ($1.12 / Ounce)",
        "imageUrl": "https://m.media-amazon.com/images/I/31cEBAongRL._SL160_.jpg",
        "detailPageURL": "https://www.amazon.com/dp/B003O3YXDK",
        "rating": "4.6",
        "totalReviews": "4185",
        "subtitle": "Alba Botanica",
        "isPrimeEligible": "1"
    },
    {
        "ASIN": "B0C2KH569H",
        "title": "Face Scrub Facial Exfoliator For Dull Skin Vitamin C Retinol Facial Scrub Brightening Exfoliating Face Scrub Microdermabrasion Facial Scrub Exfoliating Face Wash Cleanser for Women Men",
        "price": "$11.99 ($3.43 / Ounce)",
        "listPrice": "",
        "imageUrl": "https://m.media-amazon.com/images/I/414r3tbDkTL._SL160_.jpg",
        "detailPageURL": "https://www.amazon.com/dp/B0C2KH569H",
        "rating": "4.1",
        "totalReviews": "10",
        "subtitle": "Tamoskiny",
        "isPrimeEligible": "1"
    },
    {
        "ASIN": "B07HS3RCR8",
        "title": "Aveeno Positively Radiant Skin Brightening Exfoliating Daily Facial Scrub ,2.0 oz",
        "price": "$3.06 ($1.53 / Ounce)",
        "listPrice": "$4.79 ($2.40 / Ounce)",
        "imageUrl": "https://m.media-amazon.com/images/I/31rs8vC5MaL._SL160_.jpg",
        "detailPageURL": "https://www.amazon.com/dp/B07HS3RCR8",
        "rating": "4.5",
        "totalReviews": "1428",
        "subtitle": "Aveeno",
        "isPrimeEligible": "1"
    },
    {
        "ASIN": "B08VYLMH2Y",
        "title": "THE COMPLETE HOMEMADE BODY SCRUBS FOR BEGINNERS: How To Make Your Organic Body And Face Scrubs For Smooth, Soft And Youthful Skin. This Book Includes: \"Body Butter Recipes\" And \"Body Scrubs\")",
        "price": "$11.99",
        "listPrice": "",
        "imageUrl": "https://m.media-amazon.com/images/I/51BNTj33uAL._SL160_.jpg",
        "detailPageURL": "https://www.amazon.com/dp/B08VYLMH2Y",
        "rating": "4.0",
        "totalReviews": "5",
        "subtitle": "WILLIAM PH.D, DR.SANDRA (Paperback)",
        "isPrimeEligible": "1"
    },
    {
        "ASIN": "B0CDC29V9M",
        "title": "Face Scrub Brushes",
        "price": "$1.29",
        "listPrice": "",
        "imageUrl": "https://m.media-amazon.com/images/I/510TPn1n82L._SL160_.jpg",
        "detailPageURL": "https://www.amazon.com/dp/B0CDC29V9M",
        "rating": "",
        "totalReviews": "",
        "subtitle": "",
        "isPrimeEligible": "0"
    },
    {
        "ASIN": "B07GJR4KXM",
        "title": "Brooklyn Botany Brown Sugar Body Scrub - Moisturizing and Exfoliating Body, Face, Hand, Foot Scrub - Fights Acne, Fine Lines & Wrinkles, Great Gifts For Women & Men - 10 oz",
        "price": "$9.99 ($1.00 / Ounce)",
        "listPrice": "$16.99 ($1.70 / Ounce)",
        "imageUrl": "https://m.media-amazon.com/images/I/41Zl1DjrGpL._SL160_.jpg",
        "detailPageURL": "https://www.amazon.com/dp/B07GJR4KXM",
        "rating": "4.2",
        "totalReviews": "15096",
        "subtitle": "Brooklyn Botany",
        "isPrimeEligible": "1"
    },
    {
        "ASIN": "B07XDTFQ9V",
        "title": "LILY SADO MATCHA MADE IN HEAVEN Sugar Facial Scrub - Best Daily Facial Exfoliating Cleanser for Women & Men - Vegan Face Wash Exfoliates Skin, Treats Acne, Reduces Pore Size - All Skin Types - 4 oz",
        "price": "$21.95 ($5.49 / Fl Oz)",
        "listPrice": "",
        "imageUrl": "https://m.media-amazon.com/images/I/513htmP7O-S._SL160_.jpg",
        "detailPageURL": "https://www.amazon.com/dp/B07XDTFQ9V",
        "rating": "4.5",
        "totalReviews": "688",
        "subtitle": "LILY SADO",
        "isPrimeEligible": "1"
    },
    {
        "ASIN": "B0BQ1WK8V6",
        "title": "Joli Noir - Brightening Turmeric Scrub With Honey, Cinnamon & Vitamin E - Fragrance Free Exfoliating Face Sugar Scrub - For Acne, Hyperpigmentation & Dullness - 3 Ounces",
        "price": "$9.99 ($3.33 / Ounce)",
        "listPrice": "",
        "imageUrl": "https://m.media-amazon.com/images/I/51Jrf3W5BGL._SL160_.jpg",
        "detailPageURL": "https://www.amazon.com/dp/B0BQ1WK8V6",
        "rating": "4.4",
        "totalReviews": "150",
        "subtitle": "Joli Noir",
        "isPrimeEligible": "1"
    },
    {
        "ASIN": "B004NU44BY",
        "title": "Neutrogena Deep Clean Invigorating Foaming Facial Scrub with Glycerin, Cooling & Exfoliating Gel Face Wash to Remove Dirt, Oil & Makeup, 4.2 fl. oz",
        "price": "$6.49 ($1.55 / Fl Oz)",
        "listPrice": "$11.39 ($2.71 / Fl Oz)",
        "imageUrl": "https://m.media-amazon.com/images/I/41IS4ItmUyL._SL160_.jpg",
        "detailPageURL": "https://www.amazon.com/dp/B004NU44BY",
        "rating": "4.6",
        "totalReviews": "11125",
        "subtitle": "Neutrogena",
        "isPrimeEligible": "1"
    },
    {
        "ASIN": "B003O3YXDK",
        "title": "Alba Botanica Acnedote Maximum Strength Face & Body Scrub, 8 Oz",
        "price": "$6.18 ($0.77 / Ounce)",
        "listPrice": "$8.99 ($1.12 / Ounce)",
        "imageUrl": "https://m.media-amazon.com/images/I/31cEBAongRL._SL160_.jpg",
        "detailPageURL": "https://www.amazon.com/dp/B003O3YXDK",
        "rating": "4.6",
        "totalReviews": "4185",
        "subtitle": "Alba Botanica",
        "isPrimeEligible": "1"
    },
    {
        "ASIN": "B06XSYHXB6",
        "title": "The Better Skin Co. | Lava Magik Face Cleanser / Face Scrub and Facial Mask | Exfoliating French Volcanic Lava | Pore Cleansing, Blackhead Reducing, Skin Tightening Cream | 4 oz",
        "price": "$12.50",
        "listPrice": "",
        "imageUrl": "https://m.media-amazon.com/images/I/41FPcJKy2DL._SL160_.jpg",
        "detailPageURL": "https://www.amazon.com/dp/B06XSYHXB6",
        "rating": "4.6",
        "totalReviews": "1179",
        "subtitle": "",
        "isPrimeEligible": "1"
    },
    {
        "ASIN": "B07HS3RCR8",
        "title": "Aveeno Positively Radiant Skin Brightening Exfoliating Daily Facial Scrub ,2.0 oz",
        "price": "$3.06 ($1.53 / Ounce)",
        "listPrice": "$4.79 ($2.40 / Ounce)",
        "imageUrl": "https://m.media-amazon.com/images/I/31rs8vC5MaL._SL160_.jpg",
        "detailPageURL": "https://www.amazon.com/dp/B07HS3RCR8",
        "rating": "4.5",
        "totalReviews": "1428",
        "subtitle": "Aveeno",
        "isPrimeEligible": "1"
    },
    {
        "ASIN": "B08VYLMH2Y",
        "title": "THE COMPLETE HOMEMADE BODY SCRUBS FOR BEGINNERS: How To Make Your Organic Body And Face Scrubs For Smooth, Soft And Youthful Skin. This Book Includes: \"Body Butter Recipes\" And \"Body Scrubs\")",
        "price": "$11.99",
        "listPrice": "",
        "imageUrl": "https://m.media-amazon.com/images/I/51BNTj33uAL._SL160_.jpg",
        "detailPageURL": "https://www.amazon.com/dp/B08VYLMH2Y",
        "rating": "4.0",
        "totalReviews": "5",
        "subtitle": "WILLIAM PH.D, DR.SANDRA (Paperback)",
        "isPrimeEligible": "1"
    },
    {
        "ASIN": "B0CDC29V9M",
        "title": "Face Scrub Brushes",
        "price": "$1.29",
        "listPrice": "",
        "imageUrl": "https://m.media-amazon.com/images/I/510TPn1n82L._SL160_.jpg",
        "detailPageURL": "https://www.amazon.com/dp/B0CDC29V9M",
        "rating": "",
        "totalReviews": "",
        "subtitle": "",
        "isPrimeEligible": "0"
    },
    {
        "ASIN": "B07GJR4KXM",
        "title": "Brooklyn Botany Brown Sugar Body Scrub - Moisturizing and Exfoliating Body, Face, Hand, Foot Scrub - Fights Acne, Fine Lines & Wrinkles, Great Gifts For Women & Men - 10 oz",
        "price": "$9.99 ($1.00 / Ounce)",
        "listPrice": "$16.99 ($1.70 / Ounce)",
        "imageUrl": "https://m.media-amazon.com/images/I/41Zl1DjrGpL._SL160_.jpg",
        "detailPageURL": "https://www.amazon.com/dp/B07GJR4KXM",
        "rating": "4.2",
        "totalReviews": "15096",
        "subtitle": "Brooklyn Botany",
        "isPrimeEligible": "1"
    },
    {
        "ASIN": "B07XDTFQ9V",
        "title": "LILY SADO MATCHA MADE IN HEAVEN Sugar Facial Scrub - Best Daily Facial Exfoliating Cleanser for Women & Men - Vegan Face Wash Exfoliates Skin, Treats Acne, Reduces Pore Size - All Skin Types - 4 oz",
        "price": "$21.95 ($5.49 / Fl Oz)",
        "listPrice": "",
        "imageUrl": "https://m.media-amazon.com/images/I/513htmP7O-S._SL160_.jpg",
        "detailPageURL": "https://www.amazon.com/dp/B07XDTFQ9V",
        "rating": "4.5",
        "totalReviews": "688",
        "subtitle": "LILY SADO",
        "isPrimeEligible": "1"
    },
    {
        "ASIN": "B0BQ1WK8V6",
        "title": "Joli Noir - Brightening Turmeric Scrub With Honey, Cinnamon & Vitamin E - Fragrance Free Exfoliating Face Sugar Scrub - For Acne, Hyperpigmentation & Dullness - 3 Ounces",
        "price": "$9.99 ($3.33 / Ounce)",
        "listPrice": "",
        "imageUrl": "https://m.media-amazon.com/images/I/51Jrf3W5BGL._SL160_.jpg",
        "detailPageURL": "https://www.amazon.com/dp/B0BQ1WK8V6",
        "rating": "4.4",
        "totalReviews": "150",
        "subtitle": "Joli Noir",
        "isPrimeEligible": "1"
    },
    {
        "ASIN": "B004NU44BY",
        "title": "Neutrogena Deep Clean Invigorating Foaming Facial Scrub with Glycerin, Cooling & Exfoliating Gel Face Wash to Remove Dirt, Oil & Makeup, 4.2 fl. oz",
        "price": "$6.49 ($1.55 / Fl Oz)",
        "listPrice": "$11.39 ($2.71 / Fl Oz)",
        "imageUrl": "https://m.media-amazon.com/images/I/41IS4ItmUyL._SL160_.jpg",
        "detailPageURL": "https://www.amazon.com/dp/B004NU44BY",
        "rating": "4.6",
        "totalReviews": "11125",
        "subtitle": "Neutrogena",
        "isPrimeEligible": "1"
    },
    {
        "ASIN": "B003O3YXDK",
        "title": "Alba Botanica Acnedote Maximum Strength Face & Body Scrub, 8 Oz",
        "price": "$6.18 ($0.77 / Ounce)",
        "listPrice": "$8.99 ($1.12 / Ounce)",
        "imageUrl": "https://m.media-amazon.com/images/I/31cEBAongRL._SL160_.jpg",
        "detailPageURL": "https://www.amazon.com/dp/B003O3YXDK",
        "rating": "4.6",
        "totalReviews": "4185",
        "subtitle": "Alba Botanica",
        "isPrimeEligible": "1"
    },
    {
        "ASIN": "B06XSYHXB6",
        "title": "The Better Skin Co. | Lava Magik Face Cleanser / Face Scrub and Facial Mask | Exfoliating French Volcanic Lava | Pore Cleansing, Blackhead Reducing, Skin Tightening Cream | 4 oz",
        "price": "$12.50",
        "listPrice": "",
        "imageUrl": "https://m.media-amazon.com/images/I/41FPcJKy2DL._SL160_.jpg",
        "detailPageURL": "https://www.amazon.com/dp/B06XSYHXB6",
        "rating": "4.6",
        "totalReviews": "1179",
        "subtitle": "",
        "isPrimeEligible": "1"
    },
    {
        "ASIN": "B077NXGWTT",
        "title": "Viking Revolution Microdermabrasion Face Scrub for Men - Facial Cleanser for Skin Exfoliating, Deep Cleansing, Removing Blackheads, Acne, Ingrown Hairs - Men's Face Scrub for Pre-Shave (1 Pack)",
        "price": "$9.88 ($1.98 / Ounce)",
        "listPrice": "$12.88 ($2.58 / Ounce)",
        "imageUrl": "https://m.media-amazon.com/images/I/51nYZUOP+VL._SL160_.jpg",
        "detailPageURL": "https://www.amazon.com/dp/B077NXGWTT",
        "rating": "4.4",
        "totalReviews": "5035",
        "subtitle": "Viking Revolution",
        "isPrimeEligible": "1"
    },
    {
        "ASIN": "B08VYLMH2Y",
        "title": "THE COMPLETE HOMEMADE BODY SCRUBS FOR BEGINNERS: How To Make Your Organic Body And Face Scrubs For Smooth, Soft And Youthful Skin. This Book Includes: \"Body Butter Recipes\" And \"Body Scrubs\")",
        "price": "$11.99",
        "listPrice": "",
        "imageUrl": "https://m.media-amazon.com/images/I/51BNTj33uAL._SL160_.jpg",
        "detailPageURL": "https://www.amazon.com/dp/B08VYLMH2Y",
        "rating": "4.0",
        "totalReviews": "5",
        "subtitle": "WILLIAM PH.D, DR.SANDRA (Paperback)",
        "isPrimeEligible": "1"
    },
    {
        "ASIN": "B0CDC29V9M",
        "title": "Face Scrub Brushes",
        "price": "$1.29",
        "listPrice": "",
        "imageUrl": "https://m.media-amazon.com/images/I/510TPn1n82L._SL160_.jpg",
        "detailPageURL": "https://www.amazon.com/dp/B0CDC29V9M",
        "rating": "",
        "totalReviews": "",
        "subtitle": "",
        "isPrimeEligible": "0"
    },
    {
        "ASIN": "B07GJR4KXM",
        "title": "Brooklyn Botany Brown Sugar Body Scrub - Moisturizing and Exfoliating Body, Face, Hand, Foot Scrub - Fights Acne, Fine Lines & Wrinkles, Great Gifts For Women & Men - 10 oz",
        "price": "$9.99 ($1.00 / Ounce)",
        "listPrice": "$16.99 ($1.70 / Ounce)",
        "imageUrl": "https://m.media-amazon.com/images/I/41Zl1DjrGpL._SL160_.jpg",
        "detailPageURL": "https://www.amazon.com/dp/B07GJR4KXM",
        "rating": "4.2",
        "totalReviews": "15096",
        "subtitle": "Brooklyn Botany",
        "isPrimeEligible": "1"
    },
    {
        "ASIN": "B07XDTFQ9V",
        "title": "LILY SADO MATCHA MADE IN HEAVEN Sugar Facial Scrub - Best Daily Facial Exfoliating Cleanser for Women & Men - Vegan Face Wash Exfoliates Skin, Treats Acne, Reduces Pore Size - All Skin Types - 4 oz",
        "price": "$21.95 ($5.49 / Fl Oz)",
        "listPrice": "",
        "imageUrl": "https://m.media-amazon.com/images/I/513htmP7O-S._SL160_.jpg",
        "detailPageURL": "https://www.amazon.com/dp/B07XDTFQ9V",
        "rating": "4.5",
        "totalReviews": "688",
        "subtitle": "LILY SADO",
        "isPrimeEligible": "1"
    },
    {
        "ASIN": "B0BQ1WK8V6",
        "title": "Joli Noir - Brightening Turmeric Scrub With Honey, Cinnamon & Vitamin E - Fragrance Free Exfoliating Face Sugar Scrub - For Acne, Hyperpigmentation & Dullness - 3 Ounces",
        "price": "$9.99 ($3.33 / Ounce)",
        "listPrice": "",
        "imageUrl": "https://m.media-amazon.com/images/I/51Jrf3W5BGL._SL160_.jpg",
        "detailPageURL": "https://www.amazon.com/dp/B0BQ1WK8V6",
        "rating": "4.4",
        "totalReviews": "150",
        "subtitle": "Joli Noir",
        "isPrimeEligible": "1"
    },
    {
        "ASIN": "B004NU44BY",
        "title": "Neutrogena Deep Clean Invigorating Foaming Facial Scrub with Glycerin, Cooling & Exfoliating Gel Face Wash to Remove Dirt, Oil & Makeup, 4.2 fl. oz",
        "price": "$6.49 ($1.55 / Fl Oz)",
        "listPrice": "$11.39 ($2.71 / Fl Oz)",
        "imageUrl": "https://m.media-amazon.com/images/I/41IS4ItmUyL._SL160_.jpg",
        "detailPageURL": "https://www.amazon.com/dp/B004NU44BY",
        "rating": "4.6",
        "totalReviews": "11125",
        "subtitle": "Neutrogena",
        "isPrimeEligible": "1"
    },
    {
        "ASIN": "B003O3YXDK",
        "title": "Alba Botanica Acnedote Maximum Strength Face & Body Scrub, 8 Oz",
        "price": "$6.18 ($0.77 / Ounce)",
        "listPrice": "$8.99 ($1.12 / Ounce)",
        "imageUrl": "https://m.media-amazon.com/images/I/31cEBAongRL._SL160_.jpg",
        "detailPageURL": "https://www.amazon.com/dp/B003O3YXDK",
        "rating": "4.6",
        "totalReviews": "4185",
        "subtitle": "Alba Botanica",
        "isPrimeEligible": "1"
    },
    {
        "ASIN": "B06XSYHXB6",
        "title": "The Better Skin Co. | Lava Magik Face Cleanser / Face Scrub and Facial Mask | Exfoliating French Volcanic Lava | Pore Cleansing, Blackhead Reducing, Skin Tightening Cream | 4 oz",
        "price": "$12.50",
        "listPrice": "",
        "imageUrl": "https://m.media-amazon.com/images/I/41FPcJKy2DL._SL160_.jpg",
        "detailPageURL": "https://www.amazon.com/dp/B06XSYHXB6",
        "rating": "4.6",
        "totalReviews": "1179",
        "subtitle": "",
        "isPrimeEligible": "1"
    },
    {
        "ASIN": "B077NXGWTT",
        "title": "Viking Revolution Microdermabrasion Face Scrub for Men - Facial Cleanser for Skin Exfoliating, Deep Cleansing, Removing Blackheads, Acne, Ingrown Hairs - Men's Face Scrub for Pre-Shave (1 Pack)",
        "price": "$9.88 ($1.98 / Ounce)",
        "listPrice": "$12.88 ($2.58 / Ounce)",
        "imageUrl": "https://m.media-amazon.com/images/I/51nYZUOP+VL._SL160_.jpg",
        "detailPageURL": "https://www.amazon.com/dp/B077NXGWTT",
        "rating": "4.4",
        "totalReviews": "5035",
        "subtitle": "Viking Revolution",
        "isPrimeEligible": "1"
    },
    {
        "ASIN": "B0719GRD5R",
        "title": "Clean & Clear Oil-Free Deep Action Exfoliating Facial Scrub, Cooling Daily Face Wash With Exfoliating Beads for Smooth Skin, Cleanses Deep Down to the Pores to Remove Dirt, Oil & Makeup, 7 oz",
        "price": "$7.27 ($1.04 / Fl Oz)",
        "listPrice": "$9.79 ($1.40 / Fl Oz)",
        "imageUrl": "https://m.media-amazon.com/images/I/41v90c7xi1L._SL160_.jpg",
        "detailPageURL": "https://www.amazon.com/dp/B0719GRD5R",
        "rating": "4.6",
        "totalReviews": "24763",
        "subtitle": "Clean & Clear",
        "isPrimeEligible": "1"
    },
    {
        "ASIN": "B0CDC29V9M",
        "title": "Face Scrub Brushes",
        "price": "$1.29",
        "listPrice": "",
        "imageUrl": "https://m.media-amazon.com/images/I/510TPn1n82L._SL160_.jpg",
        "detailPageURL": "https://www.amazon.com/dp/B0CDC29V9M",
        "rating": "",
        "totalReviews": "",
        "subtitle": "",
        "isPrimeEligible": "0"
    },
    {
        "ASIN": "B07GJR4KXM",
        "title": "Brooklyn Botany Brown Sugar Body Scrub - Moisturizing and Exfoliating Body, Face, Hand, Foot Scrub - Fights Acne, Fine Lines & Wrinkles, Great Gifts For Women & Men - 10 oz",
        "price": "$9.99 ($1.00 / Ounce)",
        "listPrice": "$16.99 ($1.70 / Ounce)",
        "imageUrl": "https://m.media-amazon.com/images/I/41Zl1DjrGpL._SL160_.jpg",
        "detailPageURL": "https://www.amazon.com/dp/B07GJR4KXM",
        "rating": "4.2",
        "totalReviews": "15096",
        "subtitle": "Brooklyn Botany",
        "isPrimeEligible": "1"
    },
    {
        "ASIN": "B07XDTFQ9V",
        "title": "LILY SADO MATCHA MADE IN HEAVEN Sugar Facial Scrub - Best Daily Facial Exfoliating Cleanser for Women & Men - Vegan Face Wash Exfoliates Skin, Treats Acne, Reduces Pore Size - All Skin Types - 4 oz",
        "price": "$21.95 ($5.49 / Fl Oz)",
        "listPrice": "",
        "imageUrl": "https://m.media-amazon.com/images/I/513htmP7O-S._SL160_.jpg",
        "detailPageURL": "https://www.amazon.com/dp/B07XDTFQ9V",
        "rating": "4.5",
        "totalReviews": "688",
        "subtitle": "LILY SADO",
        "isPrimeEligible": "1"
    },
    {
        "ASIN": "B0BQ1WK8V6",
        "title": "Joli Noir - Brightening Turmeric Scrub With Honey, Cinnamon & Vitamin E - Fragrance Free Exfoliating Face Sugar Scrub - For Acne, Hyperpigmentation & Dullness - 3 Ounces",
        "price": "$9.99 ($3.33 / Ounce)",
        "listPrice": "",
        "imageUrl": "https://m.media-amazon.com/images/I/51Jrf3W5BGL._SL160_.jpg",
        "detailPageURL": "https://www.amazon.com/dp/B0BQ1WK8V6",
        "rating": "4.4",
        "totalReviews": "150",
        "subtitle": "Joli Noir",
        "isPrimeEligible": "1"
    },
    {
        "ASIN": "B004NU44BY",
        "title": "Neutrogena Deep Clean Invigorating Foaming Facial Scrub with Glycerin, Cooling & Exfoliating Gel Face Wash to Remove Dirt, Oil & Makeup, 4.2 fl. oz",
        "price": "$6.49 ($1.55 / Fl Oz)",
        "listPrice": "$11.39 ($2.71 / Fl Oz)",
        "imageUrl": "https://m.media-amazon.com/images/I/41IS4ItmUyL._SL160_.jpg",
        "detailPageURL": "https://www.amazon.com/dp/B004NU44BY",
        "rating": "4.6",
        "totalReviews": "11125",
        "subtitle": "Neutrogena",
        "isPrimeEligible": "1"
    },
    {
        "ASIN": "B003O3YXDK",
        "title": "Alba Botanica Acnedote Maximum Strength Face & Body Scrub, 8 Oz",
        "price": "$6.18 ($0.77 / Ounce)",
        "listPrice": "$8.99 ($1.12 / Ounce)",
        "imageUrl": "https://m.media-amazon.com/images/I/31cEBAongRL._SL160_.jpg",
        "detailPageURL": "https://www.amazon.com/dp/B003O3YXDK",
        "rating": "4.6",
        "totalReviews": "4185",
        "subtitle": "Alba Botanica",
        "isPrimeEligible": "1"
    },
    {
        "ASIN": "B06XSYHXB6",
        "title": "The Better Skin Co. | Lava Magik Face Cleanser / Face Scrub and Facial Mask | Exfoliating French Volcanic Lava | Pore Cleansing, Blackhead Reducing, Skin Tightening Cream | 4 oz",
        "price": "$12.50",
        "listPrice": "",
        "imageUrl": "https://m.media-amazon.com/images/I/41FPcJKy2DL._SL160_.jpg",
        "detailPageURL": "https://www.amazon.com/dp/B06XSYHXB6",
        "rating": "4.6",
        "totalReviews": "1179",
        "subtitle": "",
        "isPrimeEligible": "1"
    },
    {
        "ASIN": "B077NXGWTT",
        "title": "Viking Revolution Microdermabrasion Face Scrub for Men - Facial Cleanser for Skin Exfoliating, Deep Cleansing, Removing Blackheads, Acne, Ingrown Hairs - Men's Face Scrub for Pre-Shave (1 Pack)",
        "price": "$9.88 ($1.98 / Ounce)",
        "listPrice": "$12.88 ($2.58 / Ounce)",
        "imageUrl": "https://m.media-amazon.com/images/I/51nYZUOP+VL._SL160_.jpg",
        "detailPageURL": "https://www.amazon.com/dp/B077NXGWTT",
        "rating": "4.4",
        "totalReviews": "5035",
        "subtitle": "Viking Revolution",
        "isPrimeEligible": "1"
    },
    {
        "ASIN": "B0719GRD5R",
        "title": "Clean & Clear Oil-Free Deep Action Exfoliating Facial Scrub, Cooling Daily Face Wash With Exfoliating Beads for Smooth Skin, Cleanses Deep Down to the Pores to Remove Dirt, Oil & Makeup, 7 oz",
        "price": "$7.27 ($1.04 / Fl Oz)",
        "listPrice": "$9.79 ($1.40 / Fl Oz)",
        "imageUrl": "https://m.media-amazon.com/images/I/41v90c7xi1L._SL160_.jpg",
        "detailPageURL": "https://www.amazon.com/dp/B0719GRD5R",
        "rating": "4.6",
        "totalReviews": "24763",
        "subtitle": "Clean & Clear",
        "isPrimeEligible": "1"
    },
    {
        "ASIN": "B018H32LHQ",
        "title": "Era Organics Microdermabrasion Facial Scrub & Face Exfoliator - Spa Quality Exfoliating Face Mask with Manuka Honey & Walnut - Moisturizing Facial Exfoliant for Dry Skin, Blackheads & Wrinkles (2 oz)",
        "price": "$16.99 ($8.50 / Ounce)",
        "listPrice": "$20.45 ($10.22 / Ounce)",
        "imageUrl": "https://m.media-amazon.com/images/I/413dNnxMtgL._SL160_.jpg",
        "detailPageURL": "https://www.amazon.com/dp/B018H32LHQ",
        "rating": "4.4",
        "totalReviews": "18337",
        "subtitle": "Era Organics",
        "isPrimeEligible": "1"
    },
    {
        "ASIN": "B07GJR4KXM",
        "title": "Brooklyn Botany Brown Sugar Body Scrub - Moisturizing and Exfoliating Body, Face, Hand, Foot Scrub - Fights Acne, Fine Lines & Wrinkles, Great Gifts For Women & Men - 10 oz",
        "price": "$9.99 ($1.00 / Ounce)",
        "listPrice": "$16.99 ($1.70 / Ounce)",
        "imageUrl": "https://m.media-amazon.com/images/I/41Zl1DjrGpL._SL160_.jpg",
        "detailPageURL": "https://www.amazon.com/dp/B07GJR4KXM",
        "rating": "4.2",
        "totalReviews": "15096",
        "subtitle": "Brooklyn Botany",
        "isPrimeEligible": "1"
    },
    {
        "ASIN": "B07XDTFQ9V",
        "title": "LILY SADO MATCHA MADE IN HEAVEN Sugar Facial Scrub - Best Daily Facial Exfoliating Cleanser for Women & Men - Vegan Face Wash Exfoliates Skin, Treats Acne, Reduces Pore Size - All Skin Types - 4 oz",
        "price": "$21.95 ($5.49 / Fl Oz)",
        "listPrice": "",
        "imageUrl": "https://m.media-amazon.com/images/I/513htmP7O-S._SL160_.jpg",
        "detailPageURL": "https://www.amazon.com/dp/B07XDTFQ9V",
        "rating": "4.5",
        "totalReviews": "688",
        "subtitle": "LILY SADO",
        "isPrimeEligible": "1"
    },
    {
        "ASIN": "B0BQ1WK8V6",
        "title": "Joli Noir - Brightening Turmeric Scrub With Honey, Cinnamon & Vitamin E - Fragrance Free Exfoliating Face Sugar Scrub - For Acne, Hyperpigmentation & Dullness - 3 Ounces",
        "price": "$9.99 ($3.33 / Ounce)",
        "listPrice": "",
        "imageUrl": "https://m.media-amazon.com/images/I/51Jrf3W5BGL._SL160_.jpg",
        "detailPageURL": "https://www.amazon.com/dp/B0BQ1WK8V6",
        "rating": "4.4",
        "totalReviews": "150",
        "subtitle": "Joli Noir",
        "isPrimeEligible": "1"
    },
    {
        "ASIN": "B004NU44BY",
        "title": "Neutrogena Deep Clean Invigorating Foaming Facial Scrub with Glycerin, Cooling & Exfoliating Gel Face Wash to Remove Dirt, Oil & Makeup, 4.2 fl. oz",
        "price": "$6.49 ($1.55 / Fl Oz)",
        "listPrice": "$11.39 ($2.71 / Fl Oz)",
        "imageUrl": "https://m.media-amazon.com/images/I/41IS4ItmUyL._SL160_.jpg",
        "detailPageURL": "https://www.amazon.com/dp/B004NU44BY",
        "rating": "4.6",
        "totalReviews": "11125",
        "subtitle": "Neutrogena",
        "isPrimeEligible": "1"
    },
    {
        "ASIN": "B003O3YXDK",
        "title": "Alba Botanica Acnedote Maximum Strength Face & Body Scrub, 8 Oz",
        "price": "$6.18 ($0.77 / Ounce)",
        "listPrice": "$8.99 ($1.12 / Ounce)",
        "imageUrl": "https://m.media-amazon.com/images/I/31cEBAongRL._SL160_.jpg",
        "detailPageURL": "https://www.amazon.com/dp/B003O3YXDK",
        "rating": "4.6",
        "totalReviews": "4185",
        "subtitle": "Alba Botanica",
        "isPrimeEligible": "1"
    },
    {
        "ASIN": "B06XSYHXB6",
        "title": "The Better Skin Co. | Lava Magik Face Cleanser / Face Scrub and Facial Mask | Exfoliating French Volcanic Lava | Pore Cleansing, Blackhead Reducing, Skin Tightening Cream | 4 oz",
        "price": "$12.50",
        "listPrice": "",
        "imageUrl": "https://m.media-amazon.com/images/I/41FPcJKy2DL._SL160_.jpg",
        "detailPageURL": "https://www.amazon.com/dp/B06XSYHXB6",
        "rating": "4.6",
        "totalReviews": "1179",
        "subtitle": "",
        "isPrimeEligible": "1"
    },
    {
        "ASIN": "B077NXGWTT",
        "title": "Viking Revolution Microdermabrasion Face Scrub for Men - Facial Cleanser for Skin Exfoliating, Deep Cleansing, Removing Blackheads, Acne, Ingrown Hairs - Men's Face Scrub for Pre-Shave (1 Pack)",
        "price": "$9.88 ($1.98 / Ounce)",
        "listPrice": "$12.88 ($2.58 / Ounce)",
        "imageUrl": "https://m.media-amazon.com/images/I/51nYZUOP+VL._SL160_.jpg",
        "detailPageURL": "https://www.amazon.com/dp/B077NXGWTT",
        "rating": "4.4",
        "totalReviews": "5035",
        "subtitle": "Viking Revolution",
        "isPrimeEligible": "1"
    },
    {
        "ASIN": "B0719GRD5R",
        "title": "Clean & Clear Oil-Free Deep Action Exfoliating Facial Scrub, Cooling Daily Face Wash With Exfoliating Beads for Smooth Skin, Cleanses Deep Down to the Pores to Remove Dirt, Oil & Makeup, 7 oz",
        "price": "$7.27 ($1.04 / Fl Oz)",
        "listPrice": "$9.79 ($1.40 / Fl Oz)",
        "imageUrl": "https://m.media-amazon.com/images/I/41v90c7xi1L._SL160_.jpg",
        "detailPageURL": "https://www.amazon.com/dp/B0719GRD5R",
        "rating": "4.6",
        "totalReviews": "24763",
        "subtitle": "Clean & Clear",
        "isPrimeEligible": "1"
    },
    {
        "ASIN": "B018H32LHQ",
        "title": "Era Organics Microdermabrasion Facial Scrub & Face Exfoliator - Spa Quality Exfoliating Face Mask with Manuka Honey & Walnut - Moisturizing Facial Exfoliant for Dry Skin, Blackheads & Wrinkles (2 oz)",
        "price": "$16.99 ($8.50 / Ounce)",
        "listPrice": "$20.45 ($10.22 / Ounce)",
        "imageUrl": "https://m.media-amazon.com/images/I/413dNnxMtgL._SL160_.jpg",
        "detailPageURL": "https://www.amazon.com/dp/B018H32LHQ",
        "rating": "4.4",
        "totalReviews": "18337",
        "subtitle": "Era Organics",
        "isPrimeEligible": "1"
    },
    {
        "ASIN": "B079Z3Y9XG",
        "title": "St Ives 150ml Radiant Skin Pink Lemon & Orange Scrub (Packaging may vary)",
        "price": "$5.21 ($1.03 / Fl Oz)",
        "listPrice": "",
        "imageUrl": "https://m.media-amazon.com/images/I/41qpMLk09zL._SL160_.jpg",
        "detailPageURL": "https://www.amazon.com/dp/B079Z3Y9XG",
        "rating": "4.5",
        "totalReviews": "1279",
        "subtitle": "St. Ives",
        "isPrimeEligible": "1"
    },
    {
        "ASIN": "B07XDTFQ9V",
        "title": "LILY SADO MATCHA MADE IN HEAVEN Sugar Facial Scrub - Best Daily Facial Exfoliating Cleanser for Women & Men - Vegan Face Wash Exfoliates Skin, Treats Acne, Reduces Pore Size - All Skin Types - 4 oz",
        "price": "$21.95 ($5.49 / Fl Oz)",
        "listPrice": "",
        "imageUrl": "https://m.media-amazon.com/images/I/513htmP7O-S._SL160_.jpg",
        "detailPageURL": "https://www.amazon.com/dp/B07XDTFQ9V",
        "rating": "4.5",
        "totalReviews": "688",
        "subtitle": "LILY SADO",
        "isPrimeEligible": "1"
    },
    {
        "ASIN": "B0BQ1WK8V6",
        "title": "Joli Noir - Brightening Turmeric Scrub With Honey, Cinnamon & Vitamin E - Fragrance Free Exfoliating Face Sugar Scrub - For Acne, Hyperpigmentation & Dullness - 3 Ounces",
        "price": "$9.99 ($3.33 / Ounce)",
        "listPrice": "",
        "imageUrl": "https://m.media-amazon.com/images/I/51Jrf3W5BGL._SL160_.jpg",
        "detailPageURL": "https://www.amazon.com/dp/B0BQ1WK8V6",
        "rating": "4.4",
        "totalReviews": "150",
        "subtitle": "Joli Noir",
        "isPrimeEligible": "1"
    },
    {
        "ASIN": "B004NU44BY",
        "title": "Neutrogena Deep Clean Invigorating Foaming Facial Scrub with Glycerin, Cooling & Exfoliating Gel Face Wash to Remove Dirt, Oil & Makeup, 4.2 fl. oz",
        "price": "$6.49 ($1.55 / Fl Oz)",
        "listPrice": "$11.39 ($2.71 / Fl Oz)",
        "imageUrl": "https://m.media-amazon.com/images/I/41IS4ItmUyL._SL160_.jpg",
        "detailPageURL": "https://www.amazon.com/dp/B004NU44BY",
        "rating": "4.6",
        "totalReviews": "11125",
        "subtitle": "Neutrogena",
        "isPrimeEligible": "1"
    },
    {
        "ASIN": "B003O3YXDK",
        "title": "Alba Botanica Acnedote Maximum Strength Face & Body Scrub, 8 Oz",
        "price": "$6.18 ($0.77 / Ounce)",
        "listPrice": "$8.99 ($1.12 / Ounce)",
        "imageUrl": "https://m.media-amazon.com/images/I/31cEBAongRL._SL160_.jpg",
        "detailPageURL": "https://www.amazon.com/dp/B003O3YXDK",
        "rating": "4.6",
        "totalReviews": "4185",
        "subtitle": "Alba Botanica",
        "isPrimeEligible": "1"
    },
    {
        "ASIN": "B06XSYHXB6",
        "title": "The Better Skin Co. | Lava Magik Face Cleanser / Face Scrub and Facial Mask | Exfoliating French Volcanic Lava | Pore Cleansing, Blackhead Reducing, Skin Tightening Cream | 4 oz",
        "price": "$12.50",
        "listPrice": "",
        "imageUrl": "https://m.media-amazon.com/images/I/41FPcJKy2DL._SL160_.jpg",
        "detailPageURL": "https://www.amazon.com/dp/B06XSYHXB6",
        "rating": "4.6",
        "totalReviews": "1179",
        "subtitle": "",
        "isPrimeEligible": "1"
    },
    {
        "ASIN": "B077NXGWTT",
        "title": "Viking Revolution Microdermabrasion Face Scrub for Men - Facial Cleanser for Skin Exfoliating, Deep Cleansing, Removing Blackheads, Acne, Ingrown Hairs - Men's Face Scrub for Pre-Shave (1 Pack)",
        "price": "$9.88 ($1.98 / Ounce)",
        "listPrice": "$12.88 ($2.58 / Ounce)",
        "imageUrl": "https://m.media-amazon.com/images/I/51nYZUOP+VL._SL160_.jpg",
        "detailPageURL": "https://www.amazon.com/dp/B077NXGWTT",
        "rating": "4.4",
        "totalReviews": "5035",
        "subtitle": "Viking Revolution",
        "isPrimeEligible": "1"
    },
    {
        "ASIN": "B0719GRD5R",
        "title": "Clean & Clear Oil-Free Deep Action Exfoliating Facial Scrub, Cooling Daily Face Wash With Exfoliating Beads for Smooth Skin, Cleanses Deep Down to the Pores to Remove Dirt, Oil & Makeup, 7 oz",
        "price": "$7.27 ($1.04 / Fl Oz)",
        "listPrice": "$9.79 ($1.40 / Fl Oz)",
        "imageUrl": "https://m.media-amazon.com/images/I/41v90c7xi1L._SL160_.jpg",
        "detailPageURL": "https://www.amazon.com/dp/B0719GRD5R",
        "rating": "4.6",
        "totalReviews": "24763",
        "subtitle": "Clean & Clear",
        "isPrimeEligible": "1"
    },
    {
        "ASIN": "B018H32LHQ",
        "title": "Era Organics Microdermabrasion Facial Scrub & Face Exfoliator - Spa Quality Exfoliating Face Mask with Manuka Honey & Walnut - Moisturizing Facial Exfoliant for Dry Skin, Blackheads & Wrinkles (2 oz)",
        "price": "$16.99 ($8.50 / Ounce)",
        "listPrice": "$20.45 ($10.22 / Ounce)",
        "imageUrl": "https://m.media-amazon.com/images/I/413dNnxMtgL._SL160_.jpg",
        "detailPageURL": "https://www.amazon.com/dp/B018H32LHQ",
        "rating": "4.4",
        "totalReviews": "18337",
        "subtitle": "Era Organics",
        "isPrimeEligible": "1"
    },
    {
        "ASIN": "B079Z3Y9XG",
        "title": "St Ives 150ml Radiant Skin Pink Lemon & Orange Scrub (Packaging may vary)",
        "price": "$5.21 ($1.03 / Fl Oz)",
        "listPrice": "",
        "imageUrl": "https://m.media-amazon.com/images/I/41qpMLk09zL._SL160_.jpg",
        "detailPageURL": "https://www.amazon.com/dp/B079Z3Y9XG",
        "rating": "4.5",
        "totalReviews": "1279",
        "subtitle": "St. Ives",
        "isPrimeEligible": "1"
    },
    {
        "ASIN": "B0B8NLQGQP",
        "title": "Birthday Bumps",
        "price": "",
        "listPrice": "",
        "imageUrl": "https://m.media-amazon.com/images/I/41x03QBeG6L._SL160_.jpg",
        "detailPageURL": "https://www.amazon.com/dp/B0B8NLQGQP",
        "rating": "3.9",
        "totalReviews": "14",
        "subtitle": "",
        "isPrimeEligible": ""
    },
    {
        "ASIN": "B0BQ1WK8V6",
        "title": "Joli Noir - Brightening Turmeric Scrub With Honey, Cinnamon & Vitamin E - Fragrance Free Exfoliating Face Sugar Scrub - For Acne, Hyperpigmentation & Dullness - 3 Ounces",
        "price": "$9.99 ($3.33 / Ounce)",
        "listPrice": "",
        "imageUrl": "https://m.media-amazon.com/images/I/51Jrf3W5BGL._SL160_.jpg",
        "detailPageURL": "https://www.amazon.com/dp/B0BQ1WK8V6",
        "rating": "4.4",
        "totalReviews": "150",
        "subtitle": "Joli Noir",
        "isPrimeEligible": "1"
    },
    {
        "ASIN": "B004NU44BY",
        "title": "Neutrogena Deep Clean Invigorating Foaming Facial Scrub with Glycerin, Cooling & Exfoliating Gel Face Wash to Remove Dirt, Oil & Makeup, 4.2 fl. oz",
        "price": "$6.49 ($1.55 / Fl Oz)",
        "listPrice": "$11.39 ($2.71 / Fl Oz)",
        "imageUrl": "https://m.media-amazon.com/images/I/41IS4ItmUyL._SL160_.jpg",
        "detailPageURL": "https://www.amazon.com/dp/B004NU44BY",
        "rating": "4.6",
        "totalReviews": "11125",
        "subtitle": "Neutrogena",
        "isPrimeEligible": "1"
    },
    {
        "ASIN": "B003O3YXDK",
        "title": "Alba Botanica Acnedote Maximum Strength Face & Body Scrub, 8 Oz",
        "price": "$6.18 ($0.77 / Ounce)",
        "listPrice": "$8.99 ($1.12 / Ounce)",
        "imageUrl": "https://m.media-amazon.com/images/I/31cEBAongRL._SL160_.jpg",
        "detailPageURL": "https://www.amazon.com/dp/B003O3YXDK",
        "rating": "4.6",
        "totalReviews": "4185",
        "subtitle": "Alba Botanica",
        "isPrimeEligible": "1"
    },
    {
        "ASIN": "B06XSYHXB6",
        "title": "The Better Skin Co. | Lava Magik Face Cleanser / Face Scrub and Facial Mask | Exfoliating French Volcanic Lava | Pore Cleansing, Blackhead Reducing, Skin Tightening Cream | 4 oz",
        "price": "$12.50",
        "listPrice": "",
        "imageUrl": "https://m.media-amazon.com/images/I/41FPcJKy2DL._SL160_.jpg",
        "detailPageURL": "https://www.amazon.com/dp/B06XSYHXB6",
        "rating": "4.6",
        "totalReviews": "1179",
        "subtitle": "",
        "isPrimeEligible": "1"
    },
    {
        "ASIN": "B077NXGWTT",
        "title": "Viking Revolution Microdermabrasion Face Scrub for Men - Facial Cleanser for Skin Exfoliating, Deep Cleansing, Removing Blackheads, Acne, Ingrown Hairs - Men's Face Scrub for Pre-Shave (1 Pack)",
        "price": "$9.88 ($1.98 / Ounce)",
        "listPrice": "$12.88 ($2.58 / Ounce)",
        "imageUrl": "https://m.media-amazon.com/images/I/51nYZUOP+VL._SL160_.jpg",
        "detailPageURL": "https://www.amazon.com/dp/B077NXGWTT",
        "rating": "4.4",
        "totalReviews": "5035",
        "subtitle": "Viking Revolution",
        "isPrimeEligible": "1"
    },
    {
        "ASIN": "B0719GRD5R",
        "title": "Clean & Clear Oil-Free Deep Action Exfoliating Facial Scrub, Cooling Daily Face Wash With Exfoliating Beads for Smooth Skin, Cleanses Deep Down to the Pores to Remove Dirt, Oil & Makeup, 7 oz",
        "price": "$7.27 ($1.04 / Fl Oz)",
        "listPrice": "$9.79 ($1.40 / Fl Oz)",
        "imageUrl": "https://m.media-amazon.com/images/I/41v90c7xi1L._SL160_.jpg",
        "detailPageURL": "https://www.amazon.com/dp/B0719GRD5R",
        "rating": "4.6",
        "totalReviews": "24763",
        "subtitle": "Clean & Clear",
        "isPrimeEligible": "1"
    },
    {
        "ASIN": "B018H32LHQ",
        "title": "Era Organics Microdermabrasion Facial Scrub & Face Exfoliator - Spa Quality Exfoliating Face Mask with Manuka Honey & Walnut - Moisturizing Facial Exfoliant for Dry Skin, Blackheads & Wrinkles (2 oz)",
        "price": "$16.99 ($8.50 / Ounce)",
        "listPrice": "$20.45 ($10.22 / Ounce)",
        "imageUrl": "https://m.media-amazon.com/images/I/413dNnxMtgL._SL160_.jpg",
        "detailPageURL": "https://www.amazon.com/dp/B018H32LHQ",
        "rating": "4.4",
        "totalReviews": "18337",
        "subtitle": "Era Organics",
        "isPrimeEligible": "1"
    },
    {
        "ASIN": "B079Z3Y9XG",
        "title": "St Ives 150ml Radiant Skin Pink Lemon & Orange Scrub (Packaging may vary)",
        "price": "$5.21 ($1.03 / Fl Oz)",
        "listPrice": "",
        "imageUrl": "https://m.media-amazon.com/images/I/41qpMLk09zL._SL160_.jpg",
        "detailPageURL": "https://www.amazon.com/dp/B079Z3Y9XG",
        "rating": "4.5",
        "totalReviews": "1279",
        "subtitle": "St. Ives",
        "isPrimeEligible": "1"
    },
    {
        "ASIN": "B0B8NLQGQP",
        "title": "Birthday Bumps",
        "price": "",
        "listPrice": "",
        "imageUrl": "https://m.media-amazon.com/images/I/41x03QBeG6L._SL160_.jpg",
        "detailPageURL": "https://www.amazon.com/dp/B0B8NLQGQP",
        "rating": "3.9",
        "totalReviews": "14",
        "subtitle": "",
        "isPrimeEligible": ""
    },
    {
        "ASIN": "B0BW2VWYHR",
        "title": "Protective Cover for Oculus/Meta Quest 2 Accessories, Silicone Controllers Grip Cover Protector, Soft Shell Skin with Face Cover and Lens Cover by Gwyoneaon (White)",
        "price": "$18.98",
        "listPrice": "",
        "imageUrl": "https://m.media-amazon.com/images/I/41uBHiXkESL._SL160_.jpg",
        "detailPageURL": "https://www.amazon.com/dp/B0BW2VWYHR",
        "rating": "4.5",
        "totalReviews": "114",
        "subtitle": "Gwyoneaon",
        "isPrimeEligible": "1"
    },
    {
        "ASIN": "B004NU44BY",
        "title": "Neutrogena Deep Clean Invigorating Foaming Facial Scrub with Glycerin, Cooling & Exfoliating Gel Face Wash to Remove Dirt, Oil & Makeup, 4.2 fl. oz",
        "price": "$6.49 ($1.55 / Fl Oz)",
        "listPrice": "$11.39 ($2.71 / Fl Oz)",
        "imageUrl": "https://m.media-amazon.com/images/I/41IS4ItmUyL._SL160_.jpg",
        "detailPageURL": "https://www.amazon.com/dp/B004NU44BY",
        "rating": "4.6",
        "totalReviews": "11125",
        "subtitle": "Neutrogena",
        "isPrimeEligible": "1"
    },
    {
        "ASIN": "B003O3YXDK",
        "title": "Alba Botanica Acnedote Maximum Strength Face & Body Scrub, 8 Oz",
        "price": "$6.18 ($0.77 / Ounce)",
        "listPrice": "$8.99 ($1.12 / Ounce)",
        "imageUrl": "https://m.media-amazon.com/images/I/31cEBAongRL._SL160_.jpg",
        "detailPageURL": "https://www.amazon.com/dp/B003O3YXDK",
        "rating": "4.6",
        "totalReviews": "4185",
        "subtitle": "Alba Botanica",
        "isPrimeEligible": "1"
    },
    {
        "ASIN": "B06XSYHXB6",
        "title": "The Better Skin Co. | Lava Magik Face Cleanser / Face Scrub and Facial Mask | Exfoliating French Volcanic Lava | Pore Cleansing, Blackhead Reducing, Skin Tightening Cream | 4 oz",
        "price": "$12.50",
        "listPrice": "",
        "imageUrl": "https://m.media-amazon.com/images/I/41FPcJKy2DL._SL160_.jpg",
        "detailPageURL": "https://www.amazon.com/dp/B06XSYHXB6",
        "rating": "4.6",
        "totalReviews": "1179",
        "subtitle": "",
        "isPrimeEligible": "1"
    },
    {
        "ASIN": "B077NXGWTT",
        "title": "Viking Revolution Microdermabrasion Face Scrub for Men - Facial Cleanser for Skin Exfoliating, Deep Cleansing, Removing Blackheads, Acne, Ingrown Hairs - Men's Face Scrub for Pre-Shave (1 Pack)",
        "price": "$9.88 ($1.98 / Ounce)",
        "listPrice": "$12.88 ($2.58 / Ounce)",
        "imageUrl": "https://m.media-amazon.com/images/I/51nYZUOP+VL._SL160_.jpg",
        "detailPageURL": "https://www.amazon.com/dp/B077NXGWTT",
        "rating": "4.4",
        "totalReviews": "5035",
        "subtitle": "Viking Revolution",
        "isPrimeEligible": "1"
    },
    {
        "ASIN": "B0719GRD5R",
        "title": "Clean & Clear Oil-Free Deep Action Exfoliating Facial Scrub, Cooling Daily Face Wash With Exfoliating Beads for Smooth Skin, Cleanses Deep Down to the Pores to Remove Dirt, Oil & Makeup, 7 oz",
        "price": "$7.27 ($1.04 / Fl Oz)",
        "listPrice": "$9.79 ($1.40 / Fl Oz)",
        "imageUrl": "https://m.media-amazon.com/images/I/41v90c7xi1L._SL160_.jpg",
        "detailPageURL": "https://www.amazon.com/dp/B0719GRD5R",
        "rating": "4.6",
        "totalReviews": "24763",
        "subtitle": "Clean & Clear",
        "isPrimeEligible": "1"
    },
    {
        "ASIN": "B018H32LHQ",
        "title": "Era Organics Microdermabrasion Facial Scrub & Face Exfoliator - Spa Quality Exfoliating Face Mask with Manuka Honey & Walnut - Moisturizing Facial Exfoliant for Dry Skin, Blackheads & Wrinkles (2 oz)",
        "price": "$16.99 ($8.50 / Ounce)",
        "listPrice": "$20.45 ($10.22 / Ounce)",
        "imageUrl": "https://m.media-amazon.com/images/I/413dNnxMtgL._SL160_.jpg",
        "detailPageURL": "https://www.amazon.com/dp/B018H32LHQ",
        "rating": "4.4",
        "totalReviews": "18337",
        "subtitle": "Era Organics",
        "isPrimeEligible": "1"
    },
    {
        "ASIN": "B079Z3Y9XG",
        "title": "St Ives 150ml Radiant Skin Pink Lemon & Orange Scrub (Packaging may vary)",
        "price": "$5.21 ($1.03 / Fl Oz)",
        "listPrice": "",
        "imageUrl": "https://m.media-amazon.com/images/I/41qpMLk09zL._SL160_.jpg",
        "detailPageURL": "https://www.amazon.com/dp/B079Z3Y9XG",
        "rating": "4.5",
        "totalReviews": "1279",
        "subtitle": "St. Ives",
        "isPrimeEligible": "1"
    },
    {
        "ASIN": "B0B8NLQGQP",
        "title": "Birthday Bumps",
        "price": "",
        "listPrice": "",
        "imageUrl": "https://m.media-amazon.com/images/I/41x03QBeG6L._SL160_.jpg",
        "detailPageURL": "https://www.amazon.com/dp/B0B8NLQGQP",
        "rating": "3.9",
        "totalReviews": "14",
        "subtitle": "",
        "isPrimeEligible": ""
    },
    {
        "ASIN": "B0BW2VWYHR",
        "title": "Protective Cover for Oculus/Meta Quest 2 Accessories, Silicone Controllers Grip Cover Protector, Soft Shell Skin with Face Cover and Lens Cover by Gwyoneaon (White)",
        "price": "$18.98",
        "listPrice": "",
        "imageUrl": "https://m.media-amazon.com/images/I/41uBHiXkESL._SL160_.jpg",
        "detailPageURL": "https://www.amazon.com/dp/B0BW2VWYHR",
        "rating": "4.5",
        "totalReviews": "114",
        "subtitle": "Gwyoneaon",
        "isPrimeEligible": "1"
    },
    {
        "ASIN": "B0150GNTQK",
        "title": "Zum Face Sugar Facial Scrub - Lemongrass - 4 oz",
        "price": "$15.25 ($3.81 / Ounce)",
        "listPrice": "",
        "imageUrl": "https://m.media-amazon.com/images/I/41VQIx37pjL._SL160_.jpg",
        "detailPageURL": "https://www.amazon.com/dp/B0150GNTQK",
        "rating": "4.5",
        "totalReviews": "166",
        "subtitle": "Zum",
        "isPrimeEligible": "1"
    },
    {
        "ASIN": "B003O3YXDK",
        "title": "Alba Botanica Acnedote Maximum Strength Face & Body Scrub, 8 Oz",
        "price": "$6.18 ($0.77 / Ounce)",
        "listPrice": "$8.99 ($1.12 / Ounce)",
        "imageUrl": "https://m.media-amazon.com/images/I/31cEBAongRL._SL160_.jpg",
        "detailPageURL": "https://www.amazon.com/dp/B003O3YXDK",
        "rating": "4.6",
        "totalReviews": "4185",
        "subtitle": "Alba Botanica",
        "isPrimeEligible": "1"
    },
    {
        "ASIN": "B06XSYHXB6",
        "title": "The Better Skin Co. | Lava Magik Face Cleanser / Face Scrub and Facial Mask | Exfoliating French Volcanic Lava | Pore Cleansing, Blackhead Reducing, Skin Tightening Cream | 4 oz",
        "price": "$12.50",
        "listPrice": "",
        "imageUrl": "https://m.media-amazon.com/images/I/41FPcJKy2DL._SL160_.jpg",
        "detailPageURL": "https://www.amazon.com/dp/B06XSYHXB6",
        "rating": "4.6",
        "totalReviews": "1179",
        "subtitle": "",
        "isPrimeEligible": "1"
    },
    {
        "ASIN": "B077NXGWTT",
        "title": "Viking Revolution Microdermabrasion Face Scrub for Men - Facial Cleanser for Skin Exfoliating, Deep Cleansing, Removing Blackheads, Acne, Ingrown Hairs - Men's Face Scrub for Pre-Shave (1 Pack)",
        "price": "$9.88 ($1.98 / Ounce)",
        "listPrice": "$12.88 ($2.58 / Ounce)",
        "imageUrl": "https://m.media-amazon.com/images/I/51nYZUOP+VL._SL160_.jpg",
        "detailPageURL": "https://www.amazon.com/dp/B077NXGWTT",
        "rating": "4.4",
        "totalReviews": "5035",
        "subtitle": "Viking Revolution",
        "isPrimeEligible": "1"
    },
    {
        "ASIN": "B0719GRD5R",
        "title": "Clean & Clear Oil-Free Deep Action Exfoliating Facial Scrub, Cooling Daily Face Wash With Exfoliating Beads for Smooth Skin, Cleanses Deep Down to the Pores to Remove Dirt, Oil & Makeup, 7 oz",
        "price": "$7.27 ($1.04 / Fl Oz)",
        "listPrice": "$9.79 ($1.40 / Fl Oz)",
        "imageUrl": "https://m.media-amazon.com/images/I/41v90c7xi1L._SL160_.jpg",
        "detailPageURL": "https://www.amazon.com/dp/B0719GRD5R",
        "rating": "4.6",
        "totalReviews": "24763",
        "subtitle": "Clean & Clear",
        "isPrimeEligible": "1"
    },
    {
        "ASIN": "B018H32LHQ",
        "title": "Era Organics Microdermabrasion Facial Scrub & Face Exfoliator - Spa Quality Exfoliating Face Mask with Manuka Honey & Walnut - Moisturizing Facial Exfoliant for Dry Skin, Blackheads & Wrinkles (2 oz)",
        "price": "$16.99 ($8.50 / Ounce)",
        "listPrice": "$20.45 ($10.22 / Ounce)",
        "imageUrl": "https://m.media-amazon.com/images/I/413dNnxMtgL._SL160_.jpg",
        "detailPageURL": "https://www.amazon.com/dp/B018H32LHQ",
        "rating": "4.4",
        "totalReviews": "18337",
        "subtitle": "Era Organics",
        "isPrimeEligible": "1"
    },
    {
        "ASIN": "B079Z3Y9XG",
        "title": "St Ives 150ml Radiant Skin Pink Lemon & Orange Scrub (Packaging may vary)",
        "price": "$5.21 ($1.03 / Fl Oz)",
        "listPrice": "",
        "imageUrl": "https://m.media-amazon.com/images/I/41qpMLk09zL._SL160_.jpg",
        "detailPageURL": "https://www.amazon.com/dp/B079Z3Y9XG",
        "rating": "4.5",
        "totalReviews": "1279",
        "subtitle": "St. Ives",
        "isPrimeEligible": "1"
    },
    {
        "ASIN": "B0B8NLQGQP",
        "title": "Birthday Bumps",
        "price": "",
        "listPrice": "",
        "imageUrl": "https://m.media-amazon.com/images/I/41x03QBeG6L._SL160_.jpg",
        "detailPageURL": "https://www.amazon.com/dp/B0B8NLQGQP",
        "rating": "3.9",
        "totalReviews": "14",
        "subtitle": "",
        "isPrimeEligible": ""
    },
    {
        "ASIN": "B0BW2VWYHR",
        "title": "Protective Cover for Oculus/Meta Quest 2 Accessories, Silicone Controllers Grip Cover Protector, Soft Shell Skin with Face Cover and Lens Cover by Gwyoneaon (White)",
        "price": "$18.98",
        "listPrice": "",
        "imageUrl": "https://m.media-amazon.com/images/I/41uBHiXkESL._SL160_.jpg",
        "detailPageURL": "https://www.amazon.com/dp/B0BW2VWYHR",
        "rating": "4.5",
        "totalReviews": "114",
        "subtitle": "Gwyoneaon",
        "isPrimeEligible": "1"
    },
    {
        "ASIN": "B0150GNTQK",
        "title": "Zum Face Sugar Facial Scrub - Lemongrass - 4 oz",
        "price": "$15.25 ($3.81 / Ounce)",
        "listPrice": "",
        "imageUrl": "https://m.media-amazon.com/images/I/41VQIx37pjL._SL160_.jpg",
        "detailPageURL": "https://www.amazon.com/dp/B0150GNTQK",
        "rating": "4.5",
        "totalReviews": "166",
        "subtitle": "Zum",
        "isPrimeEligible": "1"
    },
    {
        "ASIN": "B01DTYN4N8",
        "title": "Facial Cleansing Brush by Olay Regenerist, Face Exfoliator with 2 Brush Heads",
        "price": "$20.95",
        "listPrice": "$27.49",
        "imageUrl": "https://m.media-amazon.com/images/I/61u5U2ZBHrL._SL160_.jpg",
        "detailPageURL": "https://www.amazon.com/dp/B01DTYN4N8",
        "rating": "4.4",
        "totalReviews": "23754",
        "subtitle": "Olay",
        "isPrimeEligible": "1"
    },
    {
        "ASIN": "B06XSYHXB6",
        "title": "The Better Skin Co. | Lava Magik Face Cleanser / Face Scrub and Facial Mask | Exfoliating French Volcanic Lava | Pore Cleansing, Blackhead Reducing, Skin Tightening Cream | 4 oz",
        "price": "$12.50",
        "listPrice": "",
        "imageUrl": "https://m.media-amazon.com/images/I/41FPcJKy2DL._SL160_.jpg",
        "detailPageURL": "https://www.amazon.com/dp/B06XSYHXB6",
        "rating": "4.6",
        "totalReviews": "1179",
        "subtitle": "",
        "isPrimeEligible": "1"
    },
    {
        "ASIN": "B077NXGWTT",
        "title": "Viking Revolution Microdermabrasion Face Scrub for Men - Facial Cleanser for Skin Exfoliating, Deep Cleansing, Removing Blackheads, Acne, Ingrown Hairs - Men's Face Scrub for Pre-Shave (1 Pack)",
        "price": "$9.88 ($1.98 / Ounce)",
        "listPrice": "$12.88 ($2.58 / Ounce)",
        "imageUrl": "https://m.media-amazon.com/images/I/51nYZUOP+VL._SL160_.jpg",
        "detailPageURL": "https://www.amazon.com/dp/B077NXGWTT",
        "rating": "4.4",
        "totalReviews": "5035",
        "subtitle": "Viking Revolution",
        "isPrimeEligible": "1"
    },
    {
        "ASIN": "B0719GRD5R",
        "title": "Clean & Clear Oil-Free Deep Action Exfoliating Facial Scrub, Cooling Daily Face Wash With Exfoliating Beads for Smooth Skin, Cleanses Deep Down to the Pores to Remove Dirt, Oil & Makeup, 7 oz",
        "price": "$7.27 ($1.04 / Fl Oz)",
        "listPrice": "$9.79 ($1.40 / Fl Oz)",
        "imageUrl": "https://m.media-amazon.com/images/I/41v90c7xi1L._SL160_.jpg",
        "detailPageURL": "https://www.amazon.com/dp/B0719GRD5R",
        "rating": "4.6",
        "totalReviews": "24763",
        "subtitle": "Clean & Clear",
        "isPrimeEligible": "1"
    },
    {
        "ASIN": "B018H32LHQ",
        "title": "Era Organics Microdermabrasion Facial Scrub & Face Exfoliator - Spa Quality Exfoliating Face Mask with Manuka Honey & Walnut - Moisturizing Facial Exfoliant for Dry Skin, Blackheads & Wrinkles (2 oz)",
        "price": "$16.99 ($8.50 / Ounce)",
        "listPrice": "$20.45 ($10.22 / Ounce)",
        "imageUrl": "https://m.media-amazon.com/images/I/413dNnxMtgL._SL160_.jpg",
        "detailPageURL": "https://www.amazon.com/dp/B018H32LHQ",
        "rating": "4.4",
        "totalReviews": "18337",
        "subtitle": "Era Organics",
        "isPrimeEligible": "1"
    },
    {
        "ASIN": "B079Z3Y9XG",
        "title": "St Ives 150ml Radiant Skin Pink Lemon & Orange Scrub (Packaging may vary)",
        "price": "$5.21 ($1.03 / Fl Oz)",
        "listPrice": "",
        "imageUrl": "https://m.media-amazon.com/images/I/41qpMLk09zL._SL160_.jpg",
        "detailPageURL": "https://www.amazon.com/dp/B079Z3Y9XG",
        "rating": "4.5",
        "totalReviews": "1279",
        "subtitle": "St. Ives",
        "isPrimeEligible": "1"
    },
    {
        "ASIN": "B0B8NLQGQP",
        "title": "Birthday Bumps",
        "price": "",
        "listPrice": "",
        "imageUrl": "https://m.media-amazon.com/images/I/41x03QBeG6L._SL160_.jpg",
        "detailPageURL": "https://www.amazon.com/dp/B0B8NLQGQP",
        "rating": "3.9",
        "totalReviews": "14",
        "subtitle": "",
        "isPrimeEligible": ""
    },
    {
        "ASIN": "B0BW2VWYHR",
        "title": "Protective Cover for Oculus/Meta Quest 2 Accessories, Silicone Controllers Grip Cover Protector, Soft Shell Skin with Face Cover and Lens Cover by Gwyoneaon (White)",
        "price": "$18.98",
        "listPrice": "",
        "imageUrl": "https://m.media-amazon.com/images/I/41uBHiXkESL._SL160_.jpg",
        "detailPageURL": "https://www.amazon.com/dp/B0BW2VWYHR",
        "rating": "4.5",
        "totalReviews": "114",
        "subtitle": "Gwyoneaon",
        "isPrimeEligible": "1"
    },
    {
        "ASIN": "B0150GNTQK",
        "title": "Zum Face Sugar Facial Scrub - Lemongrass - 4 oz",
        "price": "$15.25 ($3.81 / Ounce)",
        "listPrice": "",
        "imageUrl": "https://m.media-amazon.com/images/I/41VQIx37pjL._SL160_.jpg",
        "detailPageURL": "https://www.amazon.com/dp/B0150GNTQK",
        "rating": "4.5",
        "totalReviews": "166",
        "subtitle": "Zum",
        "isPrimeEligible": "1"
    },
    {
        "ASIN": "B01DTYN4N8",
        "title": "Facial Cleansing Brush by Olay Regenerist, Face Exfoliator with 2 Brush Heads",
        "price": "$20.95",
        "listPrice": "$27.49",
        "imageUrl": "https://m.media-amazon.com/images/I/61u5U2ZBHrL._SL160_.jpg",
        "detailPageURL": "https://www.amazon.com/dp/B01DTYN4N8",
        "rating": "4.4",
        "totalReviews": "23754",
        "subtitle": "Olay",
        "isPrimeEligible": "1"
    },
    {
        "ASIN": "1503283208",
        "title": "Homemade Body Scrubs : 52 All Natural, Simple & Easy To Make Body Scrubs, Face Masks, Lip Balms & Body Washes Book: Amazing DIY Organic & Healing ... The Signs Of Aging (All Natural Series)",
        "price": "$7.99",
        "listPrice": "",
        "imageUrl": "https://m.media-amazon.com/images/I/51khP3k6muL._SL160_.jpg",
        "detailPageURL": "https://www.amazon.com/dp/1503283208",
        "rating": "4.5",
        "totalReviews": "69",
        "subtitle": "White, Lorraine (Paperback)",
        "isPrimeEligible": "1"
    },
    {
        "ASIN": "B077NXGWTT",
        "title": "Viking Revolution Microdermabrasion Face Scrub for Men - Facial Cleanser for Skin Exfoliating, Deep Cleansing, Removing Blackheads, Acne, Ingrown Hairs - Men's Face Scrub for Pre-Shave (1 Pack)",
        "price": "$9.88 ($1.98 / Ounce)",
        "listPrice": "$12.88 ($2.58 / Ounce)",
        "imageUrl": "https://m.media-amazon.com/images/I/51nYZUOP+VL._SL160_.jpg",
        "detailPageURL": "https://www.amazon.com/dp/B077NXGWTT",
        "rating": "4.4",
        "totalReviews": "5035",
        "subtitle": "Viking Revolution",
        "isPrimeEligible": "1"
    },
    {
        "ASIN": "B0719GRD5R",
        "title": "Clean & Clear Oil-Free Deep Action Exfoliating Facial Scrub, Cooling Daily Face Wash With Exfoliating Beads for Smooth Skin, Cleanses Deep Down to the Pores to Remove Dirt, Oil & Makeup, 7 oz",
        "price": "$7.27 ($1.04 / Fl Oz)",
        "listPrice": "$9.79 ($1.40 / Fl Oz)",
        "imageUrl": "https://m.media-amazon.com/images/I/41v90c7xi1L._SL160_.jpg",
        "detailPageURL": "https://www.amazon.com/dp/B0719GRD5R",
        "rating": "4.6",
        "totalReviews": "24763",
        "subtitle": "Clean & Clear",
        "isPrimeEligible": "1"
    },
    {
        "ASIN": "B018H32LHQ",
        "title": "Era Organics Microdermabrasion Facial Scrub & Face Exfoliator - Spa Quality Exfoliating Face Mask with Manuka Honey & Walnut - Moisturizing Facial Exfoliant for Dry Skin, Blackheads & Wrinkles (2 oz)",
        "price": "$16.99 ($8.50 / Ounce)",
        "listPrice": "$20.45 ($10.22 / Ounce)",
        "imageUrl": "https://m.media-amazon.com/images/I/413dNnxMtgL._SL160_.jpg",
        "detailPageURL": "https://www.amazon.com/dp/B018H32LHQ",
        "rating": "4.4",
        "totalReviews": "18337",
        "subtitle": "Era Organics",
        "isPrimeEligible": "1"
    },
    {
        "ASIN": "B079Z3Y9XG",
        "title": "St Ives 150ml Radiant Skin Pink Lemon & Orange Scrub (Packaging may vary)",
        "price": "$5.21 ($1.03 / Fl Oz)",
        "listPrice": "",
        "imageUrl": "https://m.media-amazon.com/images/I/41qpMLk09zL._SL160_.jpg",
        "detailPageURL": "https://www.amazon.com/dp/B079Z3Y9XG",
        "rating": "4.5",
        "totalReviews": "1279",
        "subtitle": "St. Ives",
        "isPrimeEligible": "1"
    },
    {
        "ASIN": "B0B8NLQGQP",
        "title": "Birthday Bumps",
        "price": "",
        "listPrice": "",
        "imageUrl": "https://m.media-amazon.com/images/I/41x03QBeG6L._SL160_.jpg",
        "detailPageURL": "https://www.amazon.com/dp/B0B8NLQGQP",
        "rating": "3.9",
        "totalReviews": "14",
        "subtitle": "",
        "isPrimeEligible": ""
    },
    {
        "ASIN": "B0BW2VWYHR",
        "title": "Protective Cover for Oculus/Meta Quest 2 Accessories, Silicone Controllers Grip Cover Protector, Soft Shell Skin with Face Cover and Lens Cover by Gwyoneaon (White)",
        "price": "$18.98",
        "listPrice": "",
        "imageUrl": "https://m.media-amazon.com/images/I/41uBHiXkESL._SL160_.jpg",
        "detailPageURL": "https://www.amazon.com/dp/B0BW2VWYHR",
        "rating": "4.5",
        "totalReviews": "114",
        "subtitle": "Gwyoneaon",
        "isPrimeEligible": "1"
    },
    {
        "ASIN": "B0150GNTQK",
        "title": "Zum Face Sugar Facial Scrub - Lemongrass - 4 oz",
        "price": "$15.25 ($3.81 / Ounce)",
        "listPrice": "",
        "imageUrl": "https://m.media-amazon.com/images/I/41VQIx37pjL._SL160_.jpg",
        "detailPageURL": "https://www.amazon.com/dp/B0150GNTQK",
        "rating": "4.5",
        "totalReviews": "166",
        "subtitle": "Zum",
        "isPrimeEligible": "1"
    },
    {
        "ASIN": "B01DTYN4N8",
        "title": "Facial Cleansing Brush by Olay Regenerist, Face Exfoliator with 2 Brush Heads",
        "price": "$20.95",
        "listPrice": "$27.49",
        "imageUrl": "https://m.media-amazon.com/images/I/61u5U2ZBHrL._SL160_.jpg",
        "detailPageURL": "https://www.amazon.com/dp/B01DTYN4N8",
        "rating": "4.4",
        "totalReviews": "23754",
        "subtitle": "Olay",
        "isPrimeEligible": "1"
    },
    {
        "ASIN": "1503283208",
        "title": "Homemade Body Scrubs : 52 All Natural, Simple & Easy To Make Body Scrubs, Face Masks, Lip Balms & Body Washes Book: Amazing DIY Organic & Healing ... The Signs Of Aging (All Natural Series)",
        "price": "$7.99",
        "listPrice": "",
        "imageUrl": "https://m.media-amazon.com/images/I/51khP3k6muL._SL160_.jpg",
        "detailPageURL": "https://www.amazon.com/dp/1503283208",
        "rating": "4.5",
        "totalReviews": "69",
        "subtitle": "White, Lorraine (Paperback)",
        "isPrimeEligible": "1"
    },
    {
        "ASIN": "B091N119DD",
        "title": "Formulated Watermelon, Cactus Water And Alpha Hydroxy Acid! Exfoliating Face Scrub That Hydrate, Glow And Smooth Skin! Vegan, Alcohol Free & Sulfate Free! (Hydrating)Q",
        "price": "$17.67",
        "listPrice": "$20.07",
        "imageUrl": "https://m.media-amazon.com/images/I/31KW+zE20VS._SL160_.jpg",
        "detailPageURL": "https://www.amazon.com/dp/B091N119DD",
        "rating": "4.9",
        "totalReviews": "15",
        "subtitle": "T H",
        "isPrimeEligible": "1"
    },
    {
        "ASIN": "B0719GRD5R",
        "title": "Clean & Clear Oil-Free Deep Action Exfoliating Facial Scrub, Cooling Daily Face Wash With Exfoliating Beads for Smooth Skin, Cleanses Deep Down to the Pores to Remove Dirt, Oil & Makeup, 7 oz",
        "price": "$7.27 ($1.04 / Fl Oz)",
        "listPrice": "$9.79 ($1.40 / Fl Oz)",
        "imageUrl": "https://m.media-amazon.com/images/I/41v90c7xi1L._SL160_.jpg",
        "detailPageURL": "https://www.amazon.com/dp/B0719GRD5R",
        "rating": "4.6",
        "totalReviews": "24763",
        "subtitle": "Clean & Clear",
        "isPrimeEligible": "1"
    },
    {
        "ASIN": "B018H32LHQ",
        "title": "Era Organics Microdermabrasion Facial Scrub & Face Exfoliator - Spa Quality Exfoliating Face Mask with Manuka Honey & Walnut - Moisturizing Facial Exfoliant for Dry Skin, Blackheads & Wrinkles (2 oz)",
        "price": "$16.99 ($8.50 / Ounce)",
        "listPrice": "$20.45 ($10.22 / Ounce)",
        "imageUrl": "https://m.media-amazon.com/images/I/413dNnxMtgL._SL160_.jpg",
        "detailPageURL": "https://www.amazon.com/dp/B018H32LHQ",
        "rating": "4.4",
        "totalReviews": "18337",
        "subtitle": "Era Organics",
        "isPrimeEligible": "1"
    },
    {
        "ASIN": "B079Z3Y9XG",
        "title": "St Ives 150ml Radiant Skin Pink Lemon & Orange Scrub (Packaging may vary)",
        "price": "$5.21 ($1.03 / Fl Oz)",
        "listPrice": "",
        "imageUrl": "https://m.media-amazon.com/images/I/41qpMLk09zL._SL160_.jpg",
        "detailPageURL": "https://www.amazon.com/dp/B079Z3Y9XG",
        "rating": "4.5",
        "totalReviews": "1279",
        "subtitle": "St. Ives",
        "isPrimeEligible": "1"
    },
    {
        "ASIN": "B0B8NLQGQP",
        "title": "Birthday Bumps",
        "price": "",
        "listPrice": "",
        "imageUrl": "https://m.media-amazon.com/images/I/41x03QBeG6L._SL160_.jpg",
        "detailPageURL": "https://www.amazon.com/dp/B0B8NLQGQP",
        "rating": "3.9",
        "totalReviews": "14",
        "subtitle": "",
        "isPrimeEligible": ""
    },
    {
        "ASIN": "B0BW2VWYHR",
        "title": "Protective Cover for Oculus/Meta Quest 2 Accessories, Silicone Controllers Grip Cover Protector, Soft Shell Skin with Face Cover and Lens Cover by Gwyoneaon (White)",
        "price": "$18.98",
        "listPrice": "",
        "imageUrl": "https://m.media-amazon.com/images/I/41uBHiXkESL._SL160_.jpg",
        "detailPageURL": "https://www.amazon.com/dp/B0BW2VWYHR",
        "rating": "4.5",
        "totalReviews": "114",
        "subtitle": "Gwyoneaon",
        "isPrimeEligible": "1"
    },
    {
        "ASIN": "B0150GNTQK",
        "title": "Zum Face Sugar Facial Scrub - Lemongrass - 4 oz",
        "price": "$15.25 ($3.81 / Ounce)",
        "listPrice": "",
        "imageUrl": "https://m.media-amazon.com/images/I/41VQIx37pjL._SL160_.jpg",
        "detailPageURL": "https://www.amazon.com/dp/B0150GNTQK",
        "rating": "4.5",
        "totalReviews": "166",
        "subtitle": "Zum",
        "isPrimeEligible": "1"
    },
    {
        "ASIN": "B01DTYN4N8",
        "title": "Facial Cleansing Brush by Olay Regenerist, Face Exfoliator with 2 Brush Heads",
        "price": "$20.95",
        "listPrice": "$27.49",
        "imageUrl": "https://m.media-amazon.com/images/I/61u5U2ZBHrL._SL160_.jpg",
        "detailPageURL": "https://www.amazon.com/dp/B01DTYN4N8",
        "rating": "4.4",
        "totalReviews": "23754",
        "subtitle": "Olay",
        "isPrimeEligible": "1"
    },
    {
        "ASIN": "1503283208",
        "title": "Homemade Body Scrubs : 52 All Natural, Simple & Easy To Make Body Scrubs, Face Masks, Lip Balms & Body Washes Book: Amazing DIY Organic & Healing ... The Signs Of Aging (All Natural Series)",
        "price": "$7.99",
        "listPrice": "",
        "imageUrl": "https://m.media-amazon.com/images/I/51khP3k6muL._SL160_.jpg",
        "detailPageURL": "https://www.amazon.com/dp/1503283208",
        "rating": "4.5",
        "totalReviews": "69",
        "subtitle": "White, Lorraine (Paperback)",
        "isPrimeEligible": "1"
    },
    {
        "ASIN": "B091N119DD",
        "title": "Formulated Watermelon, Cactus Water And Alpha Hydroxy Acid! Exfoliating Face Scrub That Hydrate, Glow And Smooth Skin! Vegan, Alcohol Free & Sulfate Free! (Hydrating)Q",
        "price": "$17.67",
        "listPrice": "$20.07",
        "imageUrl": "https://m.media-amazon.com/images/I/31KW+zE20VS._SL160_.jpg",
        "detailPageURL": "https://www.amazon.com/dp/B091N119DD",
        "rating": "4.9",
        "totalReviews": "15",
        "subtitle": "T H",
        "isPrimeEligible": "1"
    },
    {
        "ASIN": "B00DQR9UH8",
        "title": "Simple Recipes for Easy Homemade Face Scrubs and Body Exfoliants: Organic Beauty on a Budget (Herbal and Natural Remedies for Healhty Skin Care)",
        "price": "$5.99",
        "listPrice": "",
        "imageUrl": "https://m.media-amazon.com/images/I/510gOMeauEL._SL160_.jpg",
        "detailPageURL": "https://www.amazon.com/dp/B00DQR9UH8",
        "rating": "4.4",
        "totalReviews": "150",
        "subtitle": "",
        "isPrimeEligible": "0"
    },
    {
        "ASIN": "B018H32LHQ",
        "title": "Era Organics Microdermabrasion Facial Scrub & Face Exfoliator - Spa Quality Exfoliating Face Mask with Manuka Honey & Walnut - Moisturizing Facial Exfoliant for Dry Skin, Blackheads & Wrinkles (2 oz)",
        "price": "$16.99 ($8.50 / Ounce)",
        "listPrice": "$20.45 ($10.22 / Ounce)",
        "imageUrl": "https://m.media-amazon.com/images/I/413dNnxMtgL._SL160_.jpg",
        "detailPageURL": "https://www.amazon.com/dp/B018H32LHQ",
        "rating": "4.4",
        "totalReviews": "18337",
        "subtitle": "Era Organics",
        "isPrimeEligible": "1"
    },
    {
        "ASIN": "B079Z3Y9XG",
        "title": "St Ives 150ml Radiant Skin Pink Lemon & Orange Scrub (Packaging may vary)",
        "price": "$5.21 ($1.03 / Fl Oz)",
        "listPrice": "",
        "imageUrl": "https://m.media-amazon.com/images/I/41qpMLk09zL._SL160_.jpg",
        "detailPageURL": "https://www.amazon.com/dp/B079Z3Y9XG",
        "rating": "4.5",
        "totalReviews": "1279",
        "subtitle": "St. Ives",
        "isPrimeEligible": "1"
    },
    {
        "ASIN": "B0B8NLQGQP",
        "title": "Birthday Bumps",
        "price": "",
        "listPrice": "",
        "imageUrl": "https://m.media-amazon.com/images/I/41x03QBeG6L._SL160_.jpg",
        "detailPageURL": "https://www.amazon.com/dp/B0B8NLQGQP",
        "rating": "3.9",
        "totalReviews": "14",
        "subtitle": "",
        "isPrimeEligible": ""
    },
    {
        "ASIN": "B0BW2VWYHR",
        "title": "Protective Cover for Oculus/Meta Quest 2 Accessories, Silicone Controllers Grip Cover Protector, Soft Shell Skin with Face Cover and Lens Cover by Gwyoneaon (White)",
        "price": "$18.98",
        "listPrice": "",
        "imageUrl": "https://m.media-amazon.com/images/I/41uBHiXkESL._SL160_.jpg",
        "detailPageURL": "https://www.amazon.com/dp/B0BW2VWYHR",
        "rating": "4.5",
        "totalReviews": "114",
        "subtitle": "Gwyoneaon",
        "isPrimeEligible": "1"
    },
    {
        "ASIN": "B0150GNTQK",
        "title": "Zum Face Sugar Facial Scrub - Lemongrass - 4 oz",
        "price": "$15.25 ($3.81 / Ounce)",
        "listPrice": "",
        "imageUrl": "https://m.media-amazon.com/images/I/41VQIx37pjL._SL160_.jpg",
        "detailPageURL": "https://www.amazon.com/dp/B0150GNTQK",
        "rating": "4.5",
        "totalReviews": "166",
        "subtitle": "Zum",
        "isPrimeEligible": "1"
    },
    {
        "ASIN": "B01DTYN4N8",
        "title": "Facial Cleansing Brush by Olay Regenerist, Face Exfoliator with 2 Brush Heads",
        "price": "$20.95",
        "listPrice": "$27.49",
        "imageUrl": "https://m.media-amazon.com/images/I/61u5U2ZBHrL._SL160_.jpg",
        "detailPageURL": "https://www.amazon.com/dp/B01DTYN4N8",
        "rating": "4.4",
        "totalReviews": "23754",
        "subtitle": "Olay",
        "isPrimeEligible": "1"
    },
    {
        "ASIN": "1503283208",
        "title": "Homemade Body Scrubs : 52 All Natural, Simple & Easy To Make Body Scrubs, Face Masks, Lip Balms & Body Washes Book: Amazing DIY Organic & Healing ... The Signs Of Aging (All Natural Series)",
        "price": "$7.99",
        "listPrice": "",
        "imageUrl": "https://m.media-amazon.com/images/I/51khP3k6muL._SL160_.jpg",
        "detailPageURL": "https://www.amazon.com/dp/1503283208",
        "rating": "4.5",
        "totalReviews": "69",
        "subtitle": "White, Lorraine (Paperback)",
        "isPrimeEligible": "1"
    },
    {
        "ASIN": "B091N119DD",
        "title": "Formulated Watermelon, Cactus Water And Alpha Hydroxy Acid! Exfoliating Face Scrub That Hydrate, Glow And Smooth Skin! Vegan, Alcohol Free & Sulfate Free! (Hydrating)Q",
        "price": "$17.67",
        "listPrice": "$20.07",
        "imageUrl": "https://m.media-amazon.com/images/I/31KW+zE20VS._SL160_.jpg",
        "detailPageURL": "https://www.amazon.com/dp/B091N119DD",
        "rating": "4.9",
        "totalReviews": "15",
        "subtitle": "T H",
        "isPrimeEligible": "1"
    },
    {
        "ASIN": "B00DQR9UH8",
        "title": "Simple Recipes for Easy Homemade Face Scrubs and Body Exfoliants: Organic Beauty on a Budget (Herbal and Natural Remedies for Healhty Skin Care)",
        "price": "$5.99",
        "listPrice": "",
        "imageUrl": "https://m.media-amazon.com/images/I/510gOMeauEL._SL160_.jpg",
        "detailPageURL": "https://www.amazon.com/dp/B00DQR9UH8",
        "rating": "4.4",
        "totalReviews": "150",
        "subtitle": "",
        "isPrimeEligible": "0"
    },
    {
        "ASIN": "B07QHXL3WV",
        "title": "ST IVES Nourished & Smooth Oatmeal Scrub + Mask 170g-Walnut Shell Powder Gently Buffs Away Dull Skin When Used as a face Scrub",
        "price": "$6.47 ($1.08 / ounce)",
        "listPrice": "$6.97 ($1.16 / ounce)",
        "imageUrl": "https://m.media-amazon.com/images/I/41LeUvYEJtL._SL160_.jpg",
        "detailPageURL": "https://www.amazon.com/dp/B07QHXL3WV",
        "rating": "4.6",
        "totalReviews": "42",
        "subtitle": "",
        "isPrimeEligible": "1"
    },
    {
        "ASIN": "B079Z3Y9XG",
        "title": "St Ives 150ml Radiant Skin Pink Lemon & Orange Scrub (Packaging may vary)",
        "price": "$5.21 ($1.03 / Fl Oz)",
        "listPrice": "",
        "imageUrl": "https://m.media-amazon.com/images/I/41qpMLk09zL._SL160_.jpg",
        "detailPageURL": "https://www.amazon.com/dp/B079Z3Y9XG",
        "rating": "4.5",
        "totalReviews": "1279",
        "subtitle": "St. Ives",
        "isPrimeEligible": "1"
    },
    {
        "ASIN": "B0B8NLQGQP",
        "title": "Birthday Bumps",
        "price": "",
        "listPrice": "",
        "imageUrl": "https://m.media-amazon.com/images/I/41x03QBeG6L._SL160_.jpg",
        "detailPageURL": "https://www.amazon.com/dp/B0B8NLQGQP",
        "rating": "3.9",
        "totalReviews": "14",
        "subtitle": "",
        "isPrimeEligible": ""
    },
    {
        "ASIN": "B0BW2VWYHR",
        "title": "Protective Cover for Oculus/Meta Quest 2 Accessories, Silicone Controllers Grip Cover Protector, Soft Shell Skin with Face Cover and Lens Cover by Gwyoneaon (White)",
        "price": "$18.98",
        "listPrice": "",
        "imageUrl": "https://m.media-amazon.com/images/I/41uBHiXkESL._SL160_.jpg",
        "detailPageURL": "https://www.amazon.com/dp/B0BW2VWYHR",
        "rating": "4.5",
        "totalReviews": "114",
        "subtitle": "Gwyoneaon",
        "isPrimeEligible": "1"
    },
    {
        "ASIN": "B0150GNTQK",
        "title": "Zum Face Sugar Facial Scrub - Lemongrass - 4 oz",
        "price": "$15.25 ($3.81 / Ounce)",
        "listPrice": "",
        "imageUrl": "https://m.media-amazon.com/images/I/41VQIx37pjL._SL160_.jpg",
        "detailPageURL": "https://www.amazon.com/dp/B0150GNTQK",
        "rating": "4.5",
        "totalReviews": "166",
        "subtitle": "Zum",
        "isPrimeEligible": "1"
    },
    {
        "ASIN": "B01DTYN4N8",
        "title": "Facial Cleansing Brush by Olay Regenerist, Face Exfoliator with 2 Brush Heads",
        "price": "$20.95",
        "listPrice": "$27.49",
        "imageUrl": "https://m.media-amazon.com/images/I/61u5U2ZBHrL._SL160_.jpg",
        "detailPageURL": "https://www.amazon.com/dp/B01DTYN4N8",
        "rating": "4.4",
        "totalReviews": "23754",
        "subtitle": "Olay",
        "isPrimeEligible": "1"
    },
    {
        "ASIN": "1503283208",
        "title": "Homemade Body Scrubs : 52 All Natural, Simple & Easy To Make Body Scrubs, Face Masks, Lip Balms & Body Washes Book: Amazing DIY Organic & Healing ... The Signs Of Aging (All Natural Series)",
        "price": "$7.99",
        "listPrice": "",
        "imageUrl": "https://m.media-amazon.com/images/I/51khP3k6muL._SL160_.jpg",
        "detailPageURL": "https://www.amazon.com/dp/1503283208",
        "rating": "4.5",
        "totalReviews": "69",
        "subtitle": "White, Lorraine (Paperback)",
        "isPrimeEligible": "1"
    },
    {
        "ASIN": "B091N119DD",
        "title": "Formulated Watermelon, Cactus Water And Alpha Hydroxy Acid! Exfoliating Face Scrub That Hydrate, Glow And Smooth Skin! Vegan, Alcohol Free & Sulfate Free! (Hydrating)Q",
        "price": "$17.67",
        "listPrice": "$20.07",
        "imageUrl": "https://m.media-amazon.com/images/I/31KW+zE20VS._SL160_.jpg",
        "detailPageURL": "https://www.amazon.com/dp/B091N119DD",
        "rating": "4.9",
        "totalReviews": "15",
        "subtitle": "T H",
        "isPrimeEligible": "1"
    },
    {
        "ASIN": "B00DQR9UH8",
        "title": "Simple Recipes for Easy Homemade Face Scrubs and Body Exfoliants: Organic Beauty on a Budget (Herbal and Natural Remedies for Healhty Skin Care)",
        "price": "$5.99",
        "listPrice": "",
        "imageUrl": "https://m.media-amazon.com/images/I/510gOMeauEL._SL160_.jpg",
        "detailPageURL": "https://www.amazon.com/dp/B00DQR9UH8",
        "rating": "4.4",
        "totalReviews": "150",
        "subtitle": "",
        "isPrimeEligible": "0"
    },
    {
        "ASIN": "B07QHXL3WV",
        "title": "ST IVES Nourished & Smooth Oatmeal Scrub + Mask 170g-Walnut Shell Powder Gently Buffs Away Dull Skin When Used as a face Scrub",
        "price": "$6.47 ($1.08 / ounce)",
        "listPrice": "$6.97 ($1.16 / ounce)",
        "imageUrl": "https://m.media-amazon.com/images/I/41LeUvYEJtL._SL160_.jpg",
        "detailPageURL": "https://www.amazon.com/dp/B07QHXL3WV",
        "rating": "4.6",
        "totalReviews": "42",
        "subtitle": "",
        "isPrimeEligible": "1"
    },
    {
        "ASIN": "B09V22N8GX",
        "title": "Face Scrub",
        "price": "$0.99",
        "listPrice": "",
        "imageUrl": "https://m.media-amazon.com/images/I/21shXikj0iL._SL160_.jpg",
        "detailPageURL": "https://www.amazon.com/dp/B09V22N8GX",
        "rating": "",
        "totalReviews": "",
        "subtitle": "",
        "isPrimeEligible": "0"
    },
    {
        "ASIN": "B0B8NLQGQP",
        "title": "Birthday Bumps",
        "price": "",
        "listPrice": "",
        "imageUrl": "https://m.media-amazon.com/images/I/41x03QBeG6L._SL160_.jpg",
        "detailPageURL": "https://www.amazon.com/dp/B0B8NLQGQP",
        "rating": "3.9",
        "totalReviews": "14",
        "subtitle": "",
        "isPrimeEligible": ""
    },
    {
        "ASIN": "B0BW2VWYHR",
        "title": "Protective Cover for Oculus/Meta Quest 2 Accessories, Silicone Controllers Grip Cover Protector, Soft Shell Skin with Face Cover and Lens Cover by Gwyoneaon (White)",
        "price": "$18.98",
        "listPrice": "",
        "imageUrl": "https://m.media-amazon.com/images/I/41uBHiXkESL._SL160_.jpg",
        "detailPageURL": "https://www.amazon.com/dp/B0BW2VWYHR",
        "rating": "4.5",
        "totalReviews": "114",
        "subtitle": "Gwyoneaon",
        "isPrimeEligible": "1"
    },
    {
        "ASIN": "B0150GNTQK",
        "title": "Zum Face Sugar Facial Scrub - Lemongrass - 4 oz",
        "price": "$15.25 ($3.81 / Ounce)",
        "listPrice": "",
        "imageUrl": "https://m.media-amazon.com/images/I/41VQIx37pjL._SL160_.jpg",
        "detailPageURL": "https://www.amazon.com/dp/B0150GNTQK",
        "rating": "4.5",
        "totalReviews": "166",
        "subtitle": "Zum",
        "isPrimeEligible": "1"
    },
    {
        "ASIN": "B01DTYN4N8",
        "title": "Facial Cleansing Brush by Olay Regenerist, Face Exfoliator with 2 Brush Heads",
        "price": "$20.95",
        "listPrice": "$27.49",
        "imageUrl": "https://m.media-amazon.com/images/I/61u5U2ZBHrL._SL160_.jpg",
        "detailPageURL": "https://www.amazon.com/dp/B01DTYN4N8",
        "rating": "4.4",
        "totalReviews": "23754",
        "subtitle": "Olay",
        "isPrimeEligible": "1"
    },
    {
        "ASIN": "1503283208",
        "title": "Homemade Body Scrubs : 52 All Natural, Simple & Easy To Make Body Scrubs, Face Masks, Lip Balms & Body Washes Book: Amazing DIY Organic & Healing ... The Signs Of Aging (All Natural Series)",
        "price": "$7.99",
        "listPrice": "",
        "imageUrl": "https://m.media-amazon.com/images/I/51khP3k6muL._SL160_.jpg",
        "detailPageURL": "https://www.amazon.com/dp/1503283208",
        "rating": "4.5",
        "totalReviews": "69",
        "subtitle": "White, Lorraine (Paperback)",
        "isPrimeEligible": "1"
    },
    {
        "ASIN": "B091N119DD",
        "title": "Formulated Watermelon, Cactus Water And Alpha Hydroxy Acid! Exfoliating Face Scrub That Hydrate, Glow And Smooth Skin! Vegan, Alcohol Free & Sulfate Free! (Hydrating)Q",
        "price": "$17.67",
        "listPrice": "$20.07",
        "imageUrl": "https://m.media-amazon.com/images/I/31KW+zE20VS._SL160_.jpg",
        "detailPageURL": "https://www.amazon.com/dp/B091N119DD",
        "rating": "4.9",
        "totalReviews": "15",
        "subtitle": "T H",
        "isPrimeEligible": "1"
    },
    {
        "ASIN": "B00DQR9UH8",
        "title": "Simple Recipes for Easy Homemade Face Scrubs and Body Exfoliants: Organic Beauty on a Budget (Herbal and Natural Remedies for Healhty Skin Care)",
        "price": "$5.99",
        "listPrice": "",
        "imageUrl": "https://m.media-amazon.com/images/I/510gOMeauEL._SL160_.jpg",
        "detailPageURL": "https://www.amazon.com/dp/B00DQR9UH8",
        "rating": "4.4",
        "totalReviews": "150",
        "subtitle": "",
        "isPrimeEligible": "0"
    },
    {
        "ASIN": "B07QHXL3WV",
        "title": "ST IVES Nourished & Smooth Oatmeal Scrub + Mask 170g-Walnut Shell Powder Gently Buffs Away Dull Skin When Used as a face Scrub",
        "price": "$6.47 ($1.08 / ounce)",
        "listPrice": "$6.97 ($1.16 / ounce)",
        "imageUrl": "https://m.media-amazon.com/images/I/41LeUvYEJtL._SL160_.jpg",
        "detailPageURL": "https://www.amazon.com/dp/B07QHXL3WV",
        "rating": "4.6",
        "totalReviews": "42",
        "subtitle": "",
        "isPrimeEligible": "1"
    },
    {
        "ASIN": "B09V22N8GX",
        "title": "Face Scrub",
        "price": "$0.99",
        "listPrice": "",
        "imageUrl": "https://m.media-amazon.com/images/I/21shXikj0iL._SL160_.jpg",
        "detailPageURL": "https://www.amazon.com/dp/B09V22N8GX",
        "rating": "",
        "totalReviews": "",
        "subtitle": "",
        "isPrimeEligible": "0"
    },
    {
        "ASIN": "B00YADQFX4",
        "title": "Okay?",
        "price": "$0.00",
        "listPrice": "",
        "imageUrl": "https://m.media-amazon.com/images/I/51qvarM2vWL._SL160_.png",
        "detailPageURL": "https://www.amazon.com/dp/B00YADQFX4",
        "rating": "3.6",
        "totalReviews": "17",
        "subtitle": "",
        "isPrimeEligible": "0"
    },
    {
        "ASIN": "B0BW2VWYHR",
        "title": "Protective Cover for Oculus/Meta Quest 2 Accessories, Silicone Controllers Grip Cover Protector, Soft Shell Skin with Face Cover and Lens Cover by Gwyoneaon (White)",
        "price": "$18.98",
        "listPrice": "",
        "imageUrl": "https://m.media-amazon.com/images/I/41uBHiXkESL._SL160_.jpg",
        "detailPageURL": "https://www.amazon.com/dp/B0BW2VWYHR",
        "rating": "4.5",
        "totalReviews": "114",
        "subtitle": "Gwyoneaon",
        "isPrimeEligible": "1"
    },
    {
        "ASIN": "B0150GNTQK",
        "title": "Zum Face Sugar Facial Scrub - Lemongrass - 4 oz",
        "price": "$15.25 ($3.81 / Ounce)",
        "listPrice": "",
        "imageUrl": "https://m.media-amazon.com/images/I/41VQIx37pjL._SL160_.jpg",
        "detailPageURL": "https://www.amazon.com/dp/B0150GNTQK",
        "rating": "4.5",
        "totalReviews": "166",
        "subtitle": "Zum",
        "isPrimeEligible": "1"
    },
    {
        "ASIN": "B01DTYN4N8",
        "title": "Facial Cleansing Brush by Olay Regenerist, Face Exfoliator with 2 Brush Heads",
        "price": "$20.95",
        "listPrice": "$27.49",
        "imageUrl": "https://m.media-amazon.com/images/I/61u5U2ZBHrL._SL160_.jpg",
        "detailPageURL": "https://www.amazon.com/dp/B01DTYN4N8",
        "rating": "4.4",
        "totalReviews": "23754",
        "subtitle": "Olay",
        "isPrimeEligible": "1"
    },
    {
        "ASIN": "1503283208",
        "title": "Homemade Body Scrubs : 52 All Natural, Simple & Easy To Make Body Scrubs, Face Masks, Lip Balms & Body Washes Book: Amazing DIY Organic & Healing ... The Signs Of Aging (All Natural Series)",
        "price": "$7.99",
        "listPrice": "",
        "imageUrl": "https://m.media-amazon.com/images/I/51khP3k6muL._SL160_.jpg",
        "detailPageURL": "https://www.amazon.com/dp/1503283208",
        "rating": "4.5",
        "totalReviews": "69",
        "subtitle": "White, Lorraine (Paperback)",
        "isPrimeEligible": "1"
    },
    {
        "ASIN": "B091N119DD",
        "title": "Formulated Watermelon, Cactus Water And Alpha Hydroxy Acid! Exfoliating Face Scrub That Hydrate, Glow And Smooth Skin! Vegan, Alcohol Free & Sulfate Free! (Hydrating)Q",
        "price": "$17.67",
        "listPrice": "$20.07",
        "imageUrl": "https://m.media-amazon.com/images/I/31KW+zE20VS._SL160_.jpg",
        "detailPageURL": "https://www.amazon.com/dp/B091N119DD",
        "rating": "4.9",
        "totalReviews": "15",
        "subtitle": "T H",
        "isPrimeEligible": "1"
    },
    {
        "ASIN": "B00DQR9UH8",
        "title": "Simple Recipes for Easy Homemade Face Scrubs and Body Exfoliants: Organic Beauty on a Budget (Herbal and Natural Remedies for Healhty Skin Care)",
        "price": "$5.99",
        "listPrice": "",
        "imageUrl": "https://m.media-amazon.com/images/I/510gOMeauEL._SL160_.jpg",
        "detailPageURL": "https://www.amazon.com/dp/B00DQR9UH8",
        "rating": "4.4",
        "totalReviews": "150",
        "subtitle": "",
        "isPrimeEligible": "0"
    },
    {
        "ASIN": "B07QHXL3WV",
        "title": "ST IVES Nourished & Smooth Oatmeal Scrub + Mask 170g-Walnut Shell Powder Gently Buffs Away Dull Skin When Used as a face Scrub",
        "price": "$6.47 ($1.08 / ounce)",
        "listPrice": "$6.97 ($1.16 / ounce)",
        "imageUrl": "https://m.media-amazon.com/images/I/41LeUvYEJtL._SL160_.jpg",
        "detailPageURL": "https://www.amazon.com/dp/B07QHXL3WV",
        "rating": "4.6",
        "totalReviews": "42",
        "subtitle": "",
        "isPrimeEligible": "1"
    },
    {
        "ASIN": "B09V22N8GX",
        "title": "Face Scrub",
        "price": "$0.99",
        "listPrice": "",
        "imageUrl": "https://m.media-amazon.com/images/I/21shXikj0iL._SL160_.jpg",
        "detailPageURL": "https://www.amazon.com/dp/B09V22N8GX",
        "rating": "",
        "totalReviews": "",
        "subtitle": "",
        "isPrimeEligible": "0"
    },
    {
        "ASIN": "B00YADQFX4",
        "title": "Okay?",
        "price": "$0.00",
        "listPrice": "",
        "imageUrl": "https://m.media-amazon.com/images/I/51qvarM2vWL._SL160_.png",
        "detailPageURL": "https://www.amazon.com/dp/B00YADQFX4",
        "rating": "3.6",
        "totalReviews": "17",
        "subtitle": "",
        "isPrimeEligible": "0"
    },
    {
        "ASIN": "B08DBNH57P",
        "title": "Symphony 7 in a Major 92",
        "price": "$16.95",
        "listPrice": "",
        "imageUrl": "https://m.media-amazon.com/images/I/31CR17FpgAL._SL160_.jpg",
        "detailPageURL": "https://www.amazon.com/dp/B08DBNH57P",
        "rating": "4.6",
        "totalReviews": "112",
        "subtitle": "Beethoven / Currentzis (Audio CD - Apr 9, 2021)",
        "isPrimeEligible": "0"
    },
    {
        "ASIN": "B0150GNTQK",
        "title": "Zum Face Sugar Facial Scrub - Lemongrass - 4 oz",
        "price": "$15.25 ($3.81 / Ounce)",
        "listPrice": "",
        "imageUrl": "https://m.media-amazon.com/images/I/41VQIx37pjL._SL160_.jpg",
        "detailPageURL": "https://www.amazon.com/dp/B0150GNTQK",
        "rating": "4.5",
        "totalReviews": "166",
        "subtitle": "Zum",
        "isPrimeEligible": "1"
    },
    {
        "ASIN": "B01DTYN4N8",
        "title": "Facial Cleansing Brush by Olay Regenerist, Face Exfoliator with 2 Brush Heads",
        "price": "$20.95",
        "listPrice": "$27.49",
        "imageUrl": "https://m.media-amazon.com/images/I/61u5U2ZBHrL._SL160_.jpg",
        "detailPageURL": "https://www.amazon.com/dp/B01DTYN4N8",
        "rating": "4.4",
        "totalReviews": "23754",
        "subtitle": "Olay",
        "isPrimeEligible": "1"
    },
    {
        "ASIN": "1503283208",
        "title": "Homemade Body Scrubs : 52 All Natural, Simple & Easy To Make Body Scrubs, Face Masks, Lip Balms & Body Washes Book: Amazing DIY Organic & Healing ... The Signs Of Aging (All Natural Series)",
        "price": "$7.99",
        "listPrice": "",
        "imageUrl": "https://m.media-amazon.com/images/I/51khP3k6muL._SL160_.jpg",
        "detailPageURL": "https://www.amazon.com/dp/1503283208",
        "rating": "4.5",
        "totalReviews": "69",
        "subtitle": "White, Lorraine (Paperback)",
        "isPrimeEligible": "1"
    },
    {
        "ASIN": "B091N119DD",
        "title": "Formulated Watermelon, Cactus Water And Alpha Hydroxy Acid! Exfoliating Face Scrub That Hydrate, Glow And Smooth Skin! Vegan, Alcohol Free & Sulfate Free! (Hydrating)Q",
        "price": "$17.67",
        "listPrice": "$20.07",
        "imageUrl": "https://m.media-amazon.com/images/I/31KW+zE20VS._SL160_.jpg",
        "detailPageURL": "https://www.amazon.com/dp/B091N119DD",
        "rating": "4.9",
        "totalReviews": "15",
        "subtitle": "T H",
        "isPrimeEligible": "1"
    },
    {
        "ASIN": "B00DQR9UH8",
        "title": "Simple Recipes for Easy Homemade Face Scrubs and Body Exfoliants: Organic Beauty on a Budget (Herbal and Natural Remedies for Healhty Skin Care)",
        "price": "$5.99",
        "listPrice": "",
        "imageUrl": "https://m.media-amazon.com/images/I/510gOMeauEL._SL160_.jpg",
        "detailPageURL": "https://www.amazon.com/dp/B00DQR9UH8",
        "rating": "4.4",
        "totalReviews": "150",
        "subtitle": "",
        "isPrimeEligible": "0"
    },
    {
        "ASIN": "B07QHXL3WV",
        "title": "ST IVES Nourished & Smooth Oatmeal Scrub + Mask 170g-Walnut Shell Powder Gently Buffs Away Dull Skin When Used as a face Scrub",
        "price": "$6.47 ($1.08 / ounce)",
        "listPrice": "$6.97 ($1.16 / ounce)",
        "imageUrl": "https://m.media-amazon.com/images/I/41LeUvYEJtL._SL160_.jpg",
        "detailPageURL": "https://www.amazon.com/dp/B07QHXL3WV",
        "rating": "4.6",
        "totalReviews": "42",
        "subtitle": "",
        "isPrimeEligible": "1"
    },
    {
        "ASIN": "B09V22N8GX",
        "title": "Face Scrub",
        "price": "$0.99",
        "listPrice": "",
        "imageUrl": "https://m.media-amazon.com/images/I/21shXikj0iL._SL160_.jpg",
        "detailPageURL": "https://www.amazon.com/dp/B09V22N8GX",
        "rating": "",
        "totalReviews": "",
        "subtitle": "",
        "isPrimeEligible": "0"
    },
    {
        "ASIN": "B00YADQFX4",
        "title": "Okay?",
        "price": "$0.00",
        "listPrice": "",
        "imageUrl": "https://m.media-amazon.com/images/I/51qvarM2vWL._SL160_.png",
        "detailPageURL": "https://www.amazon.com/dp/B00YADQFX4",
        "rating": "3.6",
        "totalReviews": "17",
        "subtitle": "",
        "isPrimeEligible": "0"
    },
    {
        "ASIN": "B08DBNH57P",
        "title": "Symphony 7 in a Major 92",
        "price": "$16.95",
        "listPrice": "",
        "imageUrl": "https://m.media-amazon.com/images/I/31CR17FpgAL._SL160_.jpg",
        "detailPageURL": "https://www.amazon.com/dp/B08DBNH57P",
        "rating": "4.6",
        "totalReviews": "112",
        "subtitle": "Beethoven / Currentzis (Audio CD - Apr 9, 2021)",
        "isPrimeEligible": "0"
    },
    {
        "ASIN": "B0BTX3JT84",
        "title": "Amazon Basics Deep Cleansing Exfoliating Scrub, 5 Ounces, 1-Pack",
        "price": "$5.21 ($1.04 / Ounce)",
        "listPrice": "",
        "imageUrl": "https://m.media-amazon.com/images/I/31jtwczj-4L._SL160_.jpg",
        "detailPageURL": "https://www.amazon.com/dp/B0BTX3JT84",
        "rating": "4.3",
        "totalReviews": "13",
        "subtitle": "Amazon Basics",
        "isPrimeEligible": "1"
    },
    {
        "ASIN": "B01DTYN4N8",
        "title": "Facial Cleansing Brush by Olay Regenerist, Face Exfoliator with 2 Brush Heads",
        "price": "$20.95",
        "listPrice": "$27.49",
        "imageUrl": "https://m.media-amazon.com/images/I/61u5U2ZBHrL._SL160_.jpg",
        "detailPageURL": "https://www.amazon.com/dp/B01DTYN4N8",
        "rating": "4.4",
        "totalReviews": "23754",
        "subtitle": "Olay",
        "isPrimeEligible": "1"
    },
    {
        "ASIN": "1503283208",
        "title": "Homemade Body Scrubs : 52 All Natural, Simple & Easy To Make Body Scrubs, Face Masks, Lip Balms & Body Washes Book: Amazing DIY Organic & Healing ... The Signs Of Aging (All Natural Series)",
        "price": "$7.99",
        "listPrice": "",
        "imageUrl": "https://m.media-amazon.com/images/I/51khP3k6muL._SL160_.jpg",
        "detailPageURL": "https://www.amazon.com/dp/1503283208",
        "rating": "4.5",
        "totalReviews": "69",
        "subtitle": "White, Lorraine (Paperback)",
        "isPrimeEligible": "1"
    },
    {
        "ASIN": "B091N119DD",
        "title": "Formulated Watermelon, Cactus Water And Alpha Hydroxy Acid! Exfoliating Face Scrub That Hydrate, Glow And Smooth Skin! Vegan, Alcohol Free & Sulfate Free! (Hydrating)Q",
        "price": "$17.67",
        "listPrice": "$20.07",
        "imageUrl": "https://m.media-amazon.com/images/I/31KW+zE20VS._SL160_.jpg",
        "detailPageURL": "https://www.amazon.com/dp/B091N119DD",
        "rating": "4.9",
        "totalReviews": "15",
        "subtitle": "T H",
        "isPrimeEligible": "1"
    },
    {
        "ASIN": "B00DQR9UH8",
        "title": "Simple Recipes for Easy Homemade Face Scrubs and Body Exfoliants: Organic Beauty on a Budget (Herbal and Natural Remedies for Healhty Skin Care)",
        "price": "$5.99",
        "listPrice": "",
        "imageUrl": "https://m.media-amazon.com/images/I/510gOMeauEL._SL160_.jpg",
        "detailPageURL": "https://www.amazon.com/dp/B00DQR9UH8",
        "rating": "4.4",
        "totalReviews": "150",
        "subtitle": "",
        "isPrimeEligible": "0"
    },
    {
        "ASIN": "B07QHXL3WV",
        "title": "ST IVES Nourished & Smooth Oatmeal Scrub + Mask 170g-Walnut Shell Powder Gently Buffs Away Dull Skin When Used as a face Scrub",
        "price": "$6.47 ($1.08 / ounce)",
        "listPrice": "$6.97 ($1.16 / ounce)",
        "imageUrl": "https://m.media-amazon.com/images/I/41LeUvYEJtL._SL160_.jpg",
        "detailPageURL": "https://www.amazon.com/dp/B07QHXL3WV",
        "rating": "4.6",
        "totalReviews": "42",
        "subtitle": "",
        "isPrimeEligible": "1"
    },
    {
        "ASIN": "B09V22N8GX",
        "title": "Face Scrub",
        "price": "$0.99",
        "listPrice": "",
        "imageUrl": "https://m.media-amazon.com/images/I/21shXikj0iL._SL160_.jpg",
        "detailPageURL": "https://www.amazon.com/dp/B09V22N8GX",
        "rating": "",
        "totalReviews": "",
        "subtitle": "",
        "isPrimeEligible": "0"
    },
    {
        "ASIN": "B00YADQFX4",
        "title": "Okay?",
        "price": "$0.00",
        "listPrice": "",
        "imageUrl": "https://m.media-amazon.com/images/I/51qvarM2vWL._SL160_.png",
        "detailPageURL": "https://www.amazon.com/dp/B00YADQFX4",
        "rating": "3.6",
        "totalReviews": "17",
        "subtitle": "",
        "isPrimeEligible": "0"
    },
    {
        "ASIN": "B08DBNH57P",
        "title": "Symphony 7 in a Major 92",
        "price": "$16.95",
        "listPrice": "",
        "imageUrl": "https://m.media-amazon.com/images/I/31CR17FpgAL._SL160_.jpg",
        "detailPageURL": "https://www.amazon.com/dp/B08DBNH57P",
        "rating": "4.6",
        "totalReviews": "112",
        "subtitle": "Beethoven / Currentzis (Audio CD - Apr 9, 2021)",
        "isPrimeEligible": "0"
    },
    {
        "ASIN": "B0BTX3JT84",
        "title": "Amazon Basics Deep Cleansing Exfoliating Scrub, 5 Ounces, 1-Pack",
        "price": "$5.21 ($1.04 / Ounce)",
        "listPrice": "",
        "imageUrl": "https://m.media-amazon.com/images/I/31jtwczj-4L._SL160_.jpg",
        "detailPageURL": "https://www.amazon.com/dp/B0BTX3JT84",
        "rating": "4.3",
        "totalReviews": "13",
        "subtitle": "Amazon Basics",
        "isPrimeEligible": "1"
    },
    {
        "ASIN": "B00DDOW9CC",
        "title": "Nip + Fab Glycolic Acid Fix Face Scrub with Salicylic Acid, AHA/BHA Exfoliating Facial Cleanser Polish for Refining Pores Skin Brightening, 75 ml 2.5 fl oz",
        "price": "$9.71 ($3.88 / Fl Oz)",
        "listPrice": "$14.95 ($5.98 / Fl Oz)",
        "imageUrl": "https://m.media-amazon.com/images/I/31mH6dhEMJL._SL160_.jpg",
        "detailPageURL": "https://www.amazon.com/dp/B00DDOW9CC",
        "rating": "4.6",
        "totalReviews": "6589",
        "subtitle": "Nip+Fab",
        "isPrimeEligible": "1"
    },
    {
        "ASIN": "1503283208",
        "title": "Homemade Body Scrubs : 52 All Natural, Simple & Easy To Make Body Scrubs, Face Masks, Lip Balms & Body Washes Book: Amazing DIY Organic & Healing ... The Signs Of Aging (All Natural Series)",
        "price": "$7.99",
        "listPrice": "",
        "imageUrl": "https://m.media-amazon.com/images/I/51khP3k6muL._SL160_.jpg",
        "detailPageURL": "https://www.amazon.com/dp/1503283208",
        "rating": "4.5",
        "totalReviews": "69",
        "subtitle": "White, Lorraine (Paperback)",
        "isPrimeEligible": "1"
    },
    {
        "ASIN": "B091N119DD",
        "title": "Formulated Watermelon, Cactus Water And Alpha Hydroxy Acid! Exfoliating Face Scrub That Hydrate, Glow And Smooth Skin! Vegan, Alcohol Free & Sulfate Free! (Hydrating)Q",
        "price": "$17.67",
        "listPrice": "$20.07",
        "imageUrl": "https://m.media-amazon.com/images/I/31KW+zE20VS._SL160_.jpg",
        "detailPageURL": "https://www.amazon.com/dp/B091N119DD",
        "rating": "4.9",
        "totalReviews": "15",
        "subtitle": "T H",
        "isPrimeEligible": "1"
    },
    {
        "ASIN": "B00DQR9UH8",
        "title": "Simple Recipes for Easy Homemade Face Scrubs and Body Exfoliants: Organic Beauty on a Budget (Herbal and Natural Remedies for Healhty Skin Care)",
        "price": "$5.99",
        "listPrice": "",
        "imageUrl": "https://m.media-amazon.com/images/I/510gOMeauEL._SL160_.jpg",
        "detailPageURL": "https://www.amazon.com/dp/B00DQR9UH8",
        "rating": "4.4",
        "totalReviews": "150",
        "subtitle": "",
        "isPrimeEligible": "0"
    },
    {
        "ASIN": "B07QHXL3WV",
        "title": "ST IVES Nourished & Smooth Oatmeal Scrub + Mask 170g-Walnut Shell Powder Gently Buffs Away Dull Skin When Used as a face Scrub",
        "price": "$6.47 ($1.08 / ounce)",
        "listPrice": "$6.97 ($1.16 / ounce)",
        "imageUrl": "https://m.media-amazon.com/images/I/41LeUvYEJtL._SL160_.jpg",
        "detailPageURL": "https://www.amazon.com/dp/B07QHXL3WV",
        "rating": "4.6",
        "totalReviews": "42",
        "subtitle": "",
        "isPrimeEligible": "1"
    },
    {
        "ASIN": "B09V22N8GX",
        "title": "Face Scrub",
        "price": "$0.99",
        "listPrice": "",
        "imageUrl": "https://m.media-amazon.com/images/I/21shXikj0iL._SL160_.jpg",
        "detailPageURL": "https://www.amazon.com/dp/B09V22N8GX",
        "rating": "",
        "totalReviews": "",
        "subtitle": "",
        "isPrimeEligible": "0"
    },
    {
        "ASIN": "B00YADQFX4",
        "title": "Okay?",
        "price": "$0.00",
        "listPrice": "",
        "imageUrl": "https://m.media-amazon.com/images/I/51qvarM2vWL._SL160_.png",
        "detailPageURL": "https://www.amazon.com/dp/B00YADQFX4",
        "rating": "3.6",
        "totalReviews": "17",
        "subtitle": "",
        "isPrimeEligible": "0"
    },
    {
        "ASIN": "B08DBNH57P",
        "title": "Symphony 7 in a Major 92",
        "price": "$16.95",
        "listPrice": "",
        "imageUrl": "https://m.media-amazon.com/images/I/31CR17FpgAL._SL160_.jpg",
        "detailPageURL": "https://www.amazon.com/dp/B08DBNH57P",
        "rating": "4.6",
        "totalReviews": "112",
        "subtitle": "Beethoven / Currentzis (Audio CD - Apr 9, 2021)",
        "isPrimeEligible": "0"
    },
    {
        "ASIN": "B0BTX3JT84",
        "title": "Amazon Basics Deep Cleansing Exfoliating Scrub, 5 Ounces, 1-Pack",
        "price": "$5.21 ($1.04 / Ounce)",
        "listPrice": "",
        "imageUrl": "https://m.media-amazon.com/images/I/31jtwczj-4L._SL160_.jpg",
        "detailPageURL": "https://www.amazon.com/dp/B0BTX3JT84",
        "rating": "4.3",
        "totalReviews": "13",
        "subtitle": "Amazon Basics",
        "isPrimeEligible": "1"
    },
    {
        "ASIN": "B00DDOW9CC",
        "title": "Nip + Fab Glycolic Acid Fix Face Scrub with Salicylic Acid, AHA/BHA Exfoliating Facial Cleanser Polish for Refining Pores Skin Brightening, 75 ml 2.5 fl oz",
        "price": "$9.71 ($3.88 / Fl Oz)",
        "listPrice": "$14.95 ($5.98 / Fl Oz)",
        "imageUrl": "https://m.media-amazon.com/images/I/31mH6dhEMJL._SL160_.jpg",
        "detailPageURL": "https://www.amazon.com/dp/B00DDOW9CC",
        "rating": "4.6",
        "totalReviews": "6589",
        "subtitle": "Nip+Fab",
        "isPrimeEligible": "1"
    },
    {
        "ASIN": "B08FCZ2SX6",
        "title": "Vitamins and Sea Beauty, Hydrating Exfoliating Face Cleansing Wash Scrub, Skin Deep Pore Cleanser Minimizer with Sea Salt and Coconut Skincare, 5.1 Fl Oz",
        "price": "$9.97 ($1.95 / Fl Oz)",
        "listPrice": "",
        "imageUrl": "https://m.media-amazon.com/images/I/31TSS99nSFL._SL160_.jpg",
        "detailPageURL": "https://www.amazon.com/dp/B08FCZ2SX6",
        "rating": "4.7",
        "totalReviews": "262",
        "subtitle": "VITAMINS AND SEA BEAUTY",
        "isPrimeEligible": "1"
    },
    {
        "ASIN": "B091N119DD",
        "title": "Formulated Watermelon, Cactus Water And Alpha Hydroxy Acid! Exfoliating Face Scrub That Hydrate, Glow And Smooth Skin! Vegan, Alcohol Free & Sulfate Free! (Hydrating)Q",
        "price": "$17.67",
        "listPrice": "$20.07",
        "imageUrl": "https://m.media-amazon.com/images/I/31KW+zE20VS._SL160_.jpg",
        "detailPageURL": "https://www.amazon.com/dp/B091N119DD",
        "rating": "4.9",
        "totalReviews": "15",
        "subtitle": "T H",
        "isPrimeEligible": "1"
    },
    {
        "ASIN": "B00DQR9UH8",
        "title": "Simple Recipes for Easy Homemade Face Scrubs and Body Exfoliants: Organic Beauty on a Budget (Herbal and Natural Remedies for Healhty Skin Care)",
        "price": "$5.99",
        "listPrice": "",
        "imageUrl": "https://m.media-amazon.com/images/I/510gOMeauEL._SL160_.jpg",
        "detailPageURL": "https://www.amazon.com/dp/B00DQR9UH8",
        "rating": "4.4",
        "totalReviews": "150",
        "subtitle": "",
        "isPrimeEligible": "0"
    },
    {
        "ASIN": "B07QHXL3WV",
        "title": "ST IVES Nourished & Smooth Oatmeal Scrub + Mask 170g-Walnut Shell Powder Gently Buffs Away Dull Skin When Used as a face Scrub",
        "price": "$6.47 ($1.08 / ounce)",
        "listPrice": "$6.97 ($1.16 / ounce)",
        "imageUrl": "https://m.media-amazon.com/images/I/41LeUvYEJtL._SL160_.jpg",
        "detailPageURL": "https://www.amazon.com/dp/B07QHXL3WV",
        "rating": "4.6",
        "totalReviews": "42",
        "subtitle": "",
        "isPrimeEligible": "1"
    },
    {
        "ASIN": "B09V22N8GX",
        "title": "Face Scrub",
        "price": "$0.99",
        "listPrice": "",
        "imageUrl": "https://m.media-amazon.com/images/I/21shXikj0iL._SL160_.jpg",
        "detailPageURL": "https://www.amazon.com/dp/B09V22N8GX",
        "rating": "",
        "totalReviews": "",
        "subtitle": "",
        "isPrimeEligible": "0"
    },
    {
        "ASIN": "B00YADQFX4",
        "title": "Okay?",
        "price": "$0.00",
        "listPrice": "",
        "imageUrl": "https://m.media-amazon.com/images/I/51qvarM2vWL._SL160_.png",
        "detailPageURL": "https://www.amazon.com/dp/B00YADQFX4",
        "rating": "3.6",
        "totalReviews": "17",
        "subtitle": "",
        "isPrimeEligible": "0"
    },
    {
        "ASIN": "B08DBNH57P",
        "title": "Symphony 7 in a Major 92",
        "price": "$16.95",
        "listPrice": "",
        "imageUrl": "https://m.media-amazon.com/images/I/31CR17FpgAL._SL160_.jpg",
        "detailPageURL": "https://www.amazon.com/dp/B08DBNH57P",
        "rating": "4.6",
        "totalReviews": "112",
        "subtitle": "Beethoven / Currentzis (Audio CD - Apr 9, 2021)",
        "isPrimeEligible": "0"
    },
    {
        "ASIN": "B0BTX3JT84",
        "title": "Amazon Basics Deep Cleansing Exfoliating Scrub, 5 Ounces, 1-Pack",
        "price": "$5.21 ($1.04 / Ounce)",
        "listPrice": "",
        "imageUrl": "https://m.media-amazon.com/images/I/31jtwczj-4L._SL160_.jpg",
        "detailPageURL": "https://www.amazon.com/dp/B0BTX3JT84",
        "rating": "4.3",
        "totalReviews": "13",
        "subtitle": "Amazon Basics",
        "isPrimeEligible": "1"
    },
    {
        "ASIN": "B00DDOW9CC",
        "title": "Nip + Fab Glycolic Acid Fix Face Scrub with Salicylic Acid, AHA/BHA Exfoliating Facial Cleanser Polish for Refining Pores Skin Brightening, 75 ml 2.5 fl oz",
        "price": "$9.71 ($3.88 / Fl Oz)",
        "listPrice": "$14.95 ($5.98 / Fl Oz)",
        "imageUrl": "https://m.media-amazon.com/images/I/31mH6dhEMJL._SL160_.jpg",
        "detailPageURL": "https://www.amazon.com/dp/B00DDOW9CC",
        "rating": "4.6",
        "totalReviews": "6589",
        "subtitle": "Nip+Fab",
        "isPrimeEligible": "1"
    },
    {
        "ASIN": "B08FCZ2SX6",
        "title": "Vitamins and Sea Beauty, Hydrating Exfoliating Face Cleansing Wash Scrub, Skin Deep Pore Cleanser Minimizer with Sea Salt and Coconut Skincare, 5.1 Fl Oz",
        "price": "$9.97 ($1.95 / Fl Oz)",
        "listPrice": "",
        "imageUrl": "https://m.media-amazon.com/images/I/31TSS99nSFL._SL160_.jpg",
        "detailPageURL": "https://www.amazon.com/dp/B08FCZ2SX6",
        "rating": "4.7",
        "totalReviews": "262",
        "subtitle": "VITAMINS AND SEA BEAUTY",
        "isPrimeEligible": "1"
    },
    {
        "ASIN": "B00S6RS6TG",
        "title": "VASANTI Brighten Up! Enzymatic Face Rejuvenator (20g) - Gentle Scrub Brightens Exfoliates Cleanses Skin Paraben-Free Vegan Friendly Skincare",
        "price": "$8.00 ($11.27 / Ounce)",
        "listPrice": "",
        "imageUrl": "https://m.media-amazon.com/images/I/31sYpmrImIL._SL160_.jpg",
        "detailPageURL": "https://www.amazon.com/dp/B00S6RS6TG",
        "rating": "4.5",
        "totalReviews": "612",
        "subtitle": "Vasanti Cosmetics",
        "isPrimeEligible": "1"
    },
    {
        "ASIN": "B00DQR9UH8",
        "title": "Simple Recipes for Easy Homemade Face Scrubs and Body Exfoliants: Organic Beauty on a Budget (Herbal and Natural Remedies for Healhty Skin Care)",
        "price": "$5.99",
        "listPrice": "",
        "imageUrl": "https://m.media-amazon.com/images/I/510gOMeauEL._SL160_.jpg",
        "detailPageURL": "https://www.amazon.com/dp/B00DQR9UH8",
        "rating": "4.4",
        "totalReviews": "150",
        "subtitle": "",
        "isPrimeEligible": "0"
    },
    {
        "ASIN": "B07QHXL3WV",
        "title": "ST IVES Nourished & Smooth Oatmeal Scrub + Mask 170g-Walnut Shell Powder Gently Buffs Away Dull Skin When Used as a face Scrub",
        "price": "$6.47 ($1.08 / ounce)",
        "listPrice": "$6.97 ($1.16 / ounce)",
        "imageUrl": "https://m.media-amazon.com/images/I/41LeUvYEJtL._SL160_.jpg",
        "detailPageURL": "https://www.amazon.com/dp/B07QHXL3WV",
        "rating": "4.6",
        "totalReviews": "42",
        "subtitle": "",
        "isPrimeEligible": "1"
    },
    {
        "ASIN": "B09V22N8GX",
        "title": "Face Scrub",
        "price": "$0.99",
        "listPrice": "",
        "imageUrl": "https://m.media-amazon.com/images/I/21shXikj0iL._SL160_.jpg",
        "detailPageURL": "https://www.amazon.com/dp/B09V22N8GX",
        "rating": "",
        "totalReviews": "",
        "subtitle": "",
        "isPrimeEligible": "0"
    },
    {
        "ASIN": "B00YADQFX4",
        "title": "Okay?",
        "price": "$0.00",
        "listPrice": "",
        "imageUrl": "https://m.media-amazon.com/images/I/51qvarM2vWL._SL160_.png",
        "detailPageURL": "https://www.amazon.com/dp/B00YADQFX4",
        "rating": "3.6",
        "totalReviews": "17",
        "subtitle": "",
        "isPrimeEligible": "0"
    },
    {
        "ASIN": "B08DBNH57P",
        "title": "Symphony 7 in a Major 92",
        "price": "$16.95",
        "listPrice": "",
        "imageUrl": "https://m.media-amazon.com/images/I/31CR17FpgAL._SL160_.jpg",
        "detailPageURL": "https://www.amazon.com/dp/B08DBNH57P",
        "rating": "4.6",
        "totalReviews": "112",
        "subtitle": "Beethoven / Currentzis (Audio CD - Apr 9, 2021)",
        "isPrimeEligible": "0"
    },
    {
        "ASIN": "B0BTX3JT84",
        "title": "Amazon Basics Deep Cleansing Exfoliating Scrub, 5 Ounces, 1-Pack",
        "price": "$5.21 ($1.04 / Ounce)",
        "listPrice": "",
        "imageUrl": "https://m.media-amazon.com/images/I/31jtwczj-4L._SL160_.jpg",
        "detailPageURL": "https://www.amazon.com/dp/B0BTX3JT84",
        "rating": "4.3",
        "totalReviews": "13",
        "subtitle": "Amazon Basics",
        "isPrimeEligible": "1"
    },
    {
        "ASIN": "B00DDOW9CC",
        "title": "Nip + Fab Glycolic Acid Fix Face Scrub with Salicylic Acid, AHA/BHA Exfoliating Facial Cleanser Polish for Refining Pores Skin Brightening, 75 ml 2.5 fl oz",
        "price": "$9.71 ($3.88 / Fl Oz)",
        "listPrice": "$14.95 ($5.98 / Fl Oz)",
        "imageUrl": "https://m.media-amazon.com/images/I/31mH6dhEMJL._SL160_.jpg",
        "detailPageURL": "https://www.amazon.com/dp/B00DDOW9CC",
        "rating": "4.6",
        "totalReviews": "6589",
        "subtitle": "Nip+Fab",
        "isPrimeEligible": "1"
    },
    {
        "ASIN": "B08FCZ2SX6",
        "title": "Vitamins and Sea Beauty, Hydrating Exfoliating Face Cleansing Wash Scrub, Skin Deep Pore Cleanser Minimizer with Sea Salt and Coconut Skincare, 5.1 Fl Oz",
        "price": "$9.97 ($1.95 / Fl Oz)",
        "listPrice": "",
        "imageUrl": "https://m.media-amazon.com/images/I/31TSS99nSFL._SL160_.jpg",
        "detailPageURL": "https://www.amazon.com/dp/B08FCZ2SX6",
        "rating": "4.7",
        "totalReviews": "262",
        "subtitle": "VITAMINS AND SEA BEAUTY",
        "isPrimeEligible": "1"
    },
    {
        "ASIN": "B00S6RS6TG",
        "title": "VASANTI Brighten Up! Enzymatic Face Rejuvenator (20g) - Gentle Scrub Brightens Exfoliates Cleanses Skin Paraben-Free Vegan Friendly Skincare",
        "price": "$8.00 ($11.27 / Ounce)",
        "listPrice": "",
        "imageUrl": "https://m.media-amazon.com/images/I/31sYpmrImIL._SL160_.jpg",
        "detailPageURL": "https://www.amazon.com/dp/B00S6RS6TG",
        "rating": "4.5",
        "totalReviews": "612",
        "subtitle": "Vasanti Cosmetics",
        "isPrimeEligible": "1"
    },
    {
        "ASIN": "B0BFR27DCL",
        "title": "Silicone Face Scrubber for Men, Gentle Exfoliator Pad & Massager, Facial Cleansing/Wash Brush - Removes Dead & Dry Skin\uff08Black\uff09",
        "price": "$6.99",
        "listPrice": "",
        "imageUrl": "https://m.media-amazon.com/images/I/41ps-34u8aL._SL160_.jpg",
        "detailPageURL": "https://www.amazon.com/dp/B0BFR27DCL",
        "rating": "4.4",
        "totalReviews": "341",
        "subtitle": "VWMYQ",
        "isPrimeEligible": "1"
    },
    {
        "ASIN": "B07QHXL3WV",
        "title": "ST IVES Nourished & Smooth Oatmeal Scrub + Mask 170g-Walnut Shell Powder Gently Buffs Away Dull Skin When Used as a face Scrub",
        "price": "$6.47 ($1.08 / ounce)",
        "listPrice": "$6.97 ($1.16 / ounce)",
        "imageUrl": "https://m.media-amazon.com/images/I/41LeUvYEJtL._SL160_.jpg",
        "detailPageURL": "https://www.amazon.com/dp/B07QHXL3WV",
        "rating": "4.6",
        "totalReviews": "42",
        "subtitle": "",
        "isPrimeEligible": "1"
    },
    {
        "ASIN": "B09V22N8GX",
        "title": "Face Scrub",
        "price": "$0.99",
        "listPrice": "",
        "imageUrl": "https://m.media-amazon.com/images/I/21shXikj0iL._SL160_.jpg",
        "detailPageURL": "https://www.amazon.com/dp/B09V22N8GX",
        "rating": "",
        "totalReviews": "",
        "subtitle": "",
        "isPrimeEligible": "0"
    },
    {
        "ASIN": "B00YADQFX4",
        "title": "Okay?",
        "price": "$0.00",
        "listPrice": "",
        "imageUrl": "https://m.media-amazon.com/images/I/51qvarM2vWL._SL160_.png",
        "detailPageURL": "https://www.amazon.com/dp/B00YADQFX4",
        "rating": "3.6",
        "totalReviews": "17",
        "subtitle": "",
        "isPrimeEligible": "0"
    },
    {
        "ASIN": "B08DBNH57P",
        "title": "Symphony 7 in a Major 92",
        "price": "$16.95",
        "listPrice": "",
        "imageUrl": "https://m.media-amazon.com/images/I/31CR17FpgAL._SL160_.jpg",
        "detailPageURL": "https://www.amazon.com/dp/B08DBNH57P",
        "rating": "4.6",
        "totalReviews": "112",
        "subtitle": "Beethoven / Currentzis (Audio CD - Apr 9, 2021)",
        "isPrimeEligible": "0"
    },
    {
        "ASIN": "B0BTX3JT84",
        "title": "Amazon Basics Deep Cleansing Exfoliating Scrub, 5 Ounces, 1-Pack",
        "price": "$5.21 ($1.04 / Ounce)",
        "listPrice": "",
        "imageUrl": "https://m.media-amazon.com/images/I/31jtwczj-4L._SL160_.jpg",
        "detailPageURL": "https://www.amazon.com/dp/B0BTX3JT84",
        "rating": "4.3",
        "totalReviews": "13",
        "subtitle": "Amazon Basics",
        "isPrimeEligible": "1"
    },
    {
        "ASIN": "B00DDOW9CC",
        "title": "Nip + Fab Glycolic Acid Fix Face Scrub with Salicylic Acid, AHA/BHA Exfoliating Facial Cleanser Polish for Refining Pores Skin Brightening, 75 ml 2.5 fl oz",
        "price": "$9.71 ($3.88 / Fl Oz)",
        "listPrice": "$14.95 ($5.98 / Fl Oz)",
        "imageUrl": "https://m.media-amazon.com/images/I/31mH6dhEMJL._SL160_.jpg",
        "detailPageURL": "https://www.amazon.com/dp/B00DDOW9CC",
        "rating": "4.6",
        "totalReviews": "6589",
        "subtitle": "Nip+Fab",
        "isPrimeEligible": "1"
    },
    {
        "ASIN": "B08FCZ2SX6",
        "title": "Vitamins and Sea Beauty, Hydrating Exfoliating Face Cleansing Wash Scrub, Skin Deep Pore Cleanser Minimizer with Sea Salt and Coconut Skincare, 5.1 Fl Oz",
        "price": "$9.97 ($1.95 / Fl Oz)",
        "listPrice": "",
        "imageUrl": "https://m.media-amazon.com/images/I/31TSS99nSFL._SL160_.jpg",
        "detailPageURL": "https://www.amazon.com/dp/B08FCZ2SX6",
        "rating": "4.7",
        "totalReviews": "262",
        "subtitle": "VITAMINS AND SEA BEAUTY",
        "isPrimeEligible": "1"
    },
    {
        "ASIN": "B00S6RS6TG",
        "title": "VASANTI Brighten Up! Enzymatic Face Rejuvenator (20g) - Gentle Scrub Brightens Exfoliates Cleanses Skin Paraben-Free Vegan Friendly Skincare",
        "price": "$8.00 ($11.27 / Ounce)",
        "listPrice": "",
        "imageUrl": "https://m.media-amazon.com/images/I/31sYpmrImIL._SL160_.jpg",
        "detailPageURL": "https://www.amazon.com/dp/B00S6RS6TG",
        "rating": "4.5",
        "totalReviews": "612",
        "subtitle": "Vasanti Cosmetics",
        "isPrimeEligible": "1"
    },
    {
        "ASIN": "B0BFR27DCL",
        "title": "Silicone Face Scrubber for Men, Gentle Exfoliator Pad & Massager, Facial Cleansing/Wash Brush - Removes Dead & Dry Skin\uff08Black\uff09",
        "price": "$6.99",
        "listPrice": "",
        "imageUrl": "https://m.media-amazon.com/images/I/41ps-34u8aL._SL160_.jpg",
        "detailPageURL": "https://www.amazon.com/dp/B0BFR27DCL",
        "rating": "4.4",
        "totalReviews": "341",
        "subtitle": "VWMYQ",
        "isPrimeEligible": "1"
    },
    {
        "ASIN": "B077FZ112C",
        "title": "Cetaphil Exfoliating Face Wash, Extra Gentle Daily Face Scrub, Gently Exfoliates & Cleanses, For All Skin Types, Non-Irritating & Hypoallergenic, Suitable For Sensitive Skin, 6 Fl Oz, Pack of 2",
        "price": "$17.94 ($1.50 / Fl Oz)",
        "listPrice": "",
        "imageUrl": "https://m.media-amazon.com/images/I/41Z+IseWEML._SL160_.jpg",
        "detailPageURL": "https://www.amazon.com/dp/B077FZ112C",
        "rating": "4.5",
        "totalReviews": "7663",
        "subtitle": "Cetaphil",
        "isPrimeEligible": "1"
    },
    {
        "ASIN": "B09V22N8GX",
        "title": "Face Scrub",
        "price": "$0.99",
        "listPrice": "",
        "imageUrl": "https://m.media-amazon.com/images/I/21shXikj0iL._SL160_.jpg",
        "detailPageURL": "https://www.amazon.com/dp/B09V22N8GX",
        "rating": "",
        "totalReviews": "",
        "subtitle": "",
        "isPrimeEligible": "0"
    },
    {
        "ASIN": "B00YADQFX4",
        "title": "Okay?",
        "price": "$0.00",
        "listPrice": "",
        "imageUrl": "https://m.media-amazon.com/images/I/51qvarM2vWL._SL160_.png",
        "detailPageURL": "https://www.amazon.com/dp/B00YADQFX4",
        "rating": "3.6",
        "totalReviews": "17",
        "subtitle": "",
        "isPrimeEligible": "0"
    },
    {
        "ASIN": "B08DBNH57P",
        "title": "Symphony 7 in a Major 92",
        "price": "$16.95",
        "listPrice": "",
        "imageUrl": "https://m.media-amazon.com/images/I/31CR17FpgAL._SL160_.jpg",
        "detailPageURL": "https://www.amazon.com/dp/B08DBNH57P",
        "rating": "4.6",
        "totalReviews": "112",
        "subtitle": "Beethoven / Currentzis (Audio CD - Apr 9, 2021)",
        "isPrimeEligible": "0"
    },
    {
        "ASIN": "B0BTX3JT84",
        "title": "Amazon Basics Deep Cleansing Exfoliating Scrub, 5 Ounces, 1-Pack",
        "price": "$5.21 ($1.04 / Ounce)",
        "listPrice": "",
        "imageUrl": "https://m.media-amazon.com/images/I/31jtwczj-4L._SL160_.jpg",
        "detailPageURL": "https://www.amazon.com/dp/B0BTX3JT84",
        "rating": "4.3",
        "totalReviews": "13",
        "subtitle": "Amazon Basics",
        "isPrimeEligible": "1"
    },
    {
        "ASIN": "B00DDOW9CC",
        "title": "Nip + Fab Glycolic Acid Fix Face Scrub with Salicylic Acid, AHA/BHA Exfoliating Facial Cleanser Polish for Refining Pores Skin Brightening, 75 ml 2.5 fl oz",
        "price": "$9.71 ($3.88 / Fl Oz)",
        "listPrice": "$14.95 ($5.98 / Fl Oz)",
        "imageUrl": "https://m.media-amazon.com/images/I/31mH6dhEMJL._SL160_.jpg",
        "detailPageURL": "https://www.amazon.com/dp/B00DDOW9CC",
        "rating": "4.6",
        "totalReviews": "6589",
        "subtitle": "Nip+Fab",
        "isPrimeEligible": "1"
    },
    {
        "ASIN": "B08FCZ2SX6",
        "title": "Vitamins and Sea Beauty, Hydrating Exfoliating Face Cleansing Wash Scrub, Skin Deep Pore Cleanser Minimizer with Sea Salt and Coconut Skincare, 5.1 Fl Oz",
        "price": "$9.97 ($1.95 / Fl Oz)",
        "listPrice": "",
        "imageUrl": "https://m.media-amazon.com/images/I/31TSS99nSFL._SL160_.jpg",
        "detailPageURL": "https://www.amazon.com/dp/B08FCZ2SX6",
        "rating": "4.7",
        "totalReviews": "262",
        "subtitle": "VITAMINS AND SEA BEAUTY",
        "isPrimeEligible": "1"
    },
    {
        "ASIN": "B00S6RS6TG",
        "title": "VASANTI Brighten Up! Enzymatic Face Rejuvenator (20g) - Gentle Scrub Brightens Exfoliates Cleanses Skin Paraben-Free Vegan Friendly Skincare",
        "price": "$8.00 ($11.27 / Ounce)",
        "listPrice": "",
        "imageUrl": "https://m.media-amazon.com/images/I/31sYpmrImIL._SL160_.jpg",
        "detailPageURL": "https://www.amazon.com/dp/B00S6RS6TG",
        "rating": "4.5",
        "totalReviews": "612",
        "subtitle": "Vasanti Cosmetics",
        "isPrimeEligible": "1"
    },
    {
        "ASIN": "B0BFR27DCL",
        "title": "Silicone Face Scrubber for Men, Gentle Exfoliator Pad & Massager, Facial Cleansing/Wash Brush - Removes Dead & Dry Skin\uff08Black\uff09",
        "price": "$6.99",
        "listPrice": "",
        "imageUrl": "https://m.media-amazon.com/images/I/41ps-34u8aL._SL160_.jpg",
        "detailPageURL": "https://www.amazon.com/dp/B0BFR27DCL",
        "rating": "4.4",
        "totalReviews": "341",
        "subtitle": "VWMYQ",
        "isPrimeEligible": "1"
    },
    {
        "ASIN": "B077FZ112C",
        "title": "Cetaphil Exfoliating Face Wash, Extra Gentle Daily Face Scrub, Gently Exfoliates & Cleanses, For All Skin Types, Non-Irritating & Hypoallergenic, Suitable For Sensitive Skin, 6 Fl Oz, Pack of 2",
        "price": "$17.94 ($1.50 / Fl Oz)",
        "listPrice": "",
        "imageUrl": "https://m.media-amazon.com/images/I/41Z+IseWEML._SL160_.jpg",
        "detailPageURL": "https://www.amazon.com/dp/B077FZ112C",
        "rating": "4.5",
        "totalReviews": "7663",
        "subtitle": "Cetaphil",
        "isPrimeEligible": "1"
    },
    {
        "ASIN": "B006RFZ5ZM",
        "title": "Bior\u00e9 Pore Unclogging Scrub, Removes Excess Dirt and Oils, Face Scrub, with Salicylic Acid, Oil Free, 5 Ounces (HSA/FSA Approved)",
        "price": "$6.29 ($1.26 / Ounce)",
        "listPrice": "$8.49 ($1.70 / Ounce)",
        "imageUrl": "https://m.media-amazon.com/images/I/31xhjKENj8L._SL160_.jpg",
        "detailPageURL": "https://www.amazon.com/dp/B006RFZ5ZM",
        "rating": "4.6",
        "totalReviews": "5433",
        "subtitle": "Bior\u00e9",
        "isPrimeEligible": "1"
    },
    {
        "ASIN": "B00YADQFX4",
        "title": "Okay?",
        "price": "$0.00",
        "listPrice": "",
        "imageUrl": "https://m.media-amazon.com/images/I/51qvarM2vWL._SL160_.png",
        "detailPageURL": "https://www.amazon.com/dp/B00YADQFX4",
        "rating": "3.6",
        "totalReviews": "17",
        "subtitle": "",
        "isPrimeEligible": "0"
    },
    {
        "ASIN": "B08DBNH57P",
        "title": "Symphony 7 in a Major 92",
        "price": "$16.95",
        "listPrice": "",
        "imageUrl": "https://m.media-amazon.com/images/I/31CR17FpgAL._SL160_.jpg",
        "detailPageURL": "https://www.amazon.com/dp/B08DBNH57P",
        "rating": "4.6",
        "totalReviews": "112",
        "subtitle": "Beethoven / Currentzis (Audio CD - Apr 9, 2021)",
        "isPrimeEligible": "0"
    },
    {
        "ASIN": "B0BTX3JT84",
        "title": "Amazon Basics Deep Cleansing Exfoliating Scrub, 5 Ounces, 1-Pack",
        "price": "$5.21 ($1.04 / Ounce)",
        "listPrice": "",
        "imageUrl": "https://m.media-amazon.com/images/I/31jtwczj-4L._SL160_.jpg",
        "detailPageURL": "https://www.amazon.com/dp/B0BTX3JT84",
        "rating": "4.3",
        "totalReviews": "13",
        "subtitle": "Amazon Basics",
        "isPrimeEligible": "1"
    },
    {
        "ASIN": "B00DDOW9CC",
        "title": "Nip + Fab Glycolic Acid Fix Face Scrub with Salicylic Acid, AHA/BHA Exfoliating Facial Cleanser Polish for Refining Pores Skin Brightening, 75 ml 2.5 fl oz",
        "price": "$9.71 ($3.88 / Fl Oz)",
        "listPrice": "$14.95 ($5.98 / Fl Oz)",
        "imageUrl": "https://m.media-amazon.com/images/I/31mH6dhEMJL._SL160_.jpg",
        "detailPageURL": "https://www.amazon.com/dp/B00DDOW9CC",
        "rating": "4.6",
        "totalReviews": "6589",
        "subtitle": "Nip+Fab",
        "isPrimeEligible": "1"
    },
    {
        "ASIN": "B08FCZ2SX6",
        "title": "Vitamins and Sea Beauty, Hydrating Exfoliating Face Cleansing Wash Scrub, Skin Deep Pore Cleanser Minimizer with Sea Salt and Coconut Skincare, 5.1 Fl Oz",
        "price": "$9.97 ($1.95 / Fl Oz)",
        "listPrice": "",
        "imageUrl": "https://m.media-amazon.com/images/I/31TSS99nSFL._SL160_.jpg",
        "detailPageURL": "https://www.amazon.com/dp/B08FCZ2SX6",
        "rating": "4.7",
        "totalReviews": "262",
        "subtitle": "VITAMINS AND SEA BEAUTY",
        "isPrimeEligible": "1"
    },
    {
        "ASIN": "B00S6RS6TG",
        "title": "VASANTI Brighten Up! Enzymatic Face Rejuvenator (20g) - Gentle Scrub Brightens Exfoliates Cleanses Skin Paraben-Free Vegan Friendly Skincare",
        "price": "$8.00 ($11.27 / Ounce)",
        "listPrice": "",
        "imageUrl": "https://m.media-amazon.com/images/I/31sYpmrImIL._SL160_.jpg",
        "detailPageURL": "https://www.amazon.com/dp/B00S6RS6TG",
        "rating": "4.5",
        "totalReviews": "612",
        "subtitle": "Vasanti Cosmetics",
        "isPrimeEligible": "1"
    },
    {
        "ASIN": "B0BFR27DCL",
        "title": "Silicone Face Scrubber for Men, Gentle Exfoliator Pad & Massager, Facial Cleansing/Wash Brush - Removes Dead & Dry Skin\uff08Black\uff09",
        "price": "$6.99",
        "listPrice": "",
        "imageUrl": "https://m.media-amazon.com/images/I/41ps-34u8aL._SL160_.jpg",
        "detailPageURL": "https://www.amazon.com/dp/B0BFR27DCL",
        "rating": "4.4",
        "totalReviews": "341",
        "subtitle": "VWMYQ",
        "isPrimeEligible": "1"
    },
    {
        "ASIN": "B077FZ112C",
        "title": "Cetaphil Exfoliating Face Wash, Extra Gentle Daily Face Scrub, Gently Exfoliates & Cleanses, For All Skin Types, Non-Irritating & Hypoallergenic, Suitable For Sensitive Skin, 6 Fl Oz, Pack of 2",
        "price": "$17.94 ($1.50 / Fl Oz)",
        "listPrice": "",
        "imageUrl": "https://m.media-amazon.com/images/I/41Z+IseWEML._SL160_.jpg",
        "detailPageURL": "https://www.amazon.com/dp/B077FZ112C",
        "rating": "4.5",
        "totalReviews": "7663",
        "subtitle": "Cetaphil",
        "isPrimeEligible": "1"
    },
    {
        "ASIN": "B006RFZ5ZM",
        "title": "Bior\u00e9 Pore Unclogging Scrub, Removes Excess Dirt and Oils, Face Scrub, with Salicylic Acid, Oil Free, 5 Ounces (HSA/FSA Approved)",
        "price": "$6.29 ($1.26 / Ounce)",
        "listPrice": "$8.49 ($1.70 / Ounce)",
        "imageUrl": "https://m.media-amazon.com/images/I/31xhjKENj8L._SL160_.jpg",
        "detailPageURL": "https://www.amazon.com/dp/B006RFZ5ZM",
        "rating": "4.6",
        "totalReviews": "5433",
        "subtitle": "Bior\u00e9",
        "isPrimeEligible": "1"
    },
    {
        "ASIN": "B0B58QXD1Z",
        "title": "POP MODERN.C Turmeric Vitamin C Clay Mask Deep Cleansing Face Mask Skin Care Improve Blackheads Acne Dark Spots and Even out skin tone Facial Mask Control Oil and Refining Pores",
        "price": "$9.99 ($2.36 / Ounce)",
        "listPrice": "",
        "imageUrl": "https://m.media-amazon.com/images/I/51KWzD3-yoL._SL160_.jpg",
        "detailPageURL": "https://www.amazon.com/dp/B0B58QXD1Z",
        "rating": "4.3",
        "totalReviews": "421",
        "subtitle": "POP MODERN.C",
        "isPrimeEligible": "1"
    },
    {
        "ASIN": "B08DBNH57P",
        "title": "Symphony 7 in a Major 92",
        "price": "$16.95",
        "listPrice": "",
        "imageUrl": "https://m.media-amazon.com/images/I/31CR17FpgAL._SL160_.jpg",
        "detailPageURL": "https://www.amazon.com/dp/B08DBNH57P",
        "rating": "4.6",
        "totalReviews": "112",
        "subtitle": "Beethoven / Currentzis (Audio CD - Apr 9, 2021)",
        "isPrimeEligible": "0"
    },
    {
        "ASIN": "B0BTX3JT84",
        "title": "Amazon Basics Deep Cleansing Exfoliating Scrub, 5 Ounces, 1-Pack",
        "price": "$5.21 ($1.04 / Ounce)",
        "listPrice": "",
        "imageUrl": "https://m.media-amazon.com/images/I/31jtwczj-4L._SL160_.jpg",
        "detailPageURL": "https://www.amazon.com/dp/B0BTX3JT84",
        "rating": "4.3",
        "totalReviews": "13",
        "subtitle": "Amazon Basics",
        "isPrimeEligible": "1"
    },
    {
        "ASIN": "B00DDOW9CC",
        "title": "Nip + Fab Glycolic Acid Fix Face Scrub with Salicylic Acid, AHA/BHA Exfoliating Facial Cleanser Polish for Refining Pores Skin Brightening, 75 ml 2.5 fl oz",
        "price": "$9.71 ($3.88 / Fl Oz)",
        "listPrice": "$14.95 ($5.98 / Fl Oz)",
        "imageUrl": "https://m.media-amazon.com/images/I/31mH6dhEMJL._SL160_.jpg",
        "detailPageURL": "https://www.amazon.com/dp/B00DDOW9CC",
        "rating": "4.6",
        "totalReviews": "6589",
        "subtitle": "Nip+Fab",
        "isPrimeEligible": "1"
    },
    {
        "ASIN": "B08FCZ2SX6",
        "title": "Vitamins and Sea Beauty, Hydrating Exfoliating Face Cleansing Wash Scrub, Skin Deep Pore Cleanser Minimizer with Sea Salt and Coconut Skincare, 5.1 Fl Oz",
        "price": "$9.97 ($1.95 / Fl Oz)",
        "listPrice": "",
        "imageUrl": "https://m.media-amazon.com/images/I/31TSS99nSFL._SL160_.jpg",
        "detailPageURL": "https://www.amazon.com/dp/B08FCZ2SX6",
        "rating": "4.7",
        "totalReviews": "262",
        "subtitle": "VITAMINS AND SEA BEAUTY",
        "isPrimeEligible": "1"
    },
    {
        "ASIN": "B00S6RS6TG",
        "title": "VASANTI Brighten Up! Enzymatic Face Rejuvenator (20g) - Gentle Scrub Brightens Exfoliates Cleanses Skin Paraben-Free Vegan Friendly Skincare",
        "price": "$8.00 ($11.27 / Ounce)",
        "listPrice": "",
        "imageUrl": "https://m.media-amazon.com/images/I/31sYpmrImIL._SL160_.jpg",
        "detailPageURL": "https://www.amazon.com/dp/B00S6RS6TG",
        "rating": "4.5",
        "totalReviews": "612",
        "subtitle": "Vasanti Cosmetics",
        "isPrimeEligible": "1"
    },
    {
        "ASIN": "B0BFR27DCL",
        "title": "Silicone Face Scrubber for Men, Gentle Exfoliator Pad & Massager, Facial Cleansing/Wash Brush - Removes Dead & Dry Skin\uff08Black\uff09",
        "price": "$6.99",
        "listPrice": "",
        "imageUrl": "https://m.media-amazon.com/images/I/41ps-34u8aL._SL160_.jpg",
        "detailPageURL": "https://www.amazon.com/dp/B0BFR27DCL",
        "rating": "4.4",
        "totalReviews": "341",
        "subtitle": "VWMYQ",
        "isPrimeEligible": "1"
    },
    {
        "ASIN": "B077FZ112C",
        "title": "Cetaphil Exfoliating Face Wash, Extra Gentle Daily Face Scrub, Gently Exfoliates & Cleanses, For All Skin Types, Non-Irritating & Hypoallergenic, Suitable For Sensitive Skin, 6 Fl Oz, Pack of 2",
        "price": "$17.94 ($1.50 / Fl Oz)",
        "listPrice": "",
        "imageUrl": "https://m.media-amazon.com/images/I/41Z+IseWEML._SL160_.jpg",
        "detailPageURL": "https://www.amazon.com/dp/B077FZ112C",
        "rating": "4.5",
        "totalReviews": "7663",
        "subtitle": "Cetaphil",
        "isPrimeEligible": "1"
    },
    {
        "ASIN": "B006RFZ5ZM",
        "title": "Bior\u00e9 Pore Unclogging Scrub, Removes Excess Dirt and Oils, Face Scrub, with Salicylic Acid, Oil Free, 5 Ounces (HSA/FSA Approved)",
        "price": "$6.29 ($1.26 / Ounce)",
        "listPrice": "$8.49 ($1.70 / Ounce)",
        "imageUrl": "https://m.media-amazon.com/images/I/31xhjKENj8L._SL160_.jpg",
        "detailPageURL": "https://www.amazon.com/dp/B006RFZ5ZM",
        "rating": "4.6",
        "totalReviews": "5433",
        "subtitle": "Bior\u00e9",
        "isPrimeEligible": "1"
    },
    {
        "ASIN": "B0B58QXD1Z",
        "title": "POP MODERN.C Turmeric Vitamin C Clay Mask Deep Cleansing Face Mask Skin Care Improve Blackheads Acne Dark Spots and Even out skin tone Facial Mask Control Oil and Refining Pores",
        "price": "$9.99 ($2.36 / Ounce)",
        "listPrice": "",
        "imageUrl": "https://m.media-amazon.com/images/I/51KWzD3-yoL._SL160_.jpg",
        "detailPageURL": "https://www.amazon.com/dp/B0B58QXD1Z",
        "rating": "4.3",
        "totalReviews": "421",
        "subtitle": "POP MODERN.C",
        "isPrimeEligible": "1"
    },
    {
        "ASIN": "B001JJH8HY",
        "title": "The Two Faces of Squidward/Spongehenge",
        "price": "$1.99",
        "listPrice": "",
        "imageUrl": "https://m.media-amazon.com/images/I/51YzQi6V6VL._SL160_.jpg",
        "detailPageURL": "https://www.amazon.com/dp/B001JJH8HY",
        "rating": "4.7",
        "totalReviews": "364",
        "subtitle": "",
        "isPrimeEligible": "0"
    },
    {
        "ASIN": "B0BTX3JT84",
        "title": "Amazon Basics Deep Cleansing Exfoliating Scrub, 5 Ounces, 1-Pack",
        "price": "$5.21 ($1.04 / Ounce)",
        "listPrice": "",
        "imageUrl": "https://m.media-amazon.com/images/I/31jtwczj-4L._SL160_.jpg",
        "detailPageURL": "https://www.amazon.com/dp/B0BTX3JT84",
        "rating": "4.3",
        "totalReviews": "13",
        "subtitle": "Amazon Basics",
        "isPrimeEligible": "1"
    },
    {
        "ASIN": "B00DDOW9CC",
        "title": "Nip + Fab Glycolic Acid Fix Face Scrub with Salicylic Acid, AHA/BHA Exfoliating Facial Cleanser Polish for Refining Pores Skin Brightening, 75 ml 2.5 fl oz",
        "price": "$9.71 ($3.88 / Fl Oz)",
        "listPrice": "$14.95 ($5.98 / Fl Oz)",
        "imageUrl": "https://m.media-amazon.com/images/I/31mH6dhEMJL._SL160_.jpg",
        "detailPageURL": "https://www.amazon.com/dp/B00DDOW9CC",
        "rating": "4.6",
        "totalReviews": "6589",
        "subtitle": "Nip+Fab",
        "isPrimeEligible": "1"
    },
    {
        "ASIN": "B08FCZ2SX6",
        "title": "Vitamins and Sea Beauty, Hydrating Exfoliating Face Cleansing Wash Scrub, Skin Deep Pore Cleanser Minimizer with Sea Salt and Coconut Skincare, 5.1 Fl Oz",
        "price": "$9.97 ($1.95 / Fl Oz)",
        "listPrice": "",
        "imageUrl": "https://m.media-amazon.com/images/I/31TSS99nSFL._SL160_.jpg",
        "detailPageURL": "https://www.amazon.com/dp/B08FCZ2SX6",
        "rating": "4.7",
        "totalReviews": "262",
        "subtitle": "VITAMINS AND SEA BEAUTY",
        "isPrimeEligible": "1"
    },
    {
        "ASIN": "B00S6RS6TG",
        "title": "VASANTI Brighten Up! Enzymatic Face Rejuvenator (20g) - Gentle Scrub Brightens Exfoliates Cleanses Skin Paraben-Free Vegan Friendly Skincare",
        "price": "$8.00 ($11.27 / Ounce)",
        "listPrice": "",
        "imageUrl": "https://m.media-amazon.com/images/I/31sYpmrImIL._SL160_.jpg",
        "detailPageURL": "https://www.amazon.com/dp/B00S6RS6TG",
        "rating": "4.5",
        "totalReviews": "612",
        "subtitle": "Vasanti Cosmetics",
        "isPrimeEligible": "1"
    },
    {
        "ASIN": "B0BFR27DCL",
        "title": "Silicone Face Scrubber for Men, Gentle Exfoliator Pad & Massager, Facial Cleansing/Wash Brush - Removes Dead & Dry Skin\uff08Black\uff09",
        "price": "$6.99",
        "listPrice": "",
        "imageUrl": "https://m.media-amazon.com/images/I/41ps-34u8aL._SL160_.jpg",
        "detailPageURL": "https://www.amazon.com/dp/B0BFR27DCL",
        "rating": "4.4",
        "totalReviews": "341",
        "subtitle": "VWMYQ",
        "isPrimeEligible": "1"
    },
    {
        "ASIN": "B077FZ112C",
        "title": "Cetaphil Exfoliating Face Wash, Extra Gentle Daily Face Scrub, Gently Exfoliates & Cleanses, For All Skin Types, Non-Irritating & Hypoallergenic, Suitable For Sensitive Skin, 6 Fl Oz, Pack of 2",
        "price": "$17.94 ($1.50 / Fl Oz)",
        "listPrice": "",
        "imageUrl": "https://m.media-amazon.com/images/I/41Z+IseWEML._SL160_.jpg",
        "detailPageURL": "https://www.amazon.com/dp/B077FZ112C",
        "rating": "4.5",
        "totalReviews": "7663",
        "subtitle": "Cetaphil",
        "isPrimeEligible": "1"
    },
    {
        "ASIN": "B006RFZ5ZM",
        "title": "Bior\u00e9 Pore Unclogging Scrub, Removes Excess Dirt and Oils, Face Scrub, with Salicylic Acid, Oil Free, 5 Ounces (HSA/FSA Approved)",
        "price": "$6.29 ($1.26 / Ounce)",
        "listPrice": "$8.49 ($1.70 / Ounce)",
        "imageUrl": "https://m.media-amazon.com/images/I/31xhjKENj8L._SL160_.jpg",
        "detailPageURL": "https://www.amazon.com/dp/B006RFZ5ZM",
        "rating": "4.6",
        "totalReviews": "5433",
        "subtitle": "Bior\u00e9",
        "isPrimeEligible": "1"
    },
    {
        "ASIN": "B0B58QXD1Z",
        "title": "POP MODERN.C Turmeric Vitamin C Clay Mask Deep Cleansing Face Mask Skin Care Improve Blackheads Acne Dark Spots and Even out skin tone Facial Mask Control Oil and Refining Pores",
        "price": "$9.99 ($2.36 / Ounce)",
        "listPrice": "",
        "imageUrl": "https://m.media-amazon.com/images/I/51KWzD3-yoL._SL160_.jpg",
        "detailPageURL": "https://www.amazon.com/dp/B0B58QXD1Z",
        "rating": "4.3",
        "totalReviews": "421",
        "subtitle": "POP MODERN.C",
        "isPrimeEligible": "1"
    },
    {
        "ASIN": "B001JJH8HY",
        "title": "The Two Faces of Squidward/Spongehenge",
        "price": "$1.99",
        "listPrice": "",
        "imageUrl": "https://m.media-amazon.com/images/I/51YzQi6V6VL._SL160_.jpg",
        "detailPageURL": "https://www.amazon.com/dp/B001JJH8HY",
        "rating": "4.7",
        "totalReviews": "364",
        "subtitle": "",
        "isPrimeEligible": "0"
    },
    {
        "ASIN": "B01M68DG5Q",
        "title": "Olay Regenerist Detoxifying Pore Scrub Cleanser, 5.0 Fluid Ounce",
        "price": "$7.48 ($1.50 / Fl Oz)",
        "listPrice": "",
        "imageUrl": "https://m.media-amazon.com/images/I/41HvDsHVJcL._SL160_.jpg",
        "detailPageURL": "https://www.amazon.com/dp/B01M68DG5Q",
        "rating": "4.7",
        "totalReviews": "471",
        "subtitle": "Olay",
        "isPrimeEligible": "1"
    },
    {
        "ASIN": "B00DDOW9CC",
        "title": "Nip + Fab Glycolic Acid Fix Face Scrub with Salicylic Acid, AHA/BHA Exfoliating Facial Cleanser Polish for Refining Pores Skin Brightening, 75 ml 2.5 fl oz",
        "price": "$9.71 ($3.88 / Fl Oz)",
        "listPrice": "$14.95 ($5.98 / Fl Oz)",
        "imageUrl": "https://m.media-amazon.com/images/I/31mH6dhEMJL._SL160_.jpg",
        "detailPageURL": "https://www.amazon.com/dp/B00DDOW9CC",
        "rating": "4.6",
        "totalReviews": "6589",
        "subtitle": "Nip+Fab",
        "isPrimeEligible": "1"
    },
    {
        "ASIN": "B08FCZ2SX6",
        "title": "Vitamins and Sea Beauty, Hydrating Exfoliating Face Cleansing Wash Scrub, Skin Deep Pore Cleanser Minimizer with Sea Salt and Coconut Skincare, 5.1 Fl Oz",
        "price": "$9.97 ($1.95 / Fl Oz)",
        "listPrice": "",
        "imageUrl": "https://m.media-amazon.com/images/I/31TSS99nSFL._SL160_.jpg",
        "detailPageURL": "https://www.amazon.com/dp/B08FCZ2SX6",
        "rating": "4.7",
        "totalReviews": "262",
        "subtitle": "VITAMINS AND SEA BEAUTY",
        "isPrimeEligible": "1"
    },
    {
        "ASIN": "B00S6RS6TG",
        "title": "VASANTI Brighten Up! Enzymatic Face Rejuvenator (20g) - Gentle Scrub Brightens Exfoliates Cleanses Skin Paraben-Free Vegan Friendly Skincare",
        "price": "$8.00 ($11.27 / Ounce)",
        "listPrice": "",
        "imageUrl": "https://m.media-amazon.com/images/I/31sYpmrImIL._SL160_.jpg",
        "detailPageURL": "https://www.amazon.com/dp/B00S6RS6TG",
        "rating": "4.5",
        "totalReviews": "612",
        "subtitle": "Vasanti Cosmetics",
        "isPrimeEligible": "1"
    },
    {
        "ASIN": "B0BFR27DCL",
        "title": "Silicone Face Scrubber for Men, Gentle Exfoliator Pad & Massager, Facial Cleansing/Wash Brush - Removes Dead & Dry Skin\uff08Black\uff09",
        "price": "$6.99",
        "listPrice": "",
        "imageUrl": "https://m.media-amazon.com/images/I/41ps-34u8aL._SL160_.jpg",
        "detailPageURL": "https://www.amazon.com/dp/B0BFR27DCL",
        "rating": "4.4",
        "totalReviews": "341",
        "subtitle": "VWMYQ",
        "isPrimeEligible": "1"
    },
    {
        "ASIN": "B077FZ112C",
        "title": "Cetaphil Exfoliating Face Wash, Extra Gentle Daily Face Scrub, Gently Exfoliates & Cleanses, For All Skin Types, Non-Irritating & Hypoallergenic, Suitable For Sensitive Skin, 6 Fl Oz, Pack of 2",
        "price": "$17.94 ($1.50 / Fl Oz)",
        "listPrice": "",
        "imageUrl": "https://m.media-amazon.com/images/I/41Z+IseWEML._SL160_.jpg",
        "detailPageURL": "https://www.amazon.com/dp/B077FZ112C",
        "rating": "4.5",
        "totalReviews": "7663",
        "subtitle": "Cetaphil",
        "isPrimeEligible": "1"
    },
    {
        "ASIN": "B006RFZ5ZM",
        "title": "Bior\u00e9 Pore Unclogging Scrub, Removes Excess Dirt and Oils, Face Scrub, with Salicylic Acid, Oil Free, 5 Ounces (HSA/FSA Approved)",
        "price": "$6.29 ($1.26 / Ounce)",
        "listPrice": "$8.49 ($1.70 / Ounce)",
        "imageUrl": "https://m.media-amazon.com/images/I/31xhjKENj8L._SL160_.jpg",
        "detailPageURL": "https://www.amazon.com/dp/B006RFZ5ZM",
        "rating": "4.6",
        "totalReviews": "5433",
        "subtitle": "Bior\u00e9",
        "isPrimeEligible": "1"
    },
    {
        "ASIN": "B0B58QXD1Z",
        "title": "POP MODERN.C Turmeric Vitamin C Clay Mask Deep Cleansing Face Mask Skin Care Improve Blackheads Acne Dark Spots and Even out skin tone Facial Mask Control Oil and Refining Pores",
        "price": "$9.99 ($2.36 / Ounce)",
        "listPrice": "",
        "imageUrl": "https://m.media-amazon.com/images/I/51KWzD3-yoL._SL160_.jpg",
        "detailPageURL": "https://www.amazon.com/dp/B0B58QXD1Z",
        "rating": "4.3",
        "totalReviews": "421",
        "subtitle": "POP MODERN.C",
        "isPrimeEligible": "1"
    },
    {
        "ASIN": "B001JJH8HY",
        "title": "The Two Faces of Squidward/Spongehenge",
        "price": "$1.99",
        "listPrice": "",
        "imageUrl": "https://m.media-amazon.com/images/I/51YzQi6V6VL._SL160_.jpg",
        "detailPageURL": "https://www.amazon.com/dp/B001JJH8HY",
        "rating": "4.7",
        "totalReviews": "364",
        "subtitle": "",
        "isPrimeEligible": "0"
    },
    {
        "ASIN": "B01M68DG5Q",
        "title": "Olay Regenerist Detoxifying Pore Scrub Cleanser, 5.0 Fluid Ounce",
        "price": "$7.48 ($1.50 / Fl Oz)",
        "listPrice": "",
        "imageUrl": "https://m.media-amazon.com/images/I/41HvDsHVJcL._SL160_.jpg",
        "detailPageURL": "https://www.amazon.com/dp/B01M68DG5Q",
        "rating": "4.7",
        "totalReviews": "471",
        "subtitle": "Olay",
        "isPrimeEligible": "1"
    },
    {
        "ASIN": "B08X3FTTPG",
        "title": "INKERLEE Silicone Face Scrubber Exfoliator Brush, Manual Facial Cleansing Exfoliating Brush, Gentle Face Scrub Wash Brush for Women and Men",
        "price": "$8.99 ($8.99 / Count)",
        "listPrice": "$14.99 ($14.99 / Count)",
        "imageUrl": "https://m.media-amazon.com/images/I/41bDgZQWW2L._SL160_.jpg",
        "detailPageURL": "https://www.amazon.com/dp/B08X3FTTPG",
        "rating": "4.5",
        "totalReviews": "1240",
        "subtitle": "INKERLEE",
        "isPrimeEligible": "1"
    },
    {
        "ASIN": "B08FCZ2SX6",
        "title": "Vitamins and Sea Beauty, Hydrating Exfoliating Face Cleansing Wash Scrub, Skin Deep Pore Cleanser Minimizer with Sea Salt and Coconut Skincare, 5.1 Fl Oz",
        "price": "$9.97 ($1.95 / Fl Oz)",
        "listPrice": "",
        "imageUrl": "https://m.media-amazon.com/images/I/31TSS99nSFL._SL160_.jpg",
        "detailPageURL": "https://www.amazon.com/dp/B08FCZ2SX6",
        "rating": "4.7",
        "totalReviews": "262",
        "subtitle": "VITAMINS AND SEA BEAUTY",
        "isPrimeEligible": "1"
    },
    {
        "ASIN": "B00S6RS6TG",
        "title": "VASANTI Brighten Up! Enzymatic Face Rejuvenator (20g) - Gentle Scrub Brightens Exfoliates Cleanses Skin Paraben-Free Vegan Friendly Skincare",
        "price": "$8.00 ($11.27 / Ounce)",
        "listPrice": "",
        "imageUrl": "https://m.media-amazon.com/images/I/31sYpmrImIL._SL160_.jpg",
        "detailPageURL": "https://www.amazon.com/dp/B00S6RS6TG",
        "rating": "4.5",
        "totalReviews": "612",
        "subtitle": "Vasanti Cosmetics",
        "isPrimeEligible": "1"
    },
    {
        "ASIN": "B0BFR27DCL",
        "title": "Silicone Face Scrubber for Men, Gentle Exfoliator Pad & Massager, Facial Cleansing/Wash Brush - Removes Dead & Dry Skin\uff08Black\uff09",
        "price": "$6.99",
        "listPrice": "",
        "imageUrl": "https://m.media-amazon.com/images/I/41ps-34u8aL._SL160_.jpg",
        "detailPageURL": "https://www.amazon.com/dp/B0BFR27DCL",
        "rating": "4.4",
        "totalReviews": "341",
        "subtitle": "VWMYQ",
        "isPrimeEligible": "1"
    },
    {
        "ASIN": "B077FZ112C",
        "title": "Cetaphil Exfoliating Face Wash, Extra Gentle Daily Face Scrub, Gently Exfoliates & Cleanses, For All Skin Types, Non-Irritating & Hypoallergenic, Suitable For Sensitive Skin, 6 Fl Oz, Pack of 2",
        "price": "$17.94 ($1.50 / Fl Oz)",
        "listPrice": "",
        "imageUrl": "https://m.media-amazon.com/images/I/41Z+IseWEML._SL160_.jpg",
        "detailPageURL": "https://www.amazon.com/dp/B077FZ112C",
        "rating": "4.5",
        "totalReviews": "7663",
        "subtitle": "Cetaphil",
        "isPrimeEligible": "1"
    },
    {
        "ASIN": "B006RFZ5ZM",
        "title": "Bior\u00e9 Pore Unclogging Scrub, Removes Excess Dirt and Oils, Face Scrub, with Salicylic Acid, Oil Free, 5 Ounces (HSA/FSA Approved)",
        "price": "$6.29 ($1.26 / Ounce)",
        "listPrice": "$8.49 ($1.70 / Ounce)",
        "imageUrl": "https://m.media-amazon.com/images/I/31xhjKENj8L._SL160_.jpg",
        "detailPageURL": "https://www.amazon.com/dp/B006RFZ5ZM",
        "rating": "4.6",
        "totalReviews": "5433",
        "subtitle": "Bior\u00e9",
        "isPrimeEligible": "1"
    },
    {
        "ASIN": "B0B58QXD1Z",
        "title": "POP MODERN.C Turmeric Vitamin C Clay Mask Deep Cleansing Face Mask Skin Care Improve Blackheads Acne Dark Spots and Even out skin tone Facial Mask Control Oil and Refining Pores",
        "price": "$9.99 ($2.36 / Ounce)",
        "listPrice": "",
        "imageUrl": "https://m.media-amazon.com/images/I/51KWzD3-yoL._SL160_.jpg",
        "detailPageURL": "https://www.amazon.com/dp/B0B58QXD1Z",
        "rating": "4.3",
        "totalReviews": "421",
        "subtitle": "POP MODERN.C",
        "isPrimeEligible": "1"
    },
    {
        "ASIN": "B001JJH8HY",
        "title": "The Two Faces of Squidward/Spongehenge",
        "price": "$1.99",
        "listPrice": "",
        "imageUrl": "https://m.media-amazon.com/images/I/51YzQi6V6VL._SL160_.jpg",
        "detailPageURL": "https://www.amazon.com/dp/B001JJH8HY",
        "rating": "4.7",
        "totalReviews": "364",
        "subtitle": "",
        "isPrimeEligible": "0"
    },
    {
        "ASIN": "B01M68DG5Q",
        "title": "Olay Regenerist Detoxifying Pore Scrub Cleanser, 5.0 Fluid Ounce",
        "price": "$7.48 ($1.50 / Fl Oz)",
        "listPrice": "",
        "imageUrl": "https://m.media-amazon.com/images/I/41HvDsHVJcL._SL160_.jpg",
        "detailPageURL": "https://www.amazon.com/dp/B01M68DG5Q",
        "rating": "4.7",
        "totalReviews": "471",
        "subtitle": "Olay",
        "isPrimeEligible": "1"
    },
    {
        "ASIN": "B08X3FTTPG",
        "title": "INKERLEE Silicone Face Scrubber Exfoliator Brush, Manual Facial Cleansing Exfoliating Brush, Gentle Face Scrub Wash Brush for Women and Men",
        "price": "$8.99 ($8.99 / Count)",
        "listPrice": "$14.99 ($14.99 / Count)",
        "imageUrl": "https://m.media-amazon.com/images/I/41bDgZQWW2L._SL160_.jpg",
        "detailPageURL": "https://www.amazon.com/dp/B08X3FTTPG",
        "rating": "4.5",
        "totalReviews": "1240",
        "subtitle": "INKERLEE",
        "isPrimeEligible": "1"
    },
    {
        "ASIN": "B0CG6L4CPP",
        "title": "Button Clothing Women Sleeves Shirt Long Loose Ladies Chiffon Zipper Plus Size Tops Womens Tee (A2-White, S)",
        "price": "$4.19",
        "listPrice": "",
        "imageUrl": "https://m.media-amazon.com/images/I/41HualHyBSL._SL160_.jpg",
        "detailPageURL": "https://www.amazon.com/dp/B0CG6L4CPP",
        "rating": "",
        "totalReviews": "",
        "subtitle": "BODOAO",
        "isPrimeEligible": "0"
    },
    {
        "ASIN": "B00S6RS6TG",
        "title": "VASANTI Brighten Up! Enzymatic Face Rejuvenator (20g) - Gentle Scrub Brightens Exfoliates Cleanses Skin Paraben-Free Vegan Friendly Skincare",
        "price": "$8.00 ($11.27 / Ounce)",
        "listPrice": "",
        "imageUrl": "https://m.media-amazon.com/images/I/31sYpmrImIL._SL160_.jpg",
        "detailPageURL": "https://www.amazon.com/dp/B00S6RS6TG",
        "rating": "4.5",
        "totalReviews": "612",
        "subtitle": "Vasanti Cosmetics",
        "isPrimeEligible": "1"
    },
    {
        "ASIN": "B0BFR27DCL",
        "title": "Silicone Face Scrubber for Men, Gentle Exfoliator Pad & Massager, Facial Cleansing/Wash Brush - Removes Dead & Dry Skin\uff08Black\uff09",
        "price": "$6.99",
        "listPrice": "",
        "imageUrl": "https://m.media-amazon.com/images/I/41ps-34u8aL._SL160_.jpg",
        "detailPageURL": "https://www.amazon.com/dp/B0BFR27DCL",
        "rating": "4.4",
        "totalReviews": "341",
        "subtitle": "VWMYQ",
        "isPrimeEligible": "1"
    },
    {
        "ASIN": "B077FZ112C",
        "title": "Cetaphil Exfoliating Face Wash, Extra Gentle Daily Face Scrub, Gently Exfoliates & Cleanses, For All Skin Types, Non-Irritating & Hypoallergenic, Suitable For Sensitive Skin, 6 Fl Oz, Pack of 2",
        "price": "$17.94 ($1.50 / Fl Oz)",
        "listPrice": "",
        "imageUrl": "https://m.media-amazon.com/images/I/41Z+IseWEML._SL160_.jpg",
        "detailPageURL": "https://www.amazon.com/dp/B077FZ112C",
        "rating": "4.5",
        "totalReviews": "7663",
        "subtitle": "Cetaphil",
        "isPrimeEligible": "1"
    },
    {
        "ASIN": "B006RFZ5ZM",
        "title": "Bior\u00e9 Pore Unclogging Scrub, Removes Excess Dirt and Oils, Face Scrub, with Salicylic Acid, Oil Free, 5 Ounces (HSA/FSA Approved)",
        "price": "$6.29 ($1.26 / Ounce)",
        "listPrice": "$8.49 ($1.70 / Ounce)",
        "imageUrl": "https://m.media-amazon.com/images/I/31xhjKENj8L._SL160_.jpg",
        "detailPageURL": "https://www.amazon.com/dp/B006RFZ5ZM",
        "rating": "4.6",
        "totalReviews": "5433",
        "subtitle": "Bior\u00e9",
        "isPrimeEligible": "1"
    },
    {
        "ASIN": "B0B58QXD1Z",
        "title": "POP MODERN.C Turmeric Vitamin C Clay Mask Deep Cleansing Face Mask Skin Care Improve Blackheads Acne Dark Spots and Even out skin tone Facial Mask Control Oil and Refining Pores",
        "price": "$9.99 ($2.36 / Ounce)",
        "listPrice": "",
        "imageUrl": "https://m.media-amazon.com/images/I/51KWzD3-yoL._SL160_.jpg",
        "detailPageURL": "https://www.amazon.com/dp/B0B58QXD1Z",
        "rating": "4.3",
        "totalReviews": "421",
        "subtitle": "POP MODERN.C",
        "isPrimeEligible": "1"
    },
    {
        "ASIN": "B001JJH8HY",
        "title": "The Two Faces of Squidward/Spongehenge",
        "price": "$1.99",
        "listPrice": "",
        "imageUrl": "https://m.media-amazon.com/images/I/51YzQi6V6VL._SL160_.jpg",
        "detailPageURL": "https://www.amazon.com/dp/B001JJH8HY",
        "rating": "4.7",
        "totalReviews": "364",
        "subtitle": "",
        "isPrimeEligible": "0"
    },
    {
        "ASIN": "B01M68DG5Q",
        "title": "Olay Regenerist Detoxifying Pore Scrub Cleanser, 5.0 Fluid Ounce",
        "price": "$7.48 ($1.50 / Fl Oz)",
        "listPrice": "",
        "imageUrl": "https://m.media-amazon.com/images/I/41HvDsHVJcL._SL160_.jpg",
        "detailPageURL": "https://www.amazon.com/dp/B01M68DG5Q",
        "rating": "4.7",
        "totalReviews": "471",
        "subtitle": "Olay",
        "isPrimeEligible": "1"
    },
    {
        "ASIN": "B08X3FTTPG",
        "title": "INKERLEE Silicone Face Scrubber Exfoliator Brush, Manual Facial Cleansing Exfoliating Brush, Gentle Face Scrub Wash Brush for Women and Men",
        "price": "$8.99 ($8.99 / Count)",
        "listPrice": "$14.99 ($14.99 / Count)",
        "imageUrl": "https://m.media-amazon.com/images/I/41bDgZQWW2L._SL160_.jpg",
        "detailPageURL": "https://www.amazon.com/dp/B08X3FTTPG",
        "rating": "4.5",
        "totalReviews": "1240",
        "subtitle": "INKERLEE",
        "isPrimeEligible": "1"
    },
    {
        "ASIN": "B0CG6L4CPP",
        "title": "Button Clothing Women Sleeves Shirt Long Loose Ladies Chiffon Zipper Plus Size Tops Womens Tee (A2-White, S)",
        "price": "$4.19",
        "listPrice": "",
        "imageUrl": "https://m.media-amazon.com/images/I/41HualHyBSL._SL160_.jpg",
        "detailPageURL": "https://www.amazon.com/dp/B0CG6L4CPP",
        "rating": "",
        "totalReviews": "",
        "subtitle": "BODOAO",
        "isPrimeEligible": "0"
    },
    {
        "ASIN": "B09QHB36LF",
        "title": "Body Scrubs: The Ultimate DIY Guide on How to Make Your Own Natural Body Scrubs, Including Simple and Organic Recipes (Organic Body Care)",
        "price": "$2.99",
        "listPrice": "",
        "imageUrl": "https://m.media-amazon.com/images/I/51XDB9RBdEL._SL160_.jpg",
        "detailPageURL": "https://www.amazon.com/dp/B09QHB36LF",
        "rating": "4.4",
        "totalReviews": "26",
        "subtitle": "",
        "isPrimeEligible": "0"
    },
    {
        "ASIN": "B0BFR27DCL",
        "title": "Silicone Face Scrubber for Men, Gentle Exfoliator Pad & Massager, Facial Cleansing/Wash Brush - Removes Dead & Dry Skin\uff08Black\uff09",
        "price": "$6.99",
        "listPrice": "",
        "imageUrl": "https://m.media-amazon.com/images/I/41ps-34u8aL._SL160_.jpg",
        "detailPageURL": "https://www.amazon.com/dp/B0BFR27DCL",
        "rating": "4.4",
        "totalReviews": "341",
        "subtitle": "VWMYQ",
        "isPrimeEligible": "1"
    },
    {
        "ASIN": "B077FZ112C",
        "title": "Cetaphil Exfoliating Face Wash, Extra Gentle Daily Face Scrub, Gently Exfoliates & Cleanses, For All Skin Types, Non-Irritating & Hypoallergenic, Suitable For Sensitive Skin, 6 Fl Oz, Pack of 2",
        "price": "$17.94 ($1.50 / Fl Oz)",
        "listPrice": "",
        "imageUrl": "https://m.media-amazon.com/images/I/41Z+IseWEML._SL160_.jpg",
        "detailPageURL": "https://www.amazon.com/dp/B077FZ112C",
        "rating": "4.5",
        "totalReviews": "7663",
        "subtitle": "Cetaphil",
        "isPrimeEligible": "1"
    },
    {
        "ASIN": "B006RFZ5ZM",
        "title": "Bior\u00e9 Pore Unclogging Scrub, Removes Excess Dirt and Oils, Face Scrub, with Salicylic Acid, Oil Free, 5 Ounces (HSA/FSA Approved)",
        "price": "$6.29 ($1.26 / Ounce)",
        "listPrice": "$8.49 ($1.70 / Ounce)",
        "imageUrl": "https://m.media-amazon.com/images/I/31xhjKENj8L._SL160_.jpg",
        "detailPageURL": "https://www.amazon.com/dp/B006RFZ5ZM",
        "rating": "4.6",
        "totalReviews": "5433",
        "subtitle": "Bior\u00e9",
        "isPrimeEligible": "1"
    },
    {
        "ASIN": "B0B58QXD1Z",
        "title": "POP MODERN.C Turmeric Vitamin C Clay Mask Deep Cleansing Face Mask Skin Care Improve Blackheads Acne Dark Spots and Even out skin tone Facial Mask Control Oil and Refining Pores",
        "price": "$9.99 ($2.36 / Ounce)",
        "listPrice": "",
        "imageUrl": "https://m.media-amazon.com/images/I/51KWzD3-yoL._SL160_.jpg",
        "detailPageURL": "https://www.amazon.com/dp/B0B58QXD1Z",
        "rating": "4.3",
        "totalReviews": "421",
        "subtitle": "POP MODERN.C",
        "isPrimeEligible": "1"
    },
    {
        "ASIN": "B001JJH8HY",
        "title": "The Two Faces of Squidward/Spongehenge",
        "price": "$1.99",
        "listPrice": "",
        "imageUrl": "https://m.media-amazon.com/images/I/51YzQi6V6VL._SL160_.jpg",
        "detailPageURL": "https://www.amazon.com/dp/B001JJH8HY",
        "rating": "4.7",
        "totalReviews": "364",
        "subtitle": "",
        "isPrimeEligible": "0"
    },
    {
        "ASIN": "B01M68DG5Q",
        "title": "Olay Regenerist Detoxifying Pore Scrub Cleanser, 5.0 Fluid Ounce",
        "price": "$7.48 ($1.50 / Fl Oz)",
        "listPrice": "",
        "imageUrl": "https://m.media-amazon.com/images/I/41HvDsHVJcL._SL160_.jpg",
        "detailPageURL": "https://www.amazon.com/dp/B01M68DG5Q",
        "rating": "4.7",
        "totalReviews": "471",
        "subtitle": "Olay",
        "isPrimeEligible": "1"
    },
    {
        "ASIN": "B08X3FTTPG",
        "title": "INKERLEE Silicone Face Scrubber Exfoliator Brush, Manual Facial Cleansing Exfoliating Brush, Gentle Face Scrub Wash Brush for Women and Men",
        "price": "$8.99 ($8.99 / Count)",
        "listPrice": "$14.99 ($14.99 / Count)",
        "imageUrl": "https://m.media-amazon.com/images/I/41bDgZQWW2L._SL160_.jpg",
        "detailPageURL": "https://www.amazon.com/dp/B08X3FTTPG",
        "rating": "4.5",
        "totalReviews": "1240",
        "subtitle": "INKERLEE",
        "isPrimeEligible": "1"
    },
    {
        "ASIN": "B0CG6L4CPP",
        "title": "Button Clothing Women Sleeves Shirt Long Loose Ladies Chiffon Zipper Plus Size Tops Womens Tee (A2-White, S)",
        "price": "$4.19",
        "listPrice": "",
        "imageUrl": "https://m.media-amazon.com/images/I/41HualHyBSL._SL160_.jpg",
        "detailPageURL": "https://www.amazon.com/dp/B0CG6L4CPP",
        "rating": "",
        "totalReviews": "",
        "subtitle": "BODOAO",
        "isPrimeEligible": "0"
    },
    {
        "ASIN": "B09QHB36LF",
        "title": "Body Scrubs: The Ultimate DIY Guide on How to Make Your Own Natural Body Scrubs, Including Simple and Organic Recipes (Organic Body Care)",
        "price": "$2.99",
        "listPrice": "",
        "imageUrl": "https://m.media-amazon.com/images/I/51XDB9RBdEL._SL160_.jpg",
        "detailPageURL": "https://www.amazon.com/dp/B09QHB36LF",
        "rating": "4.4",
        "totalReviews": "26",
        "subtitle": "",
        "isPrimeEligible": "0"
    },
    {
        "ASIN": "B097G9BS19",
        "title": "Silicone Face Scrubs",
        "price": "$0.99",
        "listPrice": "",
        "imageUrl": "https://m.media-amazon.com/images/I/51x9n1grgSS._SL160_.jpg",
        "detailPageURL": "https://www.amazon.com/dp/B097G9BS19",
        "rating": "1.0",
        "totalReviews": "1",
        "subtitle": "",
        "isPrimeEligible": "0"
    },
    {
        "ASIN": "B077FZ112C",
        "title": "Cetaphil Exfoliating Face Wash, Extra Gentle Daily Face Scrub, Gently Exfoliates & Cleanses, For All Skin Types, Non-Irritating & Hypoallergenic, Suitable For Sensitive Skin, 6 Fl Oz, Pack of 2",
        "price": "$17.94 ($1.50 / Fl Oz)",
        "listPrice": "",
        "imageUrl": "https://m.media-amazon.com/images/I/41Z+IseWEML._SL160_.jpg",
        "detailPageURL": "https://www.amazon.com/dp/B077FZ112C",
        "rating": "4.5",
        "totalReviews": "7663",
        "subtitle": "Cetaphil",
        "isPrimeEligible": "1"
    },
    {
        "ASIN": "B006RFZ5ZM",
        "title": "Bior\u00e9 Pore Unclogging Scrub, Removes Excess Dirt and Oils, Face Scrub, with Salicylic Acid, Oil Free, 5 Ounces (HSA/FSA Approved)",
        "price": "$6.29 ($1.26 / Ounce)",
        "listPrice": "$8.49 ($1.70 / Ounce)",
        "imageUrl": "https://m.media-amazon.com/images/I/31xhjKENj8L._SL160_.jpg",
        "detailPageURL": "https://www.amazon.com/dp/B006RFZ5ZM",
        "rating": "4.6",
        "totalReviews": "5433",
        "subtitle": "Bior\u00e9",
        "isPrimeEligible": "1"
    },
    {
        "ASIN": "B0B58QXD1Z",
        "title": "POP MODERN.C Turmeric Vitamin C Clay Mask Deep Cleansing Face Mask Skin Care Improve Blackheads Acne Dark Spots and Even out skin tone Facial Mask Control Oil and Refining Pores",
        "price": "$9.99 ($2.36 / Ounce)",
        "listPrice": "",
        "imageUrl": "https://m.media-amazon.com/images/I/51KWzD3-yoL._SL160_.jpg",
        "detailPageURL": "https://www.amazon.com/dp/B0B58QXD1Z",
        "rating": "4.3",
        "totalReviews": "421",
        "subtitle": "POP MODERN.C",
        "isPrimeEligible": "1"
    },
    {
        "ASIN": "B001JJH8HY",
        "title": "The Two Faces of Squidward/Spongehenge",
        "price": "$1.99",
        "listPrice": "",
        "imageUrl": "https://m.media-amazon.com/images/I/51YzQi6V6VL._SL160_.jpg",
        "detailPageURL": "https://www.amazon.com/dp/B001JJH8HY",
        "rating": "4.7",
        "totalReviews": "364",
        "subtitle": "",
        "isPrimeEligible": "0"
    },
    {
        "ASIN": "B01M68DG5Q",
        "title": "Olay Regenerist Detoxifying Pore Scrub Cleanser, 5.0 Fluid Ounce",
        "price": "$7.48 ($1.50 / Fl Oz)",
        "listPrice": "",
        "imageUrl": "https://m.media-amazon.com/images/I/41HvDsHVJcL._SL160_.jpg",
        "detailPageURL": "https://www.amazon.com/dp/B01M68DG5Q",
        "rating": "4.7",
        "totalReviews": "471",
        "subtitle": "Olay",
        "isPrimeEligible": "1"
    },
    {
        "ASIN": "B08X3FTTPG",
        "title": "INKERLEE Silicone Face Scrubber Exfoliator Brush, Manual Facial Cleansing Exfoliating Brush, Gentle Face Scrub Wash Brush for Women and Men",
        "price": "$8.99 ($8.99 / Count)",
        "listPrice": "$14.99 ($14.99 / Count)",
        "imageUrl": "https://m.media-amazon.com/images/I/41bDgZQWW2L._SL160_.jpg",
        "detailPageURL": "https://www.amazon.com/dp/B08X3FTTPG",
        "rating": "4.5",
        "totalReviews": "1240",
        "subtitle": "INKERLEE",
        "isPrimeEligible": "1"
    },
    {
        "ASIN": "B0CG6L4CPP",
        "title": "Button Clothing Women Sleeves Shirt Long Loose Ladies Chiffon Zipper Plus Size Tops Womens Tee (A2-White, S)",
        "price": "$4.19",
        "listPrice": "",
        "imageUrl": "https://m.media-amazon.com/images/I/41HualHyBSL._SL160_.jpg",
        "detailPageURL": "https://www.amazon.com/dp/B0CG6L4CPP",
        "rating": "",
        "totalReviews": "",
        "subtitle": "BODOAO",
        "isPrimeEligible": "0"
    },
    {
        "ASIN": "B09QHB36LF",
        "title": "Body Scrubs: The Ultimate DIY Guide on How to Make Your Own Natural Body Scrubs, Including Simple and Organic Recipes (Organic Body Care)",
        "price": "$2.99",
        "listPrice": "",
        "imageUrl": "https://m.media-amazon.com/images/I/51XDB9RBdEL._SL160_.jpg",
        "detailPageURL": "https://www.amazon.com/dp/B09QHB36LF",
        "rating": "4.4",
        "totalReviews": "26",
        "subtitle": "",
        "isPrimeEligible": "0"
    },
    {
        "ASIN": "B097G9BS19",
        "title": "Silicone Face Scrubs",
        "price": "$0.99",
        "listPrice": "",
        "imageUrl": "https://m.media-amazon.com/images/I/51x9n1grgSS._SL160_.jpg",
        "detailPageURL": "https://www.amazon.com/dp/B097G9BS19",
        "rating": "1.0",
        "totalReviews": "1",
        "subtitle": "",
        "isPrimeEligible": "0"
    },
    {
        "ASIN": "B094V58GFC",
        "title": "Origins Checks and Balances Face Scrub Unisex Scrub 2.5 oz",
        "price": "$26.20 ($10.48 / Ounce)",
        "listPrice": "",
        "imageUrl": "https://m.media-amazon.com/images/I/31AldyUqGKL._SL160_.jpg",
        "detailPageURL": "https://www.amazon.com/dp/B094V58GFC",
        "rating": "4.5",
        "totalReviews": "42",
        "subtitle": "Origins",
        "isPrimeEligible": "1"
    },
    {
        "ASIN": "B006RFZ5ZM",
        "title": "Bior\u00e9 Pore Unclogging Scrub, Removes Excess Dirt and Oils, Face Scrub, with Salicylic Acid, Oil Free, 5 Ounces (HSA/FSA Approved)",
        "price": "$6.29 ($1.26 / Ounce)",
        "listPrice": "$8.49 ($1.70 / Ounce)",
        "imageUrl": "https://m.media-amazon.com/images/I/31xhjKENj8L._SL160_.jpg",
        "detailPageURL": "https://www.amazon.com/dp/B006RFZ5ZM",
        "rating": "4.6",
        "totalReviews": "5433",
        "subtitle": "Bior\u00e9",
        "isPrimeEligible": "1"
    },
    {
        "ASIN": "B0B58QXD1Z",
        "title": "POP MODERN.C Turmeric Vitamin C Clay Mask Deep Cleansing Face Mask Skin Care Improve Blackheads Acne Dark Spots and Even out skin tone Facial Mask Control Oil and Refining Pores",
        "price": "$9.99 ($2.36 / Ounce)",
        "listPrice": "",
        "imageUrl": "https://m.media-amazon.com/images/I/51KWzD3-yoL._SL160_.jpg",
        "detailPageURL": "https://www.amazon.com/dp/B0B58QXD1Z",
        "rating": "4.3",
        "totalReviews": "421",
        "subtitle": "POP MODERN.C",
        "isPrimeEligible": "1"
    },
    {
        "ASIN": "B001JJH8HY",
        "title": "The Two Faces of Squidward/Spongehenge",
        "price": "$1.99",
        "listPrice": "",
        "imageUrl": "https://m.media-amazon.com/images/I/51YzQi6V6VL._SL160_.jpg",
        "detailPageURL": "https://www.amazon.com/dp/B001JJH8HY",
        "rating": "4.7",
        "totalReviews": "364",
        "subtitle": "",
        "isPrimeEligible": "0"
    },
    {
        "ASIN": "B01M68DG5Q",
        "title": "Olay Regenerist Detoxifying Pore Scrub Cleanser, 5.0 Fluid Ounce",
        "price": "$7.48 ($1.50 / Fl Oz)",
        "listPrice": "",
        "imageUrl": "https://m.media-amazon.com/images/I/41HvDsHVJcL._SL160_.jpg",
        "detailPageURL": "https://www.amazon.com/dp/B01M68DG5Q",
        "rating": "4.7",
        "totalReviews": "471",
        "subtitle": "Olay",
        "isPrimeEligible": "1"
    },
    {
        "ASIN": "B08X3FTTPG",
        "title": "INKERLEE Silicone Face Scrubber Exfoliator Brush, Manual Facial Cleansing Exfoliating Brush, Gentle Face Scrub Wash Brush for Women and Men",
        "price": "$8.99 ($8.99 / Count)",
        "listPrice": "$14.99 ($14.99 / Count)",
        "imageUrl": "https://m.media-amazon.com/images/I/41bDgZQWW2L._SL160_.jpg",
        "detailPageURL": "https://www.amazon.com/dp/B08X3FTTPG",
        "rating": "4.5",
        "totalReviews": "1240",
        "subtitle": "INKERLEE",
        "isPrimeEligible": "1"
    },
    {
        "ASIN": "B0CG6L4CPP",
        "title": "Button Clothing Women Sleeves Shirt Long Loose Ladies Chiffon Zipper Plus Size Tops Womens Tee (A2-White, S)",
        "price": "$4.19",
        "listPrice": "",
        "imageUrl": "https://m.media-amazon.com/images/I/41HualHyBSL._SL160_.jpg",
        "detailPageURL": "https://www.amazon.com/dp/B0CG6L4CPP",
        "rating": "",
        "totalReviews": "",
        "subtitle": "BODOAO",
        "isPrimeEligible": "0"
    },
    {
        "ASIN": "B09QHB36LF",
        "title": "Body Scrubs: The Ultimate DIY Guide on How to Make Your Own Natural Body Scrubs, Including Simple and Organic Recipes (Organic Body Care)",
        "price": "$2.99",
        "listPrice": "",
        "imageUrl": "https://m.media-amazon.com/images/I/51XDB9RBdEL._SL160_.jpg",
        "detailPageURL": "https://www.amazon.com/dp/B09QHB36LF",
        "rating": "4.4",
        "totalReviews": "26",
        "subtitle": "",
        "isPrimeEligible": "0"
    },
    {
        "ASIN": "B097G9BS19",
        "title": "Silicone Face Scrubs",
        "price": "$0.99",
        "listPrice": "",
        "imageUrl": "https://m.media-amazon.com/images/I/51x9n1grgSS._SL160_.jpg",
        "detailPageURL": "https://www.amazon.com/dp/B097G9BS19",
        "rating": "1.0",
        "totalReviews": "1",
        "subtitle": "",
        "isPrimeEligible": "0"
    },
    {
        "ASIN": "B094V58GFC",
        "title": "Origins Checks and Balances Face Scrub Unisex Scrub 2.5 oz",
        "price": "$26.20 ($10.48 / Ounce)",
        "listPrice": "",
        "imageUrl": "https://m.media-amazon.com/images/I/31AldyUqGKL._SL160_.jpg",
        "detailPageURL": "https://www.amazon.com/dp/B094V58GFC",
        "rating": "4.5",
        "totalReviews": "42",
        "subtitle": "Origins",
        "isPrimeEligible": "1"
    },
    {
        "ASIN": "B0B7Z4B6MV",
        "title": "KOL Face Scrubber, Coconut Infused Exfoliating Facial Cleansing Pads, Reusable Exfoliator Face Sponge for Daily Face Cleaning and Makeup Removal, 6 Count",
        "price": "$7.99 ($1.33 / Count)",
        "listPrice": "",
        "imageUrl": "https://m.media-amazon.com/images/I/31zqCGnLeXL._SL160_.jpg",
        "detailPageURL": "https://www.amazon.com/dp/B0B7Z4B6MV",
        "rating": "3.8",
        "totalReviews": "2525",
        "subtitle": "KOL",
        "isPrimeEligible": "1"
    },
    {
        "ASIN": "B0B58QXD1Z",
        "title": "POP MODERN.C Turmeric Vitamin C Clay Mask Deep Cleansing Face Mask Skin Care Improve Blackheads Acne Dark Spots and Even out skin tone Facial Mask Control Oil and Refining Pores",
        "price": "$9.99 ($2.36 / Ounce)",
        "listPrice": "",
        "imageUrl": "https://m.media-amazon.com/images/I/51KWzD3-yoL._SL160_.jpg",
        "detailPageURL": "https://www.amazon.com/dp/B0B58QXD1Z",
        "rating": "4.3",
        "totalReviews": "421",
        "subtitle": "POP MODERN.C",
        "isPrimeEligible": "1"
    },
    {
        "ASIN": "B001JJH8HY",
        "title": "The Two Faces of Squidward/Spongehenge",
        "price": "$1.99",
        "listPrice": "",
        "imageUrl": "https://m.media-amazon.com/images/I/51YzQi6V6VL._SL160_.jpg",
        "detailPageURL": "https://www.amazon.com/dp/B001JJH8HY",
        "rating": "4.7",
        "totalReviews": "364",
        "subtitle": "",
        "isPrimeEligible": "0"
    },
    {
        "ASIN": "B01M68DG5Q",
        "title": "Olay Regenerist Detoxifying Pore Scrub Cleanser, 5.0 Fluid Ounce",
        "price": "$7.48 ($1.50 / Fl Oz)",
        "listPrice": "",
        "imageUrl": "https://m.media-amazon.com/images/I/41HvDsHVJcL._SL160_.jpg",
        "detailPageURL": "https://www.amazon.com/dp/B01M68DG5Q",
        "rating": "4.7",
        "totalReviews": "471",
        "subtitle": "Olay",
        "isPrimeEligible": "1"
    },
    {
        "ASIN": "B08X3FTTPG",
        "title": "INKERLEE Silicone Face Scrubber Exfoliator Brush, Manual Facial Cleansing Exfoliating Brush, Gentle Face Scrub Wash Brush for Women and Men",
        "price": "$8.99 ($8.99 / Count)",
        "listPrice": "$14.99 ($14.99 / Count)",
        "imageUrl": "https://m.media-amazon.com/images/I/41bDgZQWW2L._SL160_.jpg",
        "detailPageURL": "https://www.amazon.com/dp/B08X3FTTPG",
        "rating": "4.5",
        "totalReviews": "1240",
        "subtitle": "INKERLEE",
        "isPrimeEligible": "1"
    },
    {
        "ASIN": "B0CG6L4CPP",
        "title": "Button Clothing Women Sleeves Shirt Long Loose Ladies Chiffon Zipper Plus Size Tops Womens Tee (A2-White, S)",
        "price": "$4.19",
        "listPrice": "",
        "imageUrl": "https://m.media-amazon.com/images/I/41HualHyBSL._SL160_.jpg",
        "detailPageURL": "https://www.amazon.com/dp/B0CG6L4CPP",
        "rating": "",
        "totalReviews": "",
        "subtitle": "BODOAO",
        "isPrimeEligible": "0"
    },
    {
        "ASIN": "B09QHB36LF",
        "title": "Body Scrubs: The Ultimate DIY Guide on How to Make Your Own Natural Body Scrubs, Including Simple and Organic Recipes (Organic Body Care)",
        "price": "$2.99",
        "listPrice": "",
        "imageUrl": "https://m.media-amazon.com/images/I/51XDB9RBdEL._SL160_.jpg",
        "detailPageURL": "https://www.amazon.com/dp/B09QHB36LF",
        "rating": "4.4",
        "totalReviews": "26",
        "subtitle": "",
        "isPrimeEligible": "0"
    },
    {
        "ASIN": "B097G9BS19",
        "title": "Silicone Face Scrubs",
        "price": "$0.99",
        "listPrice": "",
        "imageUrl": "https://m.media-amazon.com/images/I/51x9n1grgSS._SL160_.jpg",
        "detailPageURL": "https://www.amazon.com/dp/B097G9BS19",
        "rating": "1.0",
        "totalReviews": "1",
        "subtitle": "",
        "isPrimeEligible": "0"
    },
    {
        "ASIN": "B094V58GFC",
        "title": "Origins Checks and Balances Face Scrub Unisex Scrub 2.5 oz",
        "price": "$26.20 ($10.48 / Ounce)",
        "listPrice": "",
        "imageUrl": "https://m.media-amazon.com/images/I/31AldyUqGKL._SL160_.jpg",
        "detailPageURL": "https://www.amazon.com/dp/B094V58GFC",
        "rating": "4.5",
        "totalReviews": "42",
        "subtitle": "Origins",
        "isPrimeEligible": "1"
    },
    {
        "ASIN": "B0B7Z4B6MV",
        "title": "KOL Face Scrubber, Coconut Infused Exfoliating Facial Cleansing Pads, Reusable Exfoliator Face Sponge for Daily Face Cleaning and Makeup Removal, 6 Count",
        "price": "$7.99 ($1.33 / Count)",
        "listPrice": "",
        "imageUrl": "https://m.media-amazon.com/images/I/31zqCGnLeXL._SL160_.jpg",
        "detailPageURL": "https://www.amazon.com/dp/B0B7Z4B6MV",
        "rating": "3.8",
        "totalReviews": "2525",
        "subtitle": "KOL",
        "isPrimeEligible": "1"
    },
    {
        "ASIN": "B074M9YL9C",
        "title": "L'Oreal Paris Pure Sugar Scrub Nourish and Soften, 1.7 oz.",
        "price": "$8.49 ($4.99 / Ounce)",
        "listPrice": "$9.99 ($5.88 / Ounce)",
        "imageUrl": "https://m.media-amazon.com/images/I/41xVqWBDmxL._SL160_.jpg",
        "detailPageURL": "https://www.amazon.com/dp/B074M9YL9C",
        "rating": "4.4",
        "totalReviews": "1922",
        "subtitle": "L\u2019Or\u00e9al Paris",
        "isPrimeEligible": "1"
    },
    {
        "ASIN": "B001JJH8HY",
        "title": "The Two Faces of Squidward/Spongehenge",
        "price": "$1.99",
        "listPrice": "",
        "imageUrl": "https://m.media-amazon.com/images/I/51YzQi6V6VL._SL160_.jpg",
        "detailPageURL": "https://www.amazon.com/dp/B001JJH8HY",
        "rating": "4.7",
        "totalReviews": "364",
        "subtitle": "",
        "isPrimeEligible": "0"
    },
    {
        "ASIN": "B01M68DG5Q",
        "title": "Olay Regenerist Detoxifying Pore Scrub Cleanser, 5.0 Fluid Ounce",
        "price": "$7.48 ($1.50 / Fl Oz)",
        "listPrice": "",
        "imageUrl": "https://m.media-amazon.com/images/I/41HvDsHVJcL._SL160_.jpg",
        "detailPageURL": "https://www.amazon.com/dp/B01M68DG5Q",
        "rating": "4.7",
        "totalReviews": "471",
        "subtitle": "Olay",
        "isPrimeEligible": "1"
    },
    {
        "ASIN": "B08X3FTTPG",
        "title": "INKERLEE Silicone Face Scrubber Exfoliator Brush, Manual Facial Cleansing Exfoliating Brush, Gentle Face Scrub Wash Brush for Women and Men",
        "price": "$8.99 ($8.99 / Count)",
        "listPrice": "$14.99 ($14.99 / Count)",
        "imageUrl": "https://m.media-amazon.com/images/I/41bDgZQWW2L._SL160_.jpg",
        "detailPageURL": "https://www.amazon.com/dp/B08X3FTTPG",
        "rating": "4.5",
        "totalReviews": "1240",
        "subtitle": "INKERLEE",
        "isPrimeEligible": "1"
    },
    {
        "ASIN": "B0CG6L4CPP",
        "title": "Button Clothing Women Sleeves Shirt Long Loose Ladies Chiffon Zipper Plus Size Tops Womens Tee (A2-White, S)",
        "price": "$4.19",
        "listPrice": "",
        "imageUrl": "https://m.media-amazon.com/images/I/41HualHyBSL._SL160_.jpg",
        "detailPageURL": "https://www.amazon.com/dp/B0CG6L4CPP",
        "rating": "",
        "totalReviews": "",
        "subtitle": "BODOAO",
        "isPrimeEligible": "0"
    },
    {
        "ASIN": "B09QHB36LF",
        "title": "Body Scrubs: The Ultimate DIY Guide on How to Make Your Own Natural Body Scrubs, Including Simple and Organic Recipes (Organic Body Care)",
        "price": "$2.99",
        "listPrice": "",
        "imageUrl": "https://m.media-amazon.com/images/I/51XDB9RBdEL._SL160_.jpg",
        "detailPageURL": "https://www.amazon.com/dp/B09QHB36LF",
        "rating": "4.4",
        "totalReviews": "26",
        "subtitle": "",
        "isPrimeEligible": "0"
    },
    {
        "ASIN": "B097G9BS19",
        "title": "Silicone Face Scrubs",
        "price": "$0.99",
        "listPrice": "",
        "imageUrl": "https://m.media-amazon.com/images/I/51x9n1grgSS._SL160_.jpg",
        "detailPageURL": "https://www.amazon.com/dp/B097G9BS19",
        "rating": "1.0",
        "totalReviews": "1",
        "subtitle": "",
        "isPrimeEligible": "0"
    },
    {
        "ASIN": "B094V58GFC",
        "title": "Origins Checks and Balances Face Scrub Unisex Scrub 2.5 oz",
        "price": "$26.20 ($10.48 / Ounce)",
        "listPrice": "",
        "imageUrl": "https://m.media-amazon.com/images/I/31AldyUqGKL._SL160_.jpg",
        "detailPageURL": "https://www.amazon.com/dp/B094V58GFC",
        "rating": "4.5",
        "totalReviews": "42",
        "subtitle": "Origins",
        "isPrimeEligible": "1"
    },
    {
        "ASIN": "B0B7Z4B6MV",
        "title": "KOL Face Scrubber, Coconut Infused Exfoliating Facial Cleansing Pads, Reusable Exfoliator Face Sponge for Daily Face Cleaning and Makeup Removal, 6 Count",
        "price": "$7.99 ($1.33 / Count)",
        "listPrice": "",
        "imageUrl": "https://m.media-amazon.com/images/I/31zqCGnLeXL._SL160_.jpg",
        "detailPageURL": "https://www.amazon.com/dp/B0B7Z4B6MV",
        "rating": "3.8",
        "totalReviews": "2525",
        "subtitle": "KOL",
        "isPrimeEligible": "1"
    },
    {
        "ASIN": "B074M9YL9C",
        "title": "L'Oreal Paris Pure Sugar Scrub Nourish and Soften, 1.7 oz.",
        "price": "$8.49 ($4.99 / Ounce)",
        "listPrice": "$9.99 ($5.88 / Ounce)",
        "imageUrl": "https://m.media-amazon.com/images/I/41xVqWBDmxL._SL160_.jpg",
        "detailPageURL": "https://www.amazon.com/dp/B074M9YL9C",
        "rating": "4.4",
        "totalReviews": "1922",
        "subtitle": "L\u2019Or\u00e9al Paris",
        "isPrimeEligible": "1"
    },
    {
        "ASIN": "B072J77FVC",
        "title": "Charcoal Exfoliating Face & Body Scrub Polish with Collagen & Stem Cell Gentle Body Exfoliator Bump Eraser Best Shower Scrub Skin Exfoliant Moisturize Skin Exfoliate Absorbs Nutrients by M3 Naturals",
        "price": "$19.91 ($1.66 / Fl Oz)",
        "listPrice": "$34.80 ($2.90 / Fl Oz)",
        "imageUrl": "https://m.media-amazon.com/images/I/61csmARDxLL._SL160_.jpg",
        "detailPageURL": "https://www.amazon.com/dp/B072J77FVC",
        "rating": "4.4",
        "totalReviews": "14381",
        "subtitle": "M3 Naturals",
        "isPrimeEligible": "1"
    },
    {
        "ASIN": "B01M68DG5Q",
        "title": "Olay Regenerist Detoxifying Pore Scrub Cleanser, 5.0 Fluid Ounce",
        "price": "$7.48 ($1.50 / Fl Oz)",
        "listPrice": "",
        "imageUrl": "https://m.media-amazon.com/images/I/41HvDsHVJcL._SL160_.jpg",
        "detailPageURL": "https://www.amazon.com/dp/B01M68DG5Q",
        "rating": "4.7",
        "totalReviews": "471",
        "subtitle": "Olay",
        "isPrimeEligible": "1"
    },
    {
        "ASIN": "B08X3FTTPG",
        "title": "INKERLEE Silicone Face Scrubber Exfoliator Brush, Manual Facial Cleansing Exfoliating Brush, Gentle Face Scrub Wash Brush for Women and Men",
        "price": "$8.99 ($8.99 / Count)",
        "listPrice": "$14.99 ($14.99 / Count)",
        "imageUrl": "https://m.media-amazon.com/images/I/41bDgZQWW2L._SL160_.jpg",
        "detailPageURL": "https://www.amazon.com/dp/B08X3FTTPG",
        "rating": "4.5",
        "totalReviews": "1240",
        "subtitle": "INKERLEE",
        "isPrimeEligible": "1"
    },
    {
        "ASIN": "B0CG6L4CPP",
        "title": "Button Clothing Women Sleeves Shirt Long Loose Ladies Chiffon Zipper Plus Size Tops Womens Tee (A2-White, S)",
        "price": "$4.19",
        "listPrice": "",
        "imageUrl": "https://m.media-amazon.com/images/I/41HualHyBSL._SL160_.jpg",
        "detailPageURL": "https://www.amazon.com/dp/B0CG6L4CPP",
        "rating": "",
        "totalReviews": "",
        "subtitle": "BODOAO",
        "isPrimeEligible": "0"
    },
    {
        "ASIN": "B09QHB36LF",
        "title": "Body Scrubs: The Ultimate DIY Guide on How to Make Your Own Natural Body Scrubs, Including Simple and Organic Recipes (Organic Body Care)",
        "price": "$2.99",
        "listPrice": "",
        "imageUrl": "https://m.media-amazon.com/images/I/51XDB9RBdEL._SL160_.jpg",
        "detailPageURL": "https://www.amazon.com/dp/B09QHB36LF",
        "rating": "4.4",
        "totalReviews": "26",
        "subtitle": "",
        "isPrimeEligible": "0"
    },
    {
        "ASIN": "B097G9BS19",
        "title": "Silicone Face Scrubs",
        "price": "$0.99",
        "listPrice": "",
        "imageUrl": "https://m.media-amazon.com/images/I/51x9n1grgSS._SL160_.jpg",
        "detailPageURL": "https://www.amazon.com/dp/B097G9BS19",
        "rating": "1.0",
        "totalReviews": "1",
        "subtitle": "",
        "isPrimeEligible": "0"
    },
    {
        "ASIN": "B094V58GFC",
        "title": "Origins Checks and Balances Face Scrub Unisex Scrub 2.5 oz",
        "price": "$26.20 ($10.48 / Ounce)",
        "listPrice": "",
        "imageUrl": "https://m.media-amazon.com/images/I/31AldyUqGKL._SL160_.jpg",
        "detailPageURL": "https://www.amazon.com/dp/B094V58GFC",
        "rating": "4.5",
        "totalReviews": "42",
        "subtitle": "Origins",
        "isPrimeEligible": "1"
    },
    {
        "ASIN": "B0B7Z4B6MV",
        "title": "KOL Face Scrubber, Coconut Infused Exfoliating Facial Cleansing Pads, Reusable Exfoliator Face Sponge for Daily Face Cleaning and Makeup Removal, 6 Count",
        "price": "$7.99 ($1.33 / Count)",
        "listPrice": "",
        "imageUrl": "https://m.media-amazon.com/images/I/31zqCGnLeXL._SL160_.jpg",
        "detailPageURL": "https://www.amazon.com/dp/B0B7Z4B6MV",
        "rating": "3.8",
        "totalReviews": "2525",
        "subtitle": "KOL",
        "isPrimeEligible": "1"
    },
    {
        "ASIN": "B074M9YL9C",
        "title": "L'Oreal Paris Pure Sugar Scrub Nourish and Soften, 1.7 oz.",
        "price": "$8.49 ($4.99 / Ounce)",
        "listPrice": "$9.99 ($5.88 / Ounce)",
        "imageUrl": "https://m.media-amazon.com/images/I/41xVqWBDmxL._SL160_.jpg",
        "detailPageURL": "https://www.amazon.com/dp/B074M9YL9C",
        "rating": "4.4",
        "totalReviews": "1922",
        "subtitle": "L\u2019Or\u00e9al Paris",
        "isPrimeEligible": "1"
    },
    {
        "ASIN": "B072J77FVC",
        "title": "Charcoal Exfoliating Face & Body Scrub Polish with Collagen & Stem Cell Gentle Body Exfoliator Bump Eraser Best Shower Scrub Skin Exfoliant Moisturize Skin Exfoliate Absorbs Nutrients by M3 Naturals",
        "price": "$19.91 ($1.66 / Fl Oz)",
        "listPrice": "$34.80 ($2.90 / Fl Oz)",
        "imageUrl": "https://m.media-amazon.com/images/I/61csmARDxLL._SL160_.jpg",
        "detailPageURL": "https://www.amazon.com/dp/B072J77FVC",
        "rating": "4.4",
        "totalReviews": "14381",
        "subtitle": "M3 Naturals",
        "isPrimeEligible": "1"
    },
    {
        "ASIN": "B000NWDSAE",
        "title": "Neutrogena Oil-Free Acne Face Scrub, 2% Salicylic Acid Acne Treatment Medicine, Daily Face Wash to help Prevent Breakouts, Oil Free Exfoliating Facial Cleanser for Acne-Prone Skin, 4.2 fl. oz",
        "price": "$7.98 ($1.89 / Fl Oz)",
        "listPrice": "$10.79 ($2.56 / Fl Oz)",
        "imageUrl": "https://m.media-amazon.com/images/I/41X+HuMzv9L._SL160_.jpg",
        "detailPageURL": "https://www.amazon.com/dp/B000NWDSAE",
        "rating": "4.6",
        "totalReviews": "10840",
        "subtitle": "Neutrogena",
        "isPrimeEligible": "1"
    },
    {
        "ASIN": "B08X3FTTPG",
        "title": "INKERLEE Silicone Face Scrubber Exfoliator Brush, Manual Facial Cleansing Exfoliating Brush, Gentle Face Scrub Wash Brush for Women and Men",
        "price": "$8.99 ($8.99 / Count)",
        "listPrice": "$14.99 ($14.99 / Count)",
        "imageUrl": "https://m.media-amazon.com/images/I/41bDgZQWW2L._SL160_.jpg",
        "detailPageURL": "https://www.amazon.com/dp/B08X3FTTPG",
        "rating": "4.5",
        "totalReviews": "1240",
        "subtitle": "INKERLEE",
        "isPrimeEligible": "1"
    },
    {
        "ASIN": "B0CG6L4CPP",
        "title": "Button Clothing Women Sleeves Shirt Long Loose Ladies Chiffon Zipper Plus Size Tops Womens Tee (A2-White, S)",
        "price": "$4.19",
        "listPrice": "",
        "imageUrl": "https://m.media-amazon.com/images/I/41HualHyBSL._SL160_.jpg",
        "detailPageURL": "https://www.amazon.com/dp/B0CG6L4CPP",
        "rating": "",
        "totalReviews": "",
        "subtitle": "BODOAO",
        "isPrimeEligible": "0"
    },
    {
        "ASIN": "B09QHB36LF",
        "title": "Body Scrubs: The Ultimate DIY Guide on How to Make Your Own Natural Body Scrubs, Including Simple and Organic Recipes (Organic Body Care)",
        "price": "$2.99",
        "listPrice": "",
        "imageUrl": "https://m.media-amazon.com/images/I/51XDB9RBdEL._SL160_.jpg",
        "detailPageURL": "https://www.amazon.com/dp/B09QHB36LF",
        "rating": "4.4",
        "totalReviews": "26",
        "subtitle": "",
        "isPrimeEligible": "0"
    },
    {
        "ASIN": "B097G9BS19",
        "title": "Silicone Face Scrubs",
        "price": "$0.99",
        "listPrice": "",
        "imageUrl": "https://m.media-amazon.com/images/I/51x9n1grgSS._SL160_.jpg",
        "detailPageURL": "https://www.amazon.com/dp/B097G9BS19",
        "rating": "1.0",
        "totalReviews": "1",
        "subtitle": "",
        "isPrimeEligible": "0"
    },
    {
        "ASIN": "B094V58GFC",
        "title": "Origins Checks and Balances Face Scrub Unisex Scrub 2.5 oz",
        "price": "$26.20 ($10.48 / Ounce)",
        "listPrice": "",
        "imageUrl": "https://m.media-amazon.com/images/I/31AldyUqGKL._SL160_.jpg",
        "detailPageURL": "https://www.amazon.com/dp/B094V58GFC",
        "rating": "4.5",
        "totalReviews": "42",
        "subtitle": "Origins",
        "isPrimeEligible": "1"
    },
    {
        "ASIN": "B0B7Z4B6MV",
        "title": "KOL Face Scrubber, Coconut Infused Exfoliating Facial Cleansing Pads, Reusable Exfoliator Face Sponge for Daily Face Cleaning and Makeup Removal, 6 Count",
        "price": "$7.99 ($1.33 / Count)",
        "listPrice": "",
        "imageUrl": "https://m.media-amazon.com/images/I/31zqCGnLeXL._SL160_.jpg",
        "detailPageURL": "https://www.amazon.com/dp/B0B7Z4B6MV",
        "rating": "3.8",
        "totalReviews": "2525",
        "subtitle": "KOL",
        "isPrimeEligible": "1"
    },
    {
        "ASIN": "B074M9YL9C",
        "title": "L'Oreal Paris Pure Sugar Scrub Nourish and Soften, 1.7 oz.",
        "price": "$8.49 ($4.99 / Ounce)",
        "listPrice": "$9.99 ($5.88 / Ounce)",
        "imageUrl": "https://m.media-amazon.com/images/I/41xVqWBDmxL._SL160_.jpg",
        "detailPageURL": "https://www.amazon.com/dp/B074M9YL9C",
        "rating": "4.4",
        "totalReviews": "1922",
        "subtitle": "L\u2019Or\u00e9al Paris",
        "isPrimeEligible": "1"
    },
    {
        "ASIN": "B072J77FVC",
        "title": "Charcoal Exfoliating Face & Body Scrub Polish with Collagen & Stem Cell Gentle Body Exfoliator Bump Eraser Best Shower Scrub Skin Exfoliant Moisturize Skin Exfoliate Absorbs Nutrients by M3 Naturals",
        "price": "$19.91 ($1.66 / Fl Oz)",
        "listPrice": "$34.80 ($2.90 / Fl Oz)",
        "imageUrl": "https://m.media-amazon.com/images/I/61csmARDxLL._SL160_.jpg",
        "detailPageURL": "https://www.amazon.com/dp/B072J77FVC",
        "rating": "4.4",
        "totalReviews": "14381",
        "subtitle": "M3 Naturals",
        "isPrimeEligible": "1"
    },
    {
        "ASIN": "B000NWDSAE",
        "title": "Neutrogena Oil-Free Acne Face Scrub, 2% Salicylic Acid Acne Treatment Medicine, Daily Face Wash to help Prevent Breakouts, Oil Free Exfoliating Facial Cleanser for Acne-Prone Skin, 4.2 fl. oz",
        "price": "$7.98 ($1.89 / Fl Oz)",
        "listPrice": "$10.79 ($2.56 / Fl Oz)",
        "imageUrl": "https://m.media-amazon.com/images/I/41X+HuMzv9L._SL160_.jpg",
        "detailPageURL": "https://www.amazon.com/dp/B000NWDSAE",
        "rating": "4.6",
        "totalReviews": "10840",
        "subtitle": "Neutrogena",
        "isPrimeEligible": "1"
    },
    {
        "ASIN": "B08GNZJDM4",
        "title": "Bior\u00e9 Brightening Exfoliating Scrub, 3.5 Fluid Ounces, to Exfoliate and Even Skin Tone, for All Skin Types",
        "price": "$6.99 ($2.00 / Fl Oz)",
        "listPrice": "$8.49 ($2.43 / Fl Oz)",
        "imageUrl": "https://m.media-amazon.com/images/I/41+1iR3DxIL._SL160_.jpg",
        "detailPageURL": "https://www.amazon.com/dp/B08GNZJDM4",
        "rating": "4.4",
        "totalReviews": "2648",
        "subtitle": "Bior\u00e9",
        "isPrimeEligible": "1"
    },
    {
        "ASIN": "B0CG6L4CPP",
        "title": "Button Clothing Women Sleeves Shirt Long Loose Ladies Chiffon Zipper Plus Size Tops Womens Tee (A2-White, S)",
        "price": "$4.19",
        "listPrice": "",
        "imageUrl": "https://m.media-amazon.com/images/I/41HualHyBSL._SL160_.jpg",
        "detailPageURL": "https://www.amazon.com/dp/B0CG6L4CPP",
        "rating": "",
        "totalReviews": "",
        "subtitle": "BODOAO",
        "isPrimeEligible": "0"
    },
    {
        "ASIN": "B09QHB36LF",
        "title": "Body Scrubs: The Ultimate DIY Guide on How to Make Your Own Natural Body Scrubs, Including Simple and Organic Recipes (Organic Body Care)",
        "price": "$2.99",
        "listPrice": "",
        "imageUrl": "https://m.media-amazon.com/images/I/51XDB9RBdEL._SL160_.jpg",
        "detailPageURL": "https://www.amazon.com/dp/B09QHB36LF",
        "rating": "4.4",
        "totalReviews": "26",
        "subtitle": "",
        "isPrimeEligible": "0"
    },
    {
        "ASIN": "B097G9BS19",
        "title": "Silicone Face Scrubs",
        "price": "$0.99",
        "listPrice": "",
        "imageUrl": "https://m.media-amazon.com/images/I/51x9n1grgSS._SL160_.jpg",
        "detailPageURL": "https://www.amazon.com/dp/B097G9BS19",
        "rating": "1.0",
        "totalReviews": "1",
        "subtitle": "",
        "isPrimeEligible": "0"
    },
    {
        "ASIN": "B094V58GFC",
        "title": "Origins Checks and Balances Face Scrub Unisex Scrub 2.5 oz",
        "price": "$26.20 ($10.48 / Ounce)",
        "listPrice": "",
        "imageUrl": "https://m.media-amazon.com/images/I/31AldyUqGKL._SL160_.jpg",
        "detailPageURL": "https://www.amazon.com/dp/B094V58GFC",
        "rating": "4.5",
        "totalReviews": "42",
        "subtitle": "Origins",
        "isPrimeEligible": "1"
    },
    {
        "ASIN": "B0B7Z4B6MV",
        "title": "KOL Face Scrubber, Coconut Infused Exfoliating Facial Cleansing Pads, Reusable Exfoliator Face Sponge for Daily Face Cleaning and Makeup Removal, 6 Count",
        "price": "$7.99 ($1.33 / Count)",
        "listPrice": "",
        "imageUrl": "https://m.media-amazon.com/images/I/31zqCGnLeXL._SL160_.jpg",
        "detailPageURL": "https://www.amazon.com/dp/B0B7Z4B6MV",
        "rating": "3.8",
        "totalReviews": "2525",
        "subtitle": "KOL",
        "isPrimeEligible": "1"
    },
    {
        "ASIN": "B074M9YL9C",
        "title": "L'Oreal Paris Pure Sugar Scrub Nourish and Soften, 1.7 oz.",
        "price": "$8.49 ($4.99 / Ounce)",
        "listPrice": "$9.99 ($5.88 / Ounce)",
        "imageUrl": "https://m.media-amazon.com/images/I/41xVqWBDmxL._SL160_.jpg",
        "detailPageURL": "https://www.amazon.com/dp/B074M9YL9C",
        "rating": "4.4",
        "totalReviews": "1922",
        "subtitle": "L\u2019Or\u00e9al Paris",
        "isPrimeEligible": "1"
    },
    {
        "ASIN": "B072J77FVC",
        "title": "Charcoal Exfoliating Face & Body Scrub Polish with Collagen & Stem Cell Gentle Body Exfoliator Bump Eraser Best Shower Scrub Skin Exfoliant Moisturize Skin Exfoliate Absorbs Nutrients by M3 Naturals",
        "price": "$19.91 ($1.66 / Fl Oz)",
        "listPrice": "$34.80 ($2.90 / Fl Oz)",
        "imageUrl": "https://m.media-amazon.com/images/I/61csmARDxLL._SL160_.jpg",
        "detailPageURL": "https://www.amazon.com/dp/B072J77FVC",
        "rating": "4.4",
        "totalReviews": "14381",
        "subtitle": "M3 Naturals",
        "isPrimeEligible": "1"
    },
    {
        "ASIN": "B000NWDSAE",
        "title": "Neutrogena Oil-Free Acne Face Scrub, 2% Salicylic Acid Acne Treatment Medicine, Daily Face Wash to help Prevent Breakouts, Oil Free Exfoliating Facial Cleanser for Acne-Prone Skin, 4.2 fl. oz",
        "price": "$7.98 ($1.89 / Fl Oz)",
        "listPrice": "$10.79 ($2.56 / Fl Oz)",
        "imageUrl": "https://m.media-amazon.com/images/I/41X+HuMzv9L._SL160_.jpg",
        "detailPageURL": "https://www.amazon.com/dp/B000NWDSAE",
        "rating": "4.6",
        "totalReviews": "10840",
        "subtitle": "Neutrogena",
        "isPrimeEligible": "1"
    },
    {
        "ASIN": "B08GNZJDM4",
        "title": "Bior\u00e9 Brightening Exfoliating Scrub, 3.5 Fluid Ounces, to Exfoliate and Even Skin Tone, for All Skin Types",
        "price": "$6.99 ($2.00 / Fl Oz)",
        "listPrice": "$8.49 ($2.43 / Fl Oz)",
        "imageUrl": "https://m.media-amazon.com/images/I/41+1iR3DxIL._SL160_.jpg",
        "detailPageURL": "https://www.amazon.com/dp/B08GNZJDM4",
        "rating": "4.4",
        "totalReviews": "2648",
        "subtitle": "Bior\u00e9",
        "isPrimeEligible": "1"
    },
    {
        "ASIN": "B00S7HYEKK",
        "title": "1UPcard Video Game Cartridge Cleaning Kit | 3 Pack of Cards with Cleaning Fluid | Compatible With Nintendo, Super NES, Sega Genesis, N64, Gameboy, Atari & More",
        "price": "$14.99",
        "listPrice": "",
        "imageUrl": "https://m.media-amazon.com/images/I/51gYojEB3kL._SL160_.jpg",
        "detailPageURL": "https://www.amazon.com/dp/B00S7HYEKK",
        "rating": "4.6",
        "totalReviews": "680",
        "subtitle": "1UPcard",
        "isPrimeEligible": "1"
    },
    {
        "ASIN": "B09QHB36LF",
        "title": "Body Scrubs: The Ultimate DIY Guide on How to Make Your Own Natural Body Scrubs, Including Simple and Organic Recipes (Organic Body Care)",
        "price": "$2.99",
        "listPrice": "",
        "imageUrl": "https://m.media-amazon.com/images/I/51XDB9RBdEL._SL160_.jpg",
        "detailPageURL": "https://www.amazon.com/dp/B09QHB36LF",
        "rating": "4.4",
        "totalReviews": "26",
        "subtitle": "",
        "isPrimeEligible": "0"
    },
    {
        "ASIN": "B097G9BS19",
        "title": "Silicone Face Scrubs",
        "price": "$0.99",
        "listPrice": "",
        "imageUrl": "https://m.media-amazon.com/images/I/51x9n1grgSS._SL160_.jpg",
        "detailPageURL": "https://www.amazon.com/dp/B097G9BS19",
        "rating": "1.0",
        "totalReviews": "1",
        "subtitle": "",
        "isPrimeEligible": "0"
    },
    {
        "ASIN": "B094V58GFC",
        "title": "Origins Checks and Balances Face Scrub Unisex Scrub 2.5 oz",
        "price": "$26.20 ($10.48 / Ounce)",
        "listPrice": "",
        "imageUrl": "https://m.media-amazon.com/images/I/31AldyUqGKL._SL160_.jpg",
        "detailPageURL": "https://www.amazon.com/dp/B094V58GFC",
        "rating": "4.5",
        "totalReviews": "42",
        "subtitle": "Origins",
        "isPrimeEligible": "1"
    },
    {
        "ASIN": "B0B7Z4B6MV",
        "title": "KOL Face Scrubber, Coconut Infused Exfoliating Facial Cleansing Pads, Reusable Exfoliator Face Sponge for Daily Face Cleaning and Makeup Removal, 6 Count",
        "price": "$7.99 ($1.33 / Count)",
        "listPrice": "",
        "imageUrl": "https://m.media-amazon.com/images/I/31zqCGnLeXL._SL160_.jpg",
        "detailPageURL": "https://www.amazon.com/dp/B0B7Z4B6MV",
        "rating": "3.8",
        "totalReviews": "2525",
        "subtitle": "KOL",
        "isPrimeEligible": "1"
    },
    {
        "ASIN": "B074M9YL9C",
        "title": "L'Oreal Paris Pure Sugar Scrub Nourish and Soften, 1.7 oz.",
        "price": "$8.49 ($4.99 / Ounce)",
        "listPrice": "$9.99 ($5.88 / Ounce)",
        "imageUrl": "https://m.media-amazon.com/images/I/41xVqWBDmxL._SL160_.jpg",
        "detailPageURL": "https://www.amazon.com/dp/B074M9YL9C",
        "rating": "4.4",
        "totalReviews": "1922",
        "subtitle": "L\u2019Or\u00e9al Paris",
        "isPrimeEligible": "1"
    },
    {
        "ASIN": "B072J77FVC",
        "title": "Charcoal Exfoliating Face & Body Scrub Polish with Collagen & Stem Cell Gentle Body Exfoliator Bump Eraser Best Shower Scrub Skin Exfoliant Moisturize Skin Exfoliate Absorbs Nutrients by M3 Naturals",
        "price": "$19.91 ($1.66 / Fl Oz)",
        "listPrice": "$34.80 ($2.90 / Fl Oz)",
        "imageUrl": "https://m.media-amazon.com/images/I/61csmARDxLL._SL160_.jpg",
        "detailPageURL": "https://www.amazon.com/dp/B072J77FVC",
        "rating": "4.4",
        "totalReviews": "14381",
        "subtitle": "M3 Naturals",
        "isPrimeEligible": "1"
    },
    {
        "ASIN": "B000NWDSAE",
        "title": "Neutrogena Oil-Free Acne Face Scrub, 2% Salicylic Acid Acne Treatment Medicine, Daily Face Wash to help Prevent Breakouts, Oil Free Exfoliating Facial Cleanser for Acne-Prone Skin, 4.2 fl. oz",
        "price": "$7.98 ($1.89 / Fl Oz)",
        "listPrice": "$10.79 ($2.56 / Fl Oz)",
        "imageUrl": "https://m.media-amazon.com/images/I/41X+HuMzv9L._SL160_.jpg",
        "detailPageURL": "https://www.amazon.com/dp/B000NWDSAE",
        "rating": "4.6",
        "totalReviews": "10840",
        "subtitle": "Neutrogena",
        "isPrimeEligible": "1"
    },
    {
        "ASIN": "B08GNZJDM4",
        "title": "Bior\u00e9 Brightening Exfoliating Scrub, 3.5 Fluid Ounces, to Exfoliate and Even Skin Tone, for All Skin Types",
        "price": "$6.99 ($2.00 / Fl Oz)",
        "listPrice": "$8.49 ($2.43 / Fl Oz)",
        "imageUrl": "https://m.media-amazon.com/images/I/41+1iR3DxIL._SL160_.jpg",
        "detailPageURL": "https://www.amazon.com/dp/B08GNZJDM4",
        "rating": "4.4",
        "totalReviews": "2648",
        "subtitle": "Bior\u00e9",
        "isPrimeEligible": "1"
    },
    {
        "ASIN": "B00S7HYEKK",
        "title": "1UPcard Video Game Cartridge Cleaning Kit | 3 Pack of Cards with Cleaning Fluid | Compatible With Nintendo, Super NES, Sega Genesis, N64, Gameboy, Atari & More",
        "price": "$14.99",
        "listPrice": "",
        "imageUrl": "https://m.media-amazon.com/images/I/51gYojEB3kL._SL160_.jpg",
        "detailPageURL": "https://www.amazon.com/dp/B00S7HYEKK",
        "rating": "4.6",
        "totalReviews": "680",
        "subtitle": "1UPcard",
        "isPrimeEligible": "1"
    },
    {
        "ASIN": "B08KFSX1VB",
        "title": "WOW Skin Science Ubtan Foaming Exfoliating Face Wash Facial Cleanser- Face Wash for Oily Skin with Acne- Face Wash for Women & Men Exfoliating Facial Scrub Face Cleanser-Facial Skin Care Product",
        "price": "$13.88 ($4.11 / Fl Oz)",
        "listPrice": "",
        "imageUrl": "https://m.media-amazon.com/images/I/41vVYulXjbL._SL160_.jpg",
        "detailPageURL": "https://www.amazon.com/dp/B08KFSX1VB",
        "rating": "4.4",
        "totalReviews": "773",
        "subtitle": "WOW Skin Science",
        "isPrimeEligible": "0"
    },
    {
        "ASIN": "B097G9BS19",
        "title": "Silicone Face Scrubs",
        "price": "$0.99",
        "listPrice": "",
        "imageUrl": "https://m.media-amazon.com/images/I/51x9n1grgSS._SL160_.jpg",
        "detailPageURL": "https://www.amazon.com/dp/B097G9BS19",
        "rating": "1.0",
        "totalReviews": "1",
        "subtitle": "",
        "isPrimeEligible": "0"
    },
    {
        "ASIN": "B094V58GFC",
        "title": "Origins Checks and Balances Face Scrub Unisex Scrub 2.5 oz",
        "price": "$26.20 ($10.48 / Ounce)",
        "listPrice": "",
        "imageUrl": "https://m.media-amazon.com/images/I/31AldyUqGKL._SL160_.jpg",
        "detailPageURL": "https://www.amazon.com/dp/B094V58GFC",
        "rating": "4.5",
        "totalReviews": "42",
        "subtitle": "Origins",
        "isPrimeEligible": "1"
    },
    {
        "ASIN": "B0B7Z4B6MV",
        "title": "KOL Face Scrubber, Coconut Infused Exfoliating Facial Cleansing Pads, Reusable Exfoliator Face Sponge for Daily Face Cleaning and Makeup Removal, 6 Count",
        "price": "$7.99 ($1.33 / Count)",
        "listPrice": "",
        "imageUrl": "https://m.media-amazon.com/images/I/31zqCGnLeXL._SL160_.jpg",
        "detailPageURL": "https://www.amazon.com/dp/B0B7Z4B6MV",
        "rating": "3.8",
        "totalReviews": "2525",
        "subtitle": "KOL",
        "isPrimeEligible": "1"
    },
    {
        "ASIN": "B074M9YL9C",
        "title": "L'Oreal Paris Pure Sugar Scrub Nourish and Soften, 1.7 oz.",
        "price": "$8.49 ($4.99 / Ounce)",
        "listPrice": "$9.99 ($5.88 / Ounce)",
        "imageUrl": "https://m.media-amazon.com/images/I/41xVqWBDmxL._SL160_.jpg",
        "detailPageURL": "https://www.amazon.com/dp/B074M9YL9C",
        "rating": "4.4",
        "totalReviews": "1922",
        "subtitle": "L\u2019Or\u00e9al Paris",
        "isPrimeEligible": "1"
    },
    {
        "ASIN": "B072J77FVC",
        "title": "Charcoal Exfoliating Face & Body Scrub Polish with Collagen & Stem Cell Gentle Body Exfoliator Bump Eraser Best Shower Scrub Skin Exfoliant Moisturize Skin Exfoliate Absorbs Nutrients by M3 Naturals",
        "price": "$19.91 ($1.66 / Fl Oz)",
        "listPrice": "$34.80 ($2.90 / Fl Oz)",
        "imageUrl": "https://m.media-amazon.com/images/I/61csmARDxLL._SL160_.jpg",
        "detailPageURL": "https://www.amazon.com/dp/B072J77FVC",
        "rating": "4.4",
        "totalReviews": "14381",
        "subtitle": "M3 Naturals",
        "isPrimeEligible": "1"
    },
    {
        "ASIN": "B000NWDSAE",
        "title": "Neutrogena Oil-Free Acne Face Scrub, 2% Salicylic Acid Acne Treatment Medicine, Daily Face Wash to help Prevent Breakouts, Oil Free Exfoliating Facial Cleanser for Acne-Prone Skin, 4.2 fl. oz",
        "price": "$7.98 ($1.89 / Fl Oz)",
        "listPrice": "$10.79 ($2.56 / Fl Oz)",
        "imageUrl": "https://m.media-amazon.com/images/I/41X+HuMzv9L._SL160_.jpg",
        "detailPageURL": "https://www.amazon.com/dp/B000NWDSAE",
        "rating": "4.6",
        "totalReviews": "10840",
        "subtitle": "Neutrogena",
        "isPrimeEligible": "1"
    },
    {
        "ASIN": "B08GNZJDM4",
        "title": "Bior\u00e9 Brightening Exfoliating Scrub, 3.5 Fluid Ounces, to Exfoliate and Even Skin Tone, for All Skin Types",
        "price": "$6.99 ($2.00 / Fl Oz)",
        "listPrice": "$8.49 ($2.43 / Fl Oz)",
        "imageUrl": "https://m.media-amazon.com/images/I/41+1iR3DxIL._SL160_.jpg",
        "detailPageURL": "https://www.amazon.com/dp/B08GNZJDM4",
        "rating": "4.4",
        "totalReviews": "2648",
        "subtitle": "Bior\u00e9",
        "isPrimeEligible": "1"
    },
    {
        "ASIN": "B00S7HYEKK",
        "title": "1UPcard Video Game Cartridge Cleaning Kit | 3 Pack of Cards with Cleaning Fluid | Compatible With Nintendo, Super NES, Sega Genesis, N64, Gameboy, Atari & More",
        "price": "$14.99",
        "listPrice": "",
        "imageUrl": "https://m.media-amazon.com/images/I/51gYojEB3kL._SL160_.jpg",
        "detailPageURL": "https://www.amazon.com/dp/B00S7HYEKK",
        "rating": "4.6",
        "totalReviews": "680",
        "subtitle": "1UPcard",
        "isPrimeEligible": "1"
    },
    {
        "ASIN": "B08KFSX1VB",
        "title": "WOW Skin Science Ubtan Foaming Exfoliating Face Wash Facial Cleanser- Face Wash for Oily Skin with Acne- Face Wash for Women & Men Exfoliating Facial Scrub Face Cleanser-Facial Skin Care Product",
        "price": "$13.88 ($4.11 / Fl Oz)",
        "listPrice": "",
        "imageUrl": "https://m.media-amazon.com/images/I/41vVYulXjbL._SL160_.jpg",
        "detailPageURL": "https://www.amazon.com/dp/B08KFSX1VB",
        "rating": "4.4",
        "totalReviews": "773",
        "subtitle": "WOW Skin Science",
        "isPrimeEligible": "0"
    },
    {
        "ASIN": "B08CVRZQ4N",
        "title": "Face Exfoliating Scrub Hyaluronic Acid & Sugar Face Wash - 5 Oz",
        "price": "$6.99 ($1.40 / Ounce)",
        "listPrice": "",
        "imageUrl": "https://m.media-amazon.com/images/I/41AwicfspoL._SL160_.jpg",
        "detailPageURL": "https://www.amazon.com/dp/B08CVRZQ4N",
        "rating": "4.4",
        "totalReviews": "51",
        "subtitle": "SpaScriptions",
        "isPrimeEligible": "1"
    },
    {
        "ASIN": "B094V58GFC",
        "title": "Origins Checks and Balances Face Scrub Unisex Scrub 2.5 oz",
        "price": "$26.20 ($10.48 / Ounce)",
        "listPrice": "",
        "imageUrl": "https://m.media-amazon.com/images/I/31AldyUqGKL._SL160_.jpg",
        "detailPageURL": "https://www.amazon.com/dp/B094V58GFC",
        "rating": "4.5",
        "totalReviews": "42",
        "subtitle": "Origins",
        "isPrimeEligible": "1"
    },
    {
        "ASIN": "B0B7Z4B6MV",
        "title": "KOL Face Scrubber, Coconut Infused Exfoliating Facial Cleansing Pads, Reusable Exfoliator Face Sponge for Daily Face Cleaning and Makeup Removal, 6 Count",
        "price": "$7.99 ($1.33 / Count)",
        "listPrice": "",
        "imageUrl": "https://m.media-amazon.com/images/I/31zqCGnLeXL._SL160_.jpg",
        "detailPageURL": "https://www.amazon.com/dp/B0B7Z4B6MV",
        "rating": "3.8",
        "totalReviews": "2525",
        "subtitle": "KOL",
        "isPrimeEligible": "1"
    },
    {
        "ASIN": "B074M9YL9C",
        "title": "L'Oreal Paris Pure Sugar Scrub Nourish and Soften, 1.7 oz.",
        "price": "$8.49 ($4.99 / Ounce)",
        "listPrice": "$9.99 ($5.88 / Ounce)",
        "imageUrl": "https://m.media-amazon.com/images/I/41xVqWBDmxL._SL160_.jpg",
        "detailPageURL": "https://www.amazon.com/dp/B074M9YL9C",
        "rating": "4.4",
        "totalReviews": "1922",
        "subtitle": "L\u2019Or\u00e9al Paris",
        "isPrimeEligible": "1"
    },
    {
        "ASIN": "B072J77FVC",
        "title": "Charcoal Exfoliating Face & Body Scrub Polish with Collagen & Stem Cell Gentle Body Exfoliator Bump Eraser Best Shower Scrub Skin Exfoliant Moisturize Skin Exfoliate Absorbs Nutrients by M3 Naturals",
        "price": "$19.91 ($1.66 / Fl Oz)",
        "listPrice": "$34.80 ($2.90 / Fl Oz)",
        "imageUrl": "https://m.media-amazon.com/images/I/61csmARDxLL._SL160_.jpg",
        "detailPageURL": "https://www.amazon.com/dp/B072J77FVC",
        "rating": "4.4",
        "totalReviews": "14381",
        "subtitle": "M3 Naturals",
        "isPrimeEligible": "1"
    },
    {
        "ASIN": "B000NWDSAE",
        "title": "Neutrogena Oil-Free Acne Face Scrub, 2% Salicylic Acid Acne Treatment Medicine, Daily Face Wash to help Prevent Breakouts, Oil Free Exfoliating Facial Cleanser for Acne-Prone Skin, 4.2 fl. oz",
        "price": "$7.98 ($1.89 / Fl Oz)",
        "listPrice": "$10.79 ($2.56 / Fl Oz)",
        "imageUrl": "https://m.media-amazon.com/images/I/41X+HuMzv9L._SL160_.jpg",
        "detailPageURL": "https://www.amazon.com/dp/B000NWDSAE",
        "rating": "4.6",
        "totalReviews": "10840",
        "subtitle": "Neutrogena",
        "isPrimeEligible": "1"
    },
    {
        "ASIN": "B08GNZJDM4",
        "title": "Bior\u00e9 Brightening Exfoliating Scrub, 3.5 Fluid Ounces, to Exfoliate and Even Skin Tone, for All Skin Types",
        "price": "$6.99 ($2.00 / Fl Oz)",
        "listPrice": "$8.49 ($2.43 / Fl Oz)",
        "imageUrl": "https://m.media-amazon.com/images/I/41+1iR3DxIL._SL160_.jpg",
        "detailPageURL": "https://www.amazon.com/dp/B08GNZJDM4",
        "rating": "4.4",
        "totalReviews": "2648",
        "subtitle": "Bior\u00e9",
        "isPrimeEligible": "1"
    },
    {
        "ASIN": "B00S7HYEKK",
        "title": "1UPcard Video Game Cartridge Cleaning Kit | 3 Pack of Cards with Cleaning Fluid | Compatible With Nintendo, Super NES, Sega Genesis, N64, Gameboy, Atari & More",
        "price": "$14.99",
        "listPrice": "",
        "imageUrl": "https://m.media-amazon.com/images/I/51gYojEB3kL._SL160_.jpg",
        "detailPageURL": "https://www.amazon.com/dp/B00S7HYEKK",
        "rating": "4.6",
        "totalReviews": "680",
        "subtitle": "1UPcard",
        "isPrimeEligible": "1"
    },
    {
        "ASIN": "B08KFSX1VB",
        "title": "WOW Skin Science Ubtan Foaming Exfoliating Face Wash Facial Cleanser- Face Wash for Oily Skin with Acne- Face Wash for Women & Men Exfoliating Facial Scrub Face Cleanser-Facial Skin Care Product",
        "price": "$13.88 ($4.11 / Fl Oz)",
        "listPrice": "",
        "imageUrl": "https://m.media-amazon.com/images/I/41vVYulXjbL._SL160_.jpg",
        "detailPageURL": "https://www.amazon.com/dp/B08KFSX1VB",
        "rating": "4.4",
        "totalReviews": "773",
        "subtitle": "WOW Skin Science",
        "isPrimeEligible": "0"
    },
    {
        "ASIN": "B08CVRZQ4N",
        "title": "Face Exfoliating Scrub Hyaluronic Acid & Sugar Face Wash - 5 Oz",
        "price": "$6.99 ($1.40 / Ounce)",
        "listPrice": "",
        "imageUrl": "https://m.media-amazon.com/images/I/41AwicfspoL._SL160_.jpg",
        "detailPageURL": "https://www.amazon.com/dp/B08CVRZQ4N",
        "rating": "4.4",
        "totalReviews": "51",
        "subtitle": "SpaScriptions",
        "isPrimeEligible": "1"
    },
    {
        "ASIN": "B09PJQWFF2",
        "title": "Every Man Jack Gentle Exfoliating Face Scrub For Men- Exfoliate Away Dead Skin, Moisturize, and Revive Tired Skin with Jojoba Beads, Hyaluronic Acid, and Caffeine - 4.2 oz Men\u2019s Face Scrub -Twin Pack",
        "price": "$14.94 ($1.78 / Fl Oz)",
        "listPrice": "",
        "imageUrl": "https://m.media-amazon.com/images/I/41EbtvuOJ3L._SL160_.jpg",
        "detailPageURL": "https://www.amazon.com/dp/B09PJQWFF2",
        "rating": "4.2",
        "totalReviews": "216",
        "subtitle": "Every Man Jack",
        "isPrimeEligible": "1"
    },
    {
        "ASIN": "B0B7Z4B6MV",
        "title": "KOL Face Scrubber, Coconut Infused Exfoliating Facial Cleansing Pads, Reusable Exfoliator Face Sponge for Daily Face Cleaning and Makeup Removal, 6 Count",
        "price": "$7.99 ($1.33 / Count)",
        "listPrice": "",
        "imageUrl": "https://m.media-amazon.com/images/I/31zqCGnLeXL._SL160_.jpg",
        "detailPageURL": "https://www.amazon.com/dp/B0B7Z4B6MV",
        "rating": "3.8",
        "totalReviews": "2525",
        "subtitle": "KOL",
        "isPrimeEligible": "1"
    },
    {
        "ASIN": "B074M9YL9C",
        "title": "L'Oreal Paris Pure Sugar Scrub Nourish and Soften, 1.7 oz.",
        "price": "$8.49 ($4.99 / Ounce)",
        "listPrice": "$9.99 ($5.88 / Ounce)",
        "imageUrl": "https://m.media-amazon.com/images/I/41xVqWBDmxL._SL160_.jpg",
        "detailPageURL": "https://www.amazon.com/dp/B074M9YL9C",
        "rating": "4.4",
        "totalReviews": "1922",
        "subtitle": "L\u2019Or\u00e9al Paris",
        "isPrimeEligible": "1"
    },
    {
        "ASIN": "B072J77FVC",
        "title": "Charcoal Exfoliating Face & Body Scrub Polish with Collagen & Stem Cell Gentle Body Exfoliator Bump Eraser Best Shower Scrub Skin Exfoliant Moisturize Skin Exfoliate Absorbs Nutrients by M3 Naturals",
        "price": "$19.91 ($1.66 / Fl Oz)",
        "listPrice": "$34.80 ($2.90 / Fl Oz)",
        "imageUrl": "https://m.media-amazon.com/images/I/61csmARDxLL._SL160_.jpg",
        "detailPageURL": "https://www.amazon.com/dp/B072J77FVC",
        "rating": "4.4",
        "totalReviews": "14381",
        "subtitle": "M3 Naturals",
        "isPrimeEligible": "1"
    },
    {
        "ASIN": "B000NWDSAE",
        "title": "Neutrogena Oil-Free Acne Face Scrub, 2% Salicylic Acid Acne Treatment Medicine, Daily Face Wash to help Prevent Breakouts, Oil Free Exfoliating Facial Cleanser for Acne-Prone Skin, 4.2 fl. oz",
        "price": "$7.98 ($1.89 / Fl Oz)",
        "listPrice": "$10.79 ($2.56 / Fl Oz)",
        "imageUrl": "https://m.media-amazon.com/images/I/41X+HuMzv9L._SL160_.jpg",
        "detailPageURL": "https://www.amazon.com/dp/B000NWDSAE",
        "rating": "4.6",
        "totalReviews": "10840",
        "subtitle": "Neutrogena",
        "isPrimeEligible": "1"
    },
    {
        "ASIN": "B08GNZJDM4",
        "title": "Bior\u00e9 Brightening Exfoliating Scrub, 3.5 Fluid Ounces, to Exfoliate and Even Skin Tone, for All Skin Types",
        "price": "$6.99 ($2.00 / Fl Oz)",
        "listPrice": "$8.49 ($2.43 / Fl Oz)",
        "imageUrl": "https://m.media-amazon.com/images/I/41+1iR3DxIL._SL160_.jpg",
        "detailPageURL": "https://www.amazon.com/dp/B08GNZJDM4",
        "rating": "4.4",
        "totalReviews": "2648",
        "subtitle": "Bior\u00e9",
        "isPrimeEligible": "1"
    },
    {
        "ASIN": "B00S7HYEKK",
        "title": "1UPcard Video Game Cartridge Cleaning Kit | 3 Pack of Cards with Cleaning Fluid | Compatible With Nintendo, Super NES, Sega Genesis, N64, Gameboy, Atari & More",
        "price": "$14.99",
        "listPrice": "",
        "imageUrl": "https://m.media-amazon.com/images/I/51gYojEB3kL._SL160_.jpg",
        "detailPageURL": "https://www.amazon.com/dp/B00S7HYEKK",
        "rating": "4.6",
        "totalReviews": "680",
        "subtitle": "1UPcard",
        "isPrimeEligible": "1"
    },
    {
        "ASIN": "B08KFSX1VB",
        "title": "WOW Skin Science Ubtan Foaming Exfoliating Face Wash Facial Cleanser- Face Wash for Oily Skin with Acne- Face Wash for Women & Men Exfoliating Facial Scrub Face Cleanser-Facial Skin Care Product",
        "price": "$13.88 ($4.11 / Fl Oz)",
        "listPrice": "",
        "imageUrl": "https://m.media-amazon.com/images/I/41vVYulXjbL._SL160_.jpg",
        "detailPageURL": "https://www.amazon.com/dp/B08KFSX1VB",
        "rating": "4.4",
        "totalReviews": "773",
        "subtitle": "WOW Skin Science",
        "isPrimeEligible": "0"
    },
    {
        "ASIN": "B08CVRZQ4N",
        "title": "Face Exfoliating Scrub Hyaluronic Acid & Sugar Face Wash - 5 Oz",
        "price": "$6.99 ($1.40 / Ounce)",
        "listPrice": "",
        "imageUrl": "https://m.media-amazon.com/images/I/41AwicfspoL._SL160_.jpg",
        "detailPageURL": "https://www.amazon.com/dp/B08CVRZQ4N",
        "rating": "4.4",
        "totalReviews": "51",
        "subtitle": "SpaScriptions",
        "isPrimeEligible": "1"
    },
    {
        "ASIN": "B09PJQWFF2",
        "title": "Every Man Jack Gentle Exfoliating Face Scrub For Men- Exfoliate Away Dead Skin, Moisturize, and Revive Tired Skin with Jojoba Beads, Hyaluronic Acid, and Caffeine - 4.2 oz Men\u2019s Face Scrub -Twin Pack",
        "price": "$14.94 ($1.78 / Fl Oz)",
        "listPrice": "",
        "imageUrl": "https://m.media-amazon.com/images/I/41EbtvuOJ3L._SL160_.jpg",
        "detailPageURL": "https://www.amazon.com/dp/B09PJQWFF2",
        "rating": "4.2",
        "totalReviews": "216",
        "subtitle": "Every Man Jack",
        "isPrimeEligible": "1"
    },
    {
        "ASIN": "B0C671WH73",
        "title": "Face Scrubber | Facial Cleansing Brush Exfoliator Skin Care Beauty Products Powered Electric Wash Exfoliating Skincare Women Spin Cleanser Tools Cleaning Scrub Washer Self Care (Simple Opal)",
        "price": "$6.99 ($6.99 / Count)",
        "listPrice": "",
        "imageUrl": "https://m.media-amazon.com/images/I/41yNFLSGMoL._SL160_.jpg",
        "detailPageURL": "https://www.amazon.com/dp/B0C671WH73",
        "rating": "4.1",
        "totalReviews": "4052",
        "subtitle": "VISOFO",
        "isPrimeEligible": "1"
    },
    {
        "ASIN": "B074M9YL9C",
        "title": "L'Oreal Paris Pure Sugar Scrub Nourish and Soften, 1.7 oz.",
        "price": "$8.49 ($4.99 / Ounce)",
        "listPrice": "$9.99 ($5.88 / Ounce)",
        "imageUrl": "https://m.media-amazon.com/images/I/41xVqWBDmxL._SL160_.jpg",
        "detailPageURL": "https://www.amazon.com/dp/B074M9YL9C",
        "rating": "4.4",
        "totalReviews": "1922",
        "subtitle": "L\u2019Or\u00e9al Paris",
        "isPrimeEligible": "1"
    },
    {
        "ASIN": "B072J77FVC",
        "title": "Charcoal Exfoliating Face & Body Scrub Polish with Collagen & Stem Cell Gentle Body Exfoliator Bump Eraser Best Shower Scrub Skin Exfoliant Moisturize Skin Exfoliate Absorbs Nutrients by M3 Naturals",
        "price": "$19.91 ($1.66 / Fl Oz)",
        "listPrice": "$34.80 ($2.90 / Fl Oz)",
        "imageUrl": "https://m.media-amazon.com/images/I/61csmARDxLL._SL160_.jpg",
        "detailPageURL": "https://www.amazon.com/dp/B072J77FVC",
        "rating": "4.4",
        "totalReviews": "14381",
        "subtitle": "M3 Naturals",
        "isPrimeEligible": "1"
    },
    {
        "ASIN": "B000NWDSAE",
        "title": "Neutrogena Oil-Free Acne Face Scrub, 2% Salicylic Acid Acne Treatment Medicine, Daily Face Wash to help Prevent Breakouts, Oil Free Exfoliating Facial Cleanser for Acne-Prone Skin, 4.2 fl. oz",
        "price": "$7.98 ($1.89 / Fl Oz)",
        "listPrice": "$10.79 ($2.56 / Fl Oz)",
        "imageUrl": "https://m.media-amazon.com/images/I/41X+HuMzv9L._SL160_.jpg",
        "detailPageURL": "https://www.amazon.com/dp/B000NWDSAE",
        "rating": "4.6",
        "totalReviews": "10840",
        "subtitle": "Neutrogena",
        "isPrimeEligible": "1"
    },
    {
        "ASIN": "B08GNZJDM4",
        "title": "Bior\u00e9 Brightening Exfoliating Scrub, 3.5 Fluid Ounces, to Exfoliate and Even Skin Tone, for All Skin Types",
        "price": "$6.99 ($2.00 / Fl Oz)",
        "listPrice": "$8.49 ($2.43 / Fl Oz)",
        "imageUrl": "https://m.media-amazon.com/images/I/41+1iR3DxIL._SL160_.jpg",
        "detailPageURL": "https://www.amazon.com/dp/B08GNZJDM4",
        "rating": "4.4",
        "totalReviews": "2648",
        "subtitle": "Bior\u00e9",
        "isPrimeEligible": "1"
    },
    {
        "ASIN": "B00S7HYEKK",
        "title": "1UPcard Video Game Cartridge Cleaning Kit | 3 Pack of Cards with Cleaning Fluid | Compatible With Nintendo, Super NES, Sega Genesis, N64, Gameboy, Atari & More",
        "price": "$14.99",
        "listPrice": "",
        "imageUrl": "https://m.media-amazon.com/images/I/51gYojEB3kL._SL160_.jpg",
        "detailPageURL": "https://www.amazon.com/dp/B00S7HYEKK",
        "rating": "4.6",
        "totalReviews": "680",
        "subtitle": "1UPcard",
        "isPrimeEligible": "1"
    },
    {
        "ASIN": "B08KFSX1VB",
        "title": "WOW Skin Science Ubtan Foaming Exfoliating Face Wash Facial Cleanser- Face Wash for Oily Skin with Acne- Face Wash for Women & Men Exfoliating Facial Scrub Face Cleanser-Facial Skin Care Product",
        "price": "$13.88 ($4.11 / Fl Oz)",
        "listPrice": "",
        "imageUrl": "https://m.media-amazon.com/images/I/41vVYulXjbL._SL160_.jpg",
        "detailPageURL": "https://www.amazon.com/dp/B08KFSX1VB",
        "rating": "4.4",
        "totalReviews": "773",
        "subtitle": "WOW Skin Science",
        "isPrimeEligible": "0"
    },
    {
        "ASIN": "B08CVRZQ4N",
        "title": "Face Exfoliating Scrub Hyaluronic Acid & Sugar Face Wash - 5 Oz",
        "price": "$6.99 ($1.40 / Ounce)",
        "listPrice": "",
        "imageUrl": "https://m.media-amazon.com/images/I/41AwicfspoL._SL160_.jpg",
        "detailPageURL": "https://www.amazon.com/dp/B08CVRZQ4N",
        "rating": "4.4",
        "totalReviews": "51",
        "subtitle": "SpaScriptions",
        "isPrimeEligible": "1"
    },
    {
        "ASIN": "B09PJQWFF2",
        "title": "Every Man Jack Gentle Exfoliating Face Scrub For Men- Exfoliate Away Dead Skin, Moisturize, and Revive Tired Skin with Jojoba Beads, Hyaluronic Acid, and Caffeine - 4.2 oz Men\u2019s Face Scrub -Twin Pack",
        "price": "$14.94 ($1.78 / Fl Oz)",
        "listPrice": "",
        "imageUrl": "https://m.media-amazon.com/images/I/41EbtvuOJ3L._SL160_.jpg",
        "detailPageURL": "https://www.amazon.com/dp/B09PJQWFF2",
        "rating": "4.2",
        "totalReviews": "216",
        "subtitle": "Every Man Jack",
        "isPrimeEligible": "1"
    },
    {
        "ASIN": "B0C671WH73",
        "title": "Face Scrubber | Facial Cleansing Brush Exfoliator Skin Care Beauty Products Powered Electric Wash Exfoliating Skincare Women Spin Cleanser Tools Cleaning Scrub Washer Self Care (Simple Opal)",
        "price": "$6.99 ($6.99 / Count)",
        "listPrice": "",
        "imageUrl": "https://m.media-amazon.com/images/I/41yNFLSGMoL._SL160_.jpg",
        "detailPageURL": "https://www.amazon.com/dp/B0C671WH73",
        "rating": "4.1",
        "totalReviews": "4052",
        "subtitle": "VISOFO",
        "isPrimeEligible": "1"
    },
    {
        "ASIN": "B076DSRB6B",
        "title": "Himalayan Salt Scrub Face Foot & Body Exfoliator Infused with Collagen and Stem Cell Natural Exfoliating Salt Body Scrub for Toning Skin Cellulite Skin Care Body Exfoliant by M3 Naturals",
        "price": "$19.72 ($1.64 / Ounce)",
        "listPrice": "$34.81 ($2.90 / Ounce)",
        "imageUrl": "https://m.media-amazon.com/images/I/51yR4rNBCcL._SL160_.jpg",
        "detailPageURL": "https://www.amazon.com/dp/B076DSRB6B",
        "rating": "4.4",
        "totalReviews": "25041",
        "subtitle": "M3 Naturals",
        "isPrimeEligible": "1"
    },
    {
        "ASIN": "B072J77FVC",
        "title": "Charcoal Exfoliating Face & Body Scrub Polish with Collagen & Stem Cell Gentle Body Exfoliator Bump Eraser Best Shower Scrub Skin Exfoliant Moisturize Skin Exfoliate Absorbs Nutrients by M3 Naturals",
        "price": "$19.91 ($1.66 / Fl Oz)",
        "listPrice": "$34.80 ($2.90 / Fl Oz)",
        "imageUrl": "https://m.media-amazon.com/images/I/61csmARDxLL._SL160_.jpg",
        "detailPageURL": "https://www.amazon.com/dp/B072J77FVC",
        "rating": "4.4",
        "totalReviews": "14381",
        "subtitle": "M3 Naturals",
        "isPrimeEligible": "1"
    },
    {
        "ASIN": "B000NWDSAE",
        "title": "Neutrogena Oil-Free Acne Face Scrub, 2% Salicylic Acid Acne Treatment Medicine, Daily Face Wash to help Prevent Breakouts, Oil Free Exfoliating Facial Cleanser for Acne-Prone Skin, 4.2 fl. oz",
        "price": "$7.98 ($1.89 / Fl Oz)",
        "listPrice": "$10.79 ($2.56 / Fl Oz)",
        "imageUrl": "https://m.media-amazon.com/images/I/41X+HuMzv9L._SL160_.jpg",
        "detailPageURL": "https://www.amazon.com/dp/B000NWDSAE",
        "rating": "4.6",
        "totalReviews": "10840",
        "subtitle": "Neutrogena",
        "isPrimeEligible": "1"
    },
    {
        "ASIN": "B08GNZJDM4",
        "title": "Bior\u00e9 Brightening Exfoliating Scrub, 3.5 Fluid Ounces, to Exfoliate and Even Skin Tone, for All Skin Types",
        "price": "$6.99 ($2.00 / Fl Oz)",
        "listPrice": "$8.49 ($2.43 / Fl Oz)",
        "imageUrl": "https://m.media-amazon.com/images/I/41+1iR3DxIL._SL160_.jpg",
        "detailPageURL": "https://www.amazon.com/dp/B08GNZJDM4",
        "rating": "4.4",
        "totalReviews": "2648",
        "subtitle": "Bior\u00e9",
        "isPrimeEligible": "1"
    },
    {
        "ASIN": "B00S7HYEKK",
        "title": "1UPcard Video Game Cartridge Cleaning Kit | 3 Pack of Cards with Cleaning Fluid | Compatible With Nintendo, Super NES, Sega Genesis, N64, Gameboy, Atari & More",
        "price": "$14.99",
        "listPrice": "",
        "imageUrl": "https://m.media-amazon.com/images/I/51gYojEB3kL._SL160_.jpg",
        "detailPageURL": "https://www.amazon.com/dp/B00S7HYEKK",
        "rating": "4.6",
        "totalReviews": "680",
        "subtitle": "1UPcard",
        "isPrimeEligible": "1"
    },
    {
        "ASIN": "B08KFSX1VB",
        "title": "WOW Skin Science Ubtan Foaming Exfoliating Face Wash Facial Cleanser- Face Wash for Oily Skin with Acne- Face Wash for Women & Men Exfoliating Facial Scrub Face Cleanser-Facial Skin Care Product",
        "price": "$13.88 ($4.11 / Fl Oz)",
        "listPrice": "",
        "imageUrl": "https://m.media-amazon.com/images/I/41vVYulXjbL._SL160_.jpg",
        "detailPageURL": "https://www.amazon.com/dp/B08KFSX1VB",
        "rating": "4.4",
        "totalReviews": "773",
        "subtitle": "WOW Skin Science",
        "isPrimeEligible": "0"
    },
    {
        "ASIN": "B08CVRZQ4N",
        "title": "Face Exfoliating Scrub Hyaluronic Acid & Sugar Face Wash - 5 Oz",
        "price": "$6.99 ($1.40 / Ounce)",
        "listPrice": "",
        "imageUrl": "https://m.media-amazon.com/images/I/41AwicfspoL._SL160_.jpg",
        "detailPageURL": "https://www.amazon.com/dp/B08CVRZQ4N",
        "rating": "4.4",
        "totalReviews": "51",
        "subtitle": "SpaScriptions",
        "isPrimeEligible": "1"
    },
    {
        "ASIN": "B09PJQWFF2",
        "title": "Every Man Jack Gentle Exfoliating Face Scrub For Men- Exfoliate Away Dead Skin, Moisturize, and Revive Tired Skin with Jojoba Beads, Hyaluronic Acid, and Caffeine - 4.2 oz Men\u2019s Face Scrub -Twin Pack",
        "price": "$14.94 ($1.78 / Fl Oz)",
        "listPrice": "",
        "imageUrl": "https://m.media-amazon.com/images/I/41EbtvuOJ3L._SL160_.jpg",
        "detailPageURL": "https://www.amazon.com/dp/B09PJQWFF2",
        "rating": "4.2",
        "totalReviews": "216",
        "subtitle": "Every Man Jack",
        "isPrimeEligible": "1"
    },
    {
        "ASIN": "B0C671WH73",
        "title": "Face Scrubber | Facial Cleansing Brush Exfoliator Skin Care Beauty Products Powered Electric Wash Exfoliating Skincare Women Spin Cleanser Tools Cleaning Scrub Washer Self Care (Simple Opal)",
        "price": "$6.99 ($6.99 / Count)",
        "listPrice": "",
        "imageUrl": "https://m.media-amazon.com/images/I/41yNFLSGMoL._SL160_.jpg",
        "detailPageURL": "https://www.amazon.com/dp/B0C671WH73",
        "rating": "4.1",
        "totalReviews": "4052",
        "subtitle": "VISOFO",
        "isPrimeEligible": "1"
    },
    {
        "ASIN": "B076DSRB6B",
        "title": "Himalayan Salt Scrub Face Foot & Body Exfoliator Infused with Collagen and Stem Cell Natural Exfoliating Salt Body Scrub for Toning Skin Cellulite Skin Care Body Exfoliant by M3 Naturals",
        "price": "$19.72 ($1.64 / Ounce)",
        "listPrice": "$34.81 ($2.90 / Ounce)",
        "imageUrl": "https://m.media-amazon.com/images/I/51yR4rNBCcL._SL160_.jpg",
        "detailPageURL": "https://www.amazon.com/dp/B076DSRB6B",
        "rating": "4.4",
        "totalReviews": "25041",
        "subtitle": "M3 Naturals",
        "isPrimeEligible": "1"
    },
    {
        "ASIN": "B002MZ4V7O",
        "title": "Neutrogena Oil-Free Acne Stress Control Power-Clear Facial Scrub, 2% Salicylic Acid Acne Treatment Medication, Exfoliating Daily Acne Face Scrub for Acne-Prone Skin Care, 4.2 fl. oz",
        "price": "$8.42 ($2.00 / Fl Oz)",
        "listPrice": "$11.79 ($2.81 / Fl Oz)",
        "imageUrl": "https://m.media-amazon.com/images/I/41Dc6tplJuL._SL160_.jpg",
        "detailPageURL": "https://www.amazon.com/dp/B002MZ4V7O",
        "rating": "4.6",
        "totalReviews": "5840",
        "subtitle": "Neutrogena",
        "isPrimeEligible": "1"
    },
    {
        "ASIN": "B000NWDSAE",
        "title": "Neutrogena Oil-Free Acne Face Scrub, 2% Salicylic Acid Acne Treatment Medicine, Daily Face Wash to help Prevent Breakouts, Oil Free Exfoliating Facial Cleanser for Acne-Prone Skin, 4.2 fl. oz",
        "price": "$7.98 ($1.89 / Fl Oz)",
        "listPrice": "$10.79 ($2.56 / Fl Oz)",
        "imageUrl": "https://m.media-amazon.com/images/I/41X+HuMzv9L._SL160_.jpg",
        "detailPageURL": "https://www.amazon.com/dp/B000NWDSAE",
        "rating": "4.6",
        "totalReviews": "10840",
        "subtitle": "Neutrogena",
        "isPrimeEligible": "1"
    },
    {
        "ASIN": "B08GNZJDM4",
        "title": "Bior\u00e9 Brightening Exfoliating Scrub, 3.5 Fluid Ounces, to Exfoliate and Even Skin Tone, for All Skin Types",
        "price": "$6.99 ($2.00 / Fl Oz)",
        "listPrice": "$8.49 ($2.43 / Fl Oz)",
        "imageUrl": "https://m.media-amazon.com/images/I/41+1iR3DxIL._SL160_.jpg",
        "detailPageURL": "https://www.amazon.com/dp/B08GNZJDM4",
        "rating": "4.4",
        "totalReviews": "2648",
        "subtitle": "Bior\u00e9",
        "isPrimeEligible": "1"
    },
    {
        "ASIN": "B00S7HYEKK",
        "title": "1UPcard Video Game Cartridge Cleaning Kit | 3 Pack of Cards with Cleaning Fluid | Compatible With Nintendo, Super NES, Sega Genesis, N64, Gameboy, Atari & More",
        "price": "$14.99",
        "listPrice": "",
        "imageUrl": "https://m.media-amazon.com/images/I/51gYojEB3kL._SL160_.jpg",
        "detailPageURL": "https://www.amazon.com/dp/B00S7HYEKK",
        "rating": "4.6",
        "totalReviews": "680",
        "subtitle": "1UPcard",
        "isPrimeEligible": "1"
    },
    {
        "ASIN": "B08KFSX1VB",
        "title": "WOW Skin Science Ubtan Foaming Exfoliating Face Wash Facial Cleanser- Face Wash for Oily Skin with Acne- Face Wash for Women & Men Exfoliating Facial Scrub Face Cleanser-Facial Skin Care Product",
        "price": "$13.88 ($4.11 / Fl Oz)",
        "listPrice": "",
        "imageUrl": "https://m.media-amazon.com/images/I/41vVYulXjbL._SL160_.jpg",
        "detailPageURL": "https://www.amazon.com/dp/B08KFSX1VB",
        "rating": "4.4",
        "totalReviews": "773",
        "subtitle": "WOW Skin Science",
        "isPrimeEligible": "0"
    },
    {
        "ASIN": "B08CVRZQ4N",
        "title": "Face Exfoliating Scrub Hyaluronic Acid & Sugar Face Wash - 5 Oz",
        "price": "$6.99 ($1.40 / Ounce)",
        "listPrice": "",
        "imageUrl": "https://m.media-amazon.com/images/I/41AwicfspoL._SL160_.jpg",
        "detailPageURL": "https://www.amazon.com/dp/B08CVRZQ4N",
        "rating": "4.4",
        "totalReviews": "51",
        "subtitle": "SpaScriptions",
        "isPrimeEligible": "1"
    },
    {
        "ASIN": "B09PJQWFF2",
        "title": "Every Man Jack Gentle Exfoliating Face Scrub For Men- Exfoliate Away Dead Skin, Moisturize, and Revive Tired Skin with Jojoba Beads, Hyaluronic Acid, and Caffeine - 4.2 oz Men\u2019s Face Scrub -Twin Pack",
        "price": "$14.94 ($1.78 / Fl Oz)",
        "listPrice": "",
        "imageUrl": "https://m.media-amazon.com/images/I/41EbtvuOJ3L._SL160_.jpg",
        "detailPageURL": "https://www.amazon.com/dp/B09PJQWFF2",
        "rating": "4.2",
        "totalReviews": "216",
        "subtitle": "Every Man Jack",
        "isPrimeEligible": "1"
    },
    {
        "ASIN": "B0C671WH73",
        "title": "Face Scrubber | Facial Cleansing Brush Exfoliator Skin Care Beauty Products Powered Electric Wash Exfoliating Skincare Women Spin Cleanser Tools Cleaning Scrub Washer Self Care (Simple Opal)",
        "price": "$6.99 ($6.99 / Count)",
        "listPrice": "",
        "imageUrl": "https://m.media-amazon.com/images/I/41yNFLSGMoL._SL160_.jpg",
        "detailPageURL": "https://www.amazon.com/dp/B0C671WH73",
        "rating": "4.1",
        "totalReviews": "4052",
        "subtitle": "VISOFO",
        "isPrimeEligible": "1"
    },
    {
        "ASIN": "B076DSRB6B",
        "title": "Himalayan Salt Scrub Face Foot & Body Exfoliator Infused with Collagen and Stem Cell Natural Exfoliating Salt Body Scrub for Toning Skin Cellulite Skin Care Body Exfoliant by M3 Naturals",
        "price": "$19.72 ($1.64 / Ounce)",
        "listPrice": "$34.81 ($2.90 / Ounce)",
        "imageUrl": "https://m.media-amazon.com/images/I/51yR4rNBCcL._SL160_.jpg",
        "detailPageURL": "https://www.amazon.com/dp/B076DSRB6B",
        "rating": "4.4",
        "totalReviews": "25041",
        "subtitle": "M3 Naturals",
        "isPrimeEligible": "1"
    },
    {
        "ASIN": "B002MZ4V7O",
        "title": "Neutrogena Oil-Free Acne Stress Control Power-Clear Facial Scrub, 2% Salicylic Acid Acne Treatment Medication, Exfoliating Daily Acne Face Scrub for Acne-Prone Skin Care, 4.2 fl. oz",
        "price": "$8.42 ($2.00 / Fl Oz)",
        "listPrice": "$11.79 ($2.81 / Fl Oz)",
        "imageUrl": "https://m.media-amazon.com/images/I/41Dc6tplJuL._SL160_.jpg",
        "detailPageURL": "https://www.amazon.com/dp/B002MZ4V7O",
        "rating": "4.6",
        "totalReviews": "5840",
        "subtitle": "Neutrogena",
        "isPrimeEligible": "1"
    },
    {
        "ASIN": "B01LTI0948",
        "title": "Olay Total Effects Citrus Facial Cleanser and Scrub, 5 Fl Oz (Pack of 3)",
        "price": "$22.44 ($1.50 / Fl Oz)",
        "listPrice": "",
        "imageUrl": "https://m.media-amazon.com/images/I/51kXaXeBJCL._SL160_.jpg",
        "detailPageURL": "https://www.amazon.com/dp/B01LTI0948",
        "rating": "4.7",
        "totalReviews": "1770",
        "subtitle": "Olay",
        "isPrimeEligible": "1"
    },
    {
        "ASIN": "B08GNZJDM4",
        "title": "Bior\u00e9 Brightening Exfoliating Scrub, 3.5 Fluid Ounces, to Exfoliate and Even Skin Tone, for All Skin Types",
        "price": "$6.99 ($2.00 / Fl Oz)",
        "listPrice": "$8.49 ($2.43 / Fl Oz)",
        "imageUrl": "https://m.media-amazon.com/images/I/41+1iR3DxIL._SL160_.jpg",
        "detailPageURL": "https://www.amazon.com/dp/B08GNZJDM4",
        "rating": "4.4",
        "totalReviews": "2648",
        "subtitle": "Bior\u00e9",
        "isPrimeEligible": "1"
    },
    {
        "ASIN": "B00S7HYEKK",
        "title": "1UPcard Video Game Cartridge Cleaning Kit | 3 Pack of Cards with Cleaning Fluid | Compatible With Nintendo, Super NES, Sega Genesis, N64, Gameboy, Atari & More",
        "price": "$14.99",
        "listPrice": "",
        "imageUrl": "https://m.media-amazon.com/images/I/51gYojEB3kL._SL160_.jpg",
        "detailPageURL": "https://www.amazon.com/dp/B00S7HYEKK",
        "rating": "4.6",
        "totalReviews": "680",
        "subtitle": "1UPcard",
        "isPrimeEligible": "1"
    },
    {
        "ASIN": "B08KFSX1VB",
        "title": "WOW Skin Science Ubtan Foaming Exfoliating Face Wash Facial Cleanser- Face Wash for Oily Skin with Acne- Face Wash for Women & Men Exfoliating Facial Scrub Face Cleanser-Facial Skin Care Product",
        "price": "$13.88 ($4.11 / Fl Oz)",
        "listPrice": "",
        "imageUrl": "https://m.media-amazon.com/images/I/41vVYulXjbL._SL160_.jpg",
        "detailPageURL": "https://www.amazon.com/dp/B08KFSX1VB",
        "rating": "4.4",
        "totalReviews": "773",
        "subtitle": "WOW Skin Science",
        "isPrimeEligible": "0"
    },
    {
        "ASIN": "B08CVRZQ4N",
        "title": "Face Exfoliating Scrub Hyaluronic Acid & Sugar Face Wash - 5 Oz",
        "price": "$6.99 ($1.40 / Ounce)",
        "listPrice": "",
        "imageUrl": "https://m.media-amazon.com/images/I/41AwicfspoL._SL160_.jpg",
        "detailPageURL": "https://www.amazon.com/dp/B08CVRZQ4N",
        "rating": "4.4",
        "totalReviews": "51",
        "subtitle": "SpaScriptions",
        "isPrimeEligible": "1"
    },
    {
        "ASIN": "B09PJQWFF2",
        "title": "Every Man Jack Gentle Exfoliating Face Scrub For Men- Exfoliate Away Dead Skin, Moisturize, and Revive Tired Skin with Jojoba Beads, Hyaluronic Acid, and Caffeine - 4.2 oz Men\u2019s Face Scrub -Twin Pack",
        "price": "$14.94 ($1.78 / Fl Oz)",
        "listPrice": "",
        "imageUrl": "https://m.media-amazon.com/images/I/41EbtvuOJ3L._SL160_.jpg",
        "detailPageURL": "https://www.amazon.com/dp/B09PJQWFF2",
        "rating": "4.2",
        "totalReviews": "216",
        "subtitle": "Every Man Jack",
        "isPrimeEligible": "1"
    },
    {
        "ASIN": "B0C671WH73",
        "title": "Face Scrubber | Facial Cleansing Brush Exfoliator Skin Care Beauty Products Powered Electric Wash Exfoliating Skincare Women Spin Cleanser Tools Cleaning Scrub Washer Self Care (Simple Opal)",
        "price": "$6.99 ($6.99 / Count)",
        "listPrice": "",
        "imageUrl": "https://m.media-amazon.com/images/I/41yNFLSGMoL._SL160_.jpg",
        "detailPageURL": "https://www.amazon.com/dp/B0C671WH73",
        "rating": "4.1",
        "totalReviews": "4052",
        "subtitle": "VISOFO",
        "isPrimeEligible": "1"
    },
    {
        "ASIN": "B076DSRB6B",
        "title": "Himalayan Salt Scrub Face Foot & Body Exfoliator Infused with Collagen and Stem Cell Natural Exfoliating Salt Body Scrub for Toning Skin Cellulite Skin Care Body Exfoliant by M3 Naturals",
        "price": "$19.72 ($1.64 / Ounce)",
        "listPrice": "$34.81 ($2.90 / Ounce)",
        "imageUrl": "https://m.media-amazon.com/images/I/51yR4rNBCcL._SL160_.jpg",
        "detailPageURL": "https://www.amazon.com/dp/B076DSRB6B",
        "rating": "4.4",
        "totalReviews": "25041",
        "subtitle": "M3 Naturals",
        "isPrimeEligible": "1"
    },
    {
        "ASIN": "B002MZ4V7O",
        "title": "Neutrogena Oil-Free Acne Stress Control Power-Clear Facial Scrub, 2% Salicylic Acid Acne Treatment Medication, Exfoliating Daily Acne Face Scrub for Acne-Prone Skin Care, 4.2 fl. oz",
        "price": "$8.42 ($2.00 / Fl Oz)",
        "listPrice": "$11.79 ($2.81 / Fl Oz)",
        "imageUrl": "https://m.media-amazon.com/images/I/41Dc6tplJuL._SL160_.jpg",
        "detailPageURL": "https://www.amazon.com/dp/B002MZ4V7O",
        "rating": "4.6",
        "totalReviews": "5840",
        "subtitle": "Neutrogena",
        "isPrimeEligible": "1"
    },
    {
        "ASIN": "B01LTI0948",
        "title": "Olay Total Effects Citrus Facial Cleanser and Scrub, 5 Fl Oz (Pack of 3)",
        "price": "$22.44 ($1.50 / Fl Oz)",
        "listPrice": "",
        "imageUrl": "https://m.media-amazon.com/images/I/51kXaXeBJCL._SL160_.jpg",
        "detailPageURL": "https://www.amazon.com/dp/B01LTI0948",
        "rating": "4.7",
        "totalReviews": "1770",
        "subtitle": "Olay",
        "isPrimeEligible": "1"
    },
    {
        "ASIN": "B0CBPWV4G3",
        "title": "Facial Scrub Aloe Vera Face Scrub,Brightening Facial Exfoliating Scrub, Exfoliating Face Wash, Facial Scrubs for Women, Deep Cleansing Facial Exfoliator, Face Scrub Exfoliating for Blackhead, Dark Spots, Facial Cleanser for Acne 3.53 Oz",
        "price": "$12.95 ($3.67 / Ounce)",
        "listPrice": "",
        "imageUrl": "https://m.media-amazon.com/images/I/510zgGx+jsL._SL160_.jpg",
        "detailPageURL": "https://www.amazon.com/dp/B0CBPWV4G3",
        "rating": "",
        "totalReviews": "",
        "subtitle": "IREV",
        "isPrimeEligible": "1"
    },
    {
        "ASIN": "B00S7HYEKK",
        "title": "1UPcard Video Game Cartridge Cleaning Kit | 3 Pack of Cards with Cleaning Fluid | Compatible With Nintendo, Super NES, Sega Genesis, N64, Gameboy, Atari & More",
        "price": "$14.99",
        "listPrice": "",
        "imageUrl": "https://m.media-amazon.com/images/I/51gYojEB3kL._SL160_.jpg",
        "detailPageURL": "https://www.amazon.com/dp/B00S7HYEKK",
        "rating": "4.6",
        "totalReviews": "680",
        "subtitle": "1UPcard",
        "isPrimeEligible": "1"
    },
    {
        "ASIN": "B08KFSX1VB",
        "title": "WOW Skin Science Ubtan Foaming Exfoliating Face Wash Facial Cleanser- Face Wash for Oily Skin with Acne- Face Wash for Women & Men Exfoliating Facial Scrub Face Cleanser-Facial Skin Care Product",
        "price": "$13.88 ($4.11 / Fl Oz)",
        "listPrice": "",
        "imageUrl": "https://m.media-amazon.com/images/I/41vVYulXjbL._SL160_.jpg",
        "detailPageURL": "https://www.amazon.com/dp/B08KFSX1VB",
        "rating": "4.4",
        "totalReviews": "773",
        "subtitle": "WOW Skin Science",
        "isPrimeEligible": "0"
    },
    {
        "ASIN": "B08CVRZQ4N",
        "title": "Face Exfoliating Scrub Hyaluronic Acid & Sugar Face Wash - 5 Oz",
        "price": "$6.99 ($1.40 / Ounce)",
        "listPrice": "",
        "imageUrl": "https://m.media-amazon.com/images/I/41AwicfspoL._SL160_.jpg",
        "detailPageURL": "https://www.amazon.com/dp/B08CVRZQ4N",
        "rating": "4.4",
        "totalReviews": "51",
        "subtitle": "SpaScriptions",
        "isPrimeEligible": "1"
    },
    {
        "ASIN": "B09PJQWFF2",
        "title": "Every Man Jack Gentle Exfoliating Face Scrub For Men- Exfoliate Away Dead Skin, Moisturize, and Revive Tired Skin with Jojoba Beads, Hyaluronic Acid, and Caffeine - 4.2 oz Men\u2019s Face Scrub -Twin Pack",
        "price": "$14.94 ($1.78 / Fl Oz)",
        "listPrice": "",
        "imageUrl": "https://m.media-amazon.com/images/I/41EbtvuOJ3L._SL160_.jpg",
        "detailPageURL": "https://www.amazon.com/dp/B09PJQWFF2",
        "rating": "4.2",
        "totalReviews": "216",
        "subtitle": "Every Man Jack",
        "isPrimeEligible": "1"
    },
    {
        "ASIN": "B0C671WH73",
        "title": "Face Scrubber | Facial Cleansing Brush Exfoliator Skin Care Beauty Products Powered Electric Wash Exfoliating Skincare Women Spin Cleanser Tools Cleaning Scrub Washer Self Care (Simple Opal)",
        "price": "$6.99 ($6.99 / Count)",
        "listPrice": "",
        "imageUrl": "https://m.media-amazon.com/images/I/41yNFLSGMoL._SL160_.jpg",
        "detailPageURL": "https://www.amazon.com/dp/B0C671WH73",
        "rating": "4.1",
        "totalReviews": "4052",
        "subtitle": "VISOFO",
        "isPrimeEligible": "1"
    },
    {
        "ASIN": "B076DSRB6B",
        "title": "Himalayan Salt Scrub Face Foot & Body Exfoliator Infused with Collagen and Stem Cell Natural Exfoliating Salt Body Scrub for Toning Skin Cellulite Skin Care Body Exfoliant by M3 Naturals",
        "price": "$19.72 ($1.64 / Ounce)",
        "listPrice": "$34.81 ($2.90 / Ounce)",
        "imageUrl": "https://m.media-amazon.com/images/I/51yR4rNBCcL._SL160_.jpg",
        "detailPageURL": "https://www.amazon.com/dp/B076DSRB6B",
        "rating": "4.4",
        "totalReviews": "25041",
        "subtitle": "M3 Naturals",
        "isPrimeEligible": "1"
    },
    {
        "ASIN": "B002MZ4V7O",
        "title": "Neutrogena Oil-Free Acne Stress Control Power-Clear Facial Scrub, 2% Salicylic Acid Acne Treatment Medication, Exfoliating Daily Acne Face Scrub for Acne-Prone Skin Care, 4.2 fl. oz",
        "price": "$8.42 ($2.00 / Fl Oz)",
        "listPrice": "$11.79 ($2.81 / Fl Oz)",
        "imageUrl": "https://m.media-amazon.com/images/I/41Dc6tplJuL._SL160_.jpg",
        "detailPageURL": "https://www.amazon.com/dp/B002MZ4V7O",
        "rating": "4.6",
        "totalReviews": "5840",
        "subtitle": "Neutrogena",
        "isPrimeEligible": "1"
    },
    {
        "ASIN": "B01LTI0948",
        "title": "Olay Total Effects Citrus Facial Cleanser and Scrub, 5 Fl Oz (Pack of 3)",
        "price": "$22.44 ($1.50 / Fl Oz)",
        "listPrice": "",
        "imageUrl": "https://m.media-amazon.com/images/I/51kXaXeBJCL._SL160_.jpg",
        "detailPageURL": "https://www.amazon.com/dp/B01LTI0948",
        "rating": "4.7",
        "totalReviews": "1770",
        "subtitle": "Olay",
        "isPrimeEligible": "1"
    },
    {
        "ASIN": "B0CBPWV4G3",
        "title": "Facial Scrub Aloe Vera Face Scrub,Brightening Facial Exfoliating Scrub, Exfoliating Face Wash, Facial Scrubs for Women, Deep Cleansing Facial Exfoliator, Face Scrub Exfoliating for Blackhead, Dark Spots, Facial Cleanser for Acne 3.53 Oz",
        "price": "$12.95 ($3.67 / Ounce)",
        "listPrice": "",
        "imageUrl": "https://m.media-amazon.com/images/I/510zgGx+jsL._SL160_.jpg",
        "detailPageURL": "https://www.amazon.com/dp/B0CBPWV4G3",
        "rating": "",
        "totalReviews": "",
        "subtitle": "IREV",
        "isPrimeEligible": "1"
    },
    {
        "ASIN": "B08TM4QBDT",
        "title": "Himalayan Salt Body Scrub with Collagen and Stem Cells - Natural Exfoliating Salt Scrub & Body and Face Souffle helps with Moisturizing Skin, Acne, Cellulite, Dead Skin Scars, Wrinkles (11 oz)",
        "price": "$13.89 ($1.26 / Ounce)",
        "listPrice": "$24.95 ($2.27 / Ounce)",
        "imageUrl": "https://m.media-amazon.com/images/I/51ToKkQ3fMS._SL160_.jpg",
        "detailPageURL": "https://www.amazon.com/dp/B08TM4QBDT",
        "rating": "4.3",
        "totalReviews": "6825",
        "subtitle": "First Botany",
        "isPrimeEligible": "1"
    },
    {
        "ASIN": "B08KFSX1VB",
        "title": "WOW Skin Science Ubtan Foaming Exfoliating Face Wash Facial Cleanser- Face Wash for Oily Skin with Acne- Face Wash for Women & Men Exfoliating Facial Scrub Face Cleanser-Facial Skin Care Product",
        "price": "$13.88 ($4.11 / Fl Oz)",
        "listPrice": "",
        "imageUrl": "https://m.media-amazon.com/images/I/41vVYulXjbL._SL160_.jpg",
        "detailPageURL": "https://www.amazon.com/dp/B08KFSX1VB",
        "rating": "4.4",
        "totalReviews": "773",
        "subtitle": "WOW Skin Science",
        "isPrimeEligible": "0"
    },
    {
        "ASIN": "B08CVRZQ4N",
        "title": "Face Exfoliating Scrub Hyaluronic Acid & Sugar Face Wash - 5 Oz",
        "price": "$6.99 ($1.40 / Ounce)",
        "listPrice": "",
        "imageUrl": "https://m.media-amazon.com/images/I/41AwicfspoL._SL160_.jpg",
        "detailPageURL": "https://www.amazon.com/dp/B08CVRZQ4N",
        "rating": "4.4",
        "totalReviews": "51",
        "subtitle": "SpaScriptions",
        "isPrimeEligible": "1"
    },
    {
        "ASIN": "B09PJQWFF2",
        "title": "Every Man Jack Gentle Exfoliating Face Scrub For Men- Exfoliate Away Dead Skin, Moisturize, and Revive Tired Skin with Jojoba Beads, Hyaluronic Acid, and Caffeine - 4.2 oz Men\u2019s Face Scrub -Twin Pack",
        "price": "$14.94 ($1.78 / Fl Oz)",
        "listPrice": "",
        "imageUrl": "https://m.media-amazon.com/images/I/41EbtvuOJ3L._SL160_.jpg",
        "detailPageURL": "https://www.amazon.com/dp/B09PJQWFF2",
        "rating": "4.2",
        "totalReviews": "216",
        "subtitle": "Every Man Jack",
        "isPrimeEligible": "1"
    },
    {
        "ASIN": "B0C671WH73",
        "title": "Face Scrubber | Facial Cleansing Brush Exfoliator Skin Care Beauty Products Powered Electric Wash Exfoliating Skincare Women Spin Cleanser Tools Cleaning Scrub Washer Self Care (Simple Opal)",
        "price": "$6.99 ($6.99 / Count)",
        "listPrice": "",
        "imageUrl": "https://m.media-amazon.com/images/I/41yNFLSGMoL._SL160_.jpg",
        "detailPageURL": "https://www.amazon.com/dp/B0C671WH73",
        "rating": "4.1",
        "totalReviews": "4052",
        "subtitle": "VISOFO",
        "isPrimeEligible": "1"
    },
    {
        "ASIN": "B076DSRB6B",
        "title": "Himalayan Salt Scrub Face Foot & Body Exfoliator Infused with Collagen and Stem Cell Natural Exfoliating Salt Body Scrub for Toning Skin Cellulite Skin Care Body Exfoliant by M3 Naturals",
        "price": "$19.72 ($1.64 / Ounce)",
        "listPrice": "$34.81 ($2.90 / Ounce)",
        "imageUrl": "https://m.media-amazon.com/images/I/51yR4rNBCcL._SL160_.jpg",
        "detailPageURL": "https://www.amazon.com/dp/B076DSRB6B",
        "rating": "4.4",
        "totalReviews": "25041",
        "subtitle": "M3 Naturals",
        "isPrimeEligible": "1"
    },
    {
        "ASIN": "B002MZ4V7O",
        "title": "Neutrogena Oil-Free Acne Stress Control Power-Clear Facial Scrub, 2% Salicylic Acid Acne Treatment Medication, Exfoliating Daily Acne Face Scrub for Acne-Prone Skin Care, 4.2 fl. oz",
        "price": "$8.42 ($2.00 / Fl Oz)",
        "listPrice": "$11.79 ($2.81 / Fl Oz)",
        "imageUrl": "https://m.media-amazon.com/images/I/41Dc6tplJuL._SL160_.jpg",
        "detailPageURL": "https://www.amazon.com/dp/B002MZ4V7O",
        "rating": "4.6",
        "totalReviews": "5840",
        "subtitle": "Neutrogena",
        "isPrimeEligible": "1"
    },
    {
        "ASIN": "B01LTI0948",
        "title": "Olay Total Effects Citrus Facial Cleanser and Scrub, 5 Fl Oz (Pack of 3)",
        "price": "$22.44 ($1.50 / Fl Oz)",
        "listPrice": "",
        "imageUrl": "https://m.media-amazon.com/images/I/51kXaXeBJCL._SL160_.jpg",
        "detailPageURL": "https://www.amazon.com/dp/B01LTI0948",
        "rating": "4.7",
        "totalReviews": "1770",
        "subtitle": "Olay",
        "isPrimeEligible": "1"
    },
    {
        "ASIN": "B0CBPWV4G3",
        "title": "Facial Scrub Aloe Vera Face Scrub,Brightening Facial Exfoliating Scrub, Exfoliating Face Wash, Facial Scrubs for Women, Deep Cleansing Facial Exfoliator, Face Scrub Exfoliating for Blackhead, Dark Spots, Facial Cleanser for Acne 3.53 Oz",
        "price": "$12.95 ($3.67 / Ounce)",
        "listPrice": "",
        "imageUrl": "https://m.media-amazon.com/images/I/510zgGx+jsL._SL160_.jpg",
        "detailPageURL": "https://www.amazon.com/dp/B0CBPWV4G3",
        "rating": "",
        "totalReviews": "",
        "subtitle": "IREV",
        "isPrimeEligible": "1"
    },
    {
        "ASIN": "B08TM4QBDT",
        "title": "Himalayan Salt Body Scrub with Collagen and Stem Cells - Natural Exfoliating Salt Scrub & Body and Face Souffle helps with Moisturizing Skin, Acne, Cellulite, Dead Skin Scars, Wrinkles (11 oz)",
        "price": "$13.89 ($1.26 / Ounce)",
        "listPrice": "$24.95 ($2.27 / Ounce)",
        "imageUrl": "https://m.media-amazon.com/images/I/51ToKkQ3fMS._SL160_.jpg",
        "detailPageURL": "https://www.amazon.com/dp/B08TM4QBDT",
        "rating": "4.3",
        "totalReviews": "6825",
        "subtitle": "First Botany",
        "isPrimeEligible": "1"
    },
    {
        "ASIN": "B00P1Q0BAM",
        "title": "Homemade Facial Masks Recipes: Homemade Face Masks For Sensitive, Dry or Oily Skin",
        "price": "$2.99",
        "listPrice": "",
        "imageUrl": "https://m.media-amazon.com/images/I/41ZmL2lvXoL._SL160_.jpg",
        "detailPageURL": "https://www.amazon.com/dp/B00P1Q0BAM",
        "rating": "4.8",
        "totalReviews": "8",
        "subtitle": "",
        "isPrimeEligible": "0"
    },
    {
        "ASIN": "B08CVRZQ4N",
        "title": "Face Exfoliating Scrub Hyaluronic Acid & Sugar Face Wash - 5 Oz",
        "price": "$6.99 ($1.40 / Ounce)",
        "listPrice": "",
        "imageUrl": "https://m.media-amazon.com/images/I/41AwicfspoL._SL160_.jpg",
        "detailPageURL": "https://www.amazon.com/dp/B08CVRZQ4N",
        "rating": "4.4",
        "totalReviews": "51",
        "subtitle": "SpaScriptions",
        "isPrimeEligible": "1"
    },
    {
        "ASIN": "B09PJQWFF2",
        "title": "Every Man Jack Gentle Exfoliating Face Scrub For Men- Exfoliate Away Dead Skin, Moisturize, and Revive Tired Skin with Jojoba Beads, Hyaluronic Acid, and Caffeine - 4.2 oz Men\u2019s Face Scrub -Twin Pack",
        "price": "$14.94 ($1.78 / Fl Oz)",
        "listPrice": "",
        "imageUrl": "https://m.media-amazon.com/images/I/41EbtvuOJ3L._SL160_.jpg",
        "detailPageURL": "https://www.amazon.com/dp/B09PJQWFF2",
        "rating": "4.2",
        "totalReviews": "216",
        "subtitle": "Every Man Jack",
        "isPrimeEligible": "1"
    },
    {
        "ASIN": "B0C671WH73",
        "title": "Face Scrubber | Facial Cleansing Brush Exfoliator Skin Care Beauty Products Powered Electric Wash Exfoliating Skincare Women Spin Cleanser Tools Cleaning Scrub Washer Self Care (Simple Opal)",
        "price": "$6.99 ($6.99 / Count)",
        "listPrice": "",
        "imageUrl": "https://m.media-amazon.com/images/I/41yNFLSGMoL._SL160_.jpg",
        "detailPageURL": "https://www.amazon.com/dp/B0C671WH73",
        "rating": "4.1",
        "totalReviews": "4052",
        "subtitle": "VISOFO",
        "isPrimeEligible": "1"
    },
    {
        "ASIN": "B076DSRB6B",
        "title": "Himalayan Salt Scrub Face Foot & Body Exfoliator Infused with Collagen and Stem Cell Natural Exfoliating Salt Body Scrub for Toning Skin Cellulite Skin Care Body Exfoliant by M3 Naturals",
        "price": "$19.72 ($1.64 / Ounce)",
        "listPrice": "$34.81 ($2.90 / Ounce)",
        "imageUrl": "https://m.media-amazon.com/images/I/51yR4rNBCcL._SL160_.jpg",
        "detailPageURL": "https://www.amazon.com/dp/B076DSRB6B",
        "rating": "4.4",
        "totalReviews": "25041",
        "subtitle": "M3 Naturals",
        "isPrimeEligible": "1"
    },
    {
        "ASIN": "B002MZ4V7O",
        "title": "Neutrogena Oil-Free Acne Stress Control Power-Clear Facial Scrub, 2% Salicylic Acid Acne Treatment Medication, Exfoliating Daily Acne Face Scrub for Acne-Prone Skin Care, 4.2 fl. oz",
        "price": "$8.42 ($2.00 / Fl Oz)",
        "listPrice": "$11.79 ($2.81 / Fl Oz)",
        "imageUrl": "https://m.media-amazon.com/images/I/41Dc6tplJuL._SL160_.jpg",
        "detailPageURL": "https://www.amazon.com/dp/B002MZ4V7O",
        "rating": "4.6",
        "totalReviews": "5840",
        "subtitle": "Neutrogena",
        "isPrimeEligible": "1"
    },
    {
        "ASIN": "B01LTI0948",
        "title": "Olay Total Effects Citrus Facial Cleanser and Scrub, 5 Fl Oz (Pack of 3)",
        "price": "$22.44 ($1.50 / Fl Oz)",
        "listPrice": "",
        "imageUrl": "https://m.media-amazon.com/images/I/51kXaXeBJCL._SL160_.jpg",
        "detailPageURL": "https://www.amazon.com/dp/B01LTI0948",
        "rating": "4.7",
        "totalReviews": "1770",
        "subtitle": "Olay",
        "isPrimeEligible": "1"
    },
    {
        "ASIN": "B0CBPWV4G3",
        "title": "Facial Scrub Aloe Vera Face Scrub,Brightening Facial Exfoliating Scrub, Exfoliating Face Wash, Facial Scrubs for Women, Deep Cleansing Facial Exfoliator, Face Scrub Exfoliating for Blackhead, Dark Spots, Facial Cleanser for Acne 3.53 Oz",
        "price": "$12.95 ($3.67 / Ounce)",
        "listPrice": "",
        "imageUrl": "https://m.media-amazon.com/images/I/510zgGx+jsL._SL160_.jpg",
        "detailPageURL": "https://www.amazon.com/dp/B0CBPWV4G3",
        "rating": "",
        "totalReviews": "",
        "subtitle": "IREV",
        "isPrimeEligible": "1"
    },
    {
        "ASIN": "B08TM4QBDT",
        "title": "Himalayan Salt Body Scrub with Collagen and Stem Cells - Natural Exfoliating Salt Scrub & Body and Face Souffle helps with Moisturizing Skin, Acne, Cellulite, Dead Skin Scars, Wrinkles (11 oz)",
        "price": "$13.89 ($1.26 / Ounce)",
        "listPrice": "$24.95 ($2.27 / Ounce)",
        "imageUrl": "https://m.media-amazon.com/images/I/51ToKkQ3fMS._SL160_.jpg",
        "detailPageURL": "https://www.amazon.com/dp/B08TM4QBDT",
        "rating": "4.3",
        "totalReviews": "6825",
        "subtitle": "First Botany",
        "isPrimeEligible": "1"
    },
    {
        "ASIN": "B00P1Q0BAM",
        "title": "Homemade Facial Masks Recipes: Homemade Face Masks For Sensitive, Dry or Oily Skin",
        "price": "$2.99",
        "listPrice": "",
        "imageUrl": "https://m.media-amazon.com/images/I/41ZmL2lvXoL._SL160_.jpg",
        "detailPageURL": "https://www.amazon.com/dp/B00P1Q0BAM",
        "rating": "4.8",
        "totalReviews": "8",
        "subtitle": "",
        "isPrimeEligible": "0"
    },
    {
        "ASIN": "B07Q4849D5",
        "title": "Changing Faces / Scrubbing the Scene",
        "price": "$0.99",
        "listPrice": "",
        "imageUrl": "https://m.media-amazon.com/images/I/51u0a93qWpL._SL160_.jpg",
        "detailPageURL": "https://www.amazon.com/dp/B07Q4849D5",
        "rating": "",
        "totalReviews": "",
        "subtitle": "",
        "isPrimeEligible": "0"
    },
    {
        "ASIN": "B09PJQWFF2",
        "title": "Every Man Jack Gentle Exfoliating Face Scrub For Men- Exfoliate Away Dead Skin, Moisturize, and Revive Tired Skin with Jojoba Beads, Hyaluronic Acid, and Caffeine - 4.2 oz Men\u2019s Face Scrub -Twin Pack",
        "price": "$14.94 ($1.78 / Fl Oz)",
        "listPrice": "",
        "imageUrl": "https://m.media-amazon.com/images/I/41EbtvuOJ3L._SL160_.jpg",
        "detailPageURL": "https://www.amazon.com/dp/B09PJQWFF2",
        "rating": "4.2",
        "totalReviews": "216",
        "subtitle": "Every Man Jack",
        "isPrimeEligible": "1"
    },
    {
        "ASIN": "B0C671WH73",
        "title": "Face Scrubber | Facial Cleansing Brush Exfoliator Skin Care Beauty Products Powered Electric Wash Exfoliating Skincare Women Spin Cleanser Tools Cleaning Scrub Washer Self Care (Simple Opal)",
        "price": "$6.99 ($6.99 / Count)",
        "listPrice": "",
        "imageUrl": "https://m.media-amazon.com/images/I/41yNFLSGMoL._SL160_.jpg",
        "detailPageURL": "https://www.amazon.com/dp/B0C671WH73",
        "rating": "4.1",
        "totalReviews": "4052",
        "subtitle": "VISOFO",
        "isPrimeEligible": "1"
    },
    {
        "ASIN": "B076DSRB6B",
        "title": "Himalayan Salt Scrub Face Foot & Body Exfoliator Infused with Collagen and Stem Cell Natural Exfoliating Salt Body Scrub for Toning Skin Cellulite Skin Care Body Exfoliant by M3 Naturals",
        "price": "$19.72 ($1.64 / Ounce)",
        "listPrice": "$34.81 ($2.90 / Ounce)",
        "imageUrl": "https://m.media-amazon.com/images/I/51yR4rNBCcL._SL160_.jpg",
        "detailPageURL": "https://www.amazon.com/dp/B076DSRB6B",
        "rating": "4.4",
        "totalReviews": "25041",
        "subtitle": "M3 Naturals",
        "isPrimeEligible": "1"
    },
    {
        "ASIN": "B002MZ4V7O",
        "title": "Neutrogena Oil-Free Acne Stress Control Power-Clear Facial Scrub, 2% Salicylic Acid Acne Treatment Medication, Exfoliating Daily Acne Face Scrub for Acne-Prone Skin Care, 4.2 fl. oz",
        "price": "$8.42 ($2.00 / Fl Oz)",
        "listPrice": "$11.79 ($2.81 / Fl Oz)",
        "imageUrl": "https://m.media-amazon.com/images/I/41Dc6tplJuL._SL160_.jpg",
        "detailPageURL": "https://www.amazon.com/dp/B002MZ4V7O",
        "rating": "4.6",
        "totalReviews": "5840",
        "subtitle": "Neutrogena",
        "isPrimeEligible": "1"
    },
    {
        "ASIN": "B01LTI0948",
        "title": "Olay Total Effects Citrus Facial Cleanser and Scrub, 5 Fl Oz (Pack of 3)",
        "price": "$22.44 ($1.50 / Fl Oz)",
        "listPrice": "",
        "imageUrl": "https://m.media-amazon.com/images/I/51kXaXeBJCL._SL160_.jpg",
        "detailPageURL": "https://www.amazon.com/dp/B01LTI0948",
        "rating": "4.7",
        "totalReviews": "1770",
        "subtitle": "Olay",
        "isPrimeEligible": "1"
    },
    {
        "ASIN": "B0CBPWV4G3",
        "title": "Facial Scrub Aloe Vera Face Scrub,Brightening Facial Exfoliating Scrub, Exfoliating Face Wash, Facial Scrubs for Women, Deep Cleansing Facial Exfoliator, Face Scrub Exfoliating for Blackhead, Dark Spots, Facial Cleanser for Acne 3.53 Oz",
        "price": "$12.95 ($3.67 / Ounce)",
        "listPrice": "",
        "imageUrl": "https://m.media-amazon.com/images/I/510zgGx+jsL._SL160_.jpg",
        "detailPageURL": "https://www.amazon.com/dp/B0CBPWV4G3",
        "rating": "",
        "totalReviews": "",
        "subtitle": "IREV",
        "isPrimeEligible": "1"
    },
    {
        "ASIN": "B08TM4QBDT",
        "title": "Himalayan Salt Body Scrub with Collagen and Stem Cells - Natural Exfoliating Salt Scrub & Body and Face Souffle helps with Moisturizing Skin, Acne, Cellulite, Dead Skin Scars, Wrinkles (11 oz)",
        "price": "$13.89 ($1.26 / Ounce)",
        "listPrice": "$24.95 ($2.27 / Ounce)",
        "imageUrl": "https://m.media-amazon.com/images/I/51ToKkQ3fMS._SL160_.jpg",
        "detailPageURL": "https://www.amazon.com/dp/B08TM4QBDT",
        "rating": "4.3",
        "totalReviews": "6825",
        "subtitle": "First Botany",
        "isPrimeEligible": "1"
    },
    {
        "ASIN": "B00P1Q0BAM",
        "title": "Homemade Facial Masks Recipes: Homemade Face Masks For Sensitive, Dry or Oily Skin",
        "price": "$2.99",
        "listPrice": "",
        "imageUrl": "https://m.media-amazon.com/images/I/41ZmL2lvXoL._SL160_.jpg",
        "detailPageURL": "https://www.amazon.com/dp/B00P1Q0BAM",
        "rating": "4.8",
        "totalReviews": "8",
        "subtitle": "",
        "isPrimeEligible": "0"
    },
    {
        "ASIN": "B07Q4849D5",
        "title": "Changing Faces / Scrubbing the Scene",
        "price": "$0.99",
        "listPrice": "",
        "imageUrl": "https://m.media-amazon.com/images/I/51u0a93qWpL._SL160_.jpg",
        "detailPageURL": "https://www.amazon.com/dp/B07Q4849D5",
        "rating": "",
        "totalReviews": "",
        "subtitle": "",
        "isPrimeEligible": "0"
    },
    {
        "ASIN": "B081W68DP2",
        "title": "Knives Out",
        "price": "$9.99",
        "listPrice": "",
        "imageUrl": "https://m.media-amazon.com/images/I/51e0alhyZML._SL160_.jpg",
        "detailPageURL": "https://www.amazon.com/dp/B081W68DP2",
        "rating": "4.6",
        "totalReviews": "91752",
        "subtitle": "",
        "isPrimeEligible": "0"
    },
    {
        "ASIN": "B0C671WH73",
        "title": "Face Scrubber | Facial Cleansing Brush Exfoliator Skin Care Beauty Products Powered Electric Wash Exfoliating Skincare Women Spin Cleanser Tools Cleaning Scrub Washer Self Care (Simple Opal)",
        "price": "$6.99 ($6.99 / Count)",
        "listPrice": "",
        "imageUrl": "https://m.media-amazon.com/images/I/41yNFLSGMoL._SL160_.jpg",
        "detailPageURL": "https://www.amazon.com/dp/B0C671WH73",
        "rating": "4.1",
        "totalReviews": "4052",
        "subtitle": "VISOFO",
        "isPrimeEligible": "1"
    },
    {
        "ASIN": "B076DSRB6B",
        "title": "Himalayan Salt Scrub Face Foot & Body Exfoliator Infused with Collagen and Stem Cell Natural Exfoliating Salt Body Scrub for Toning Skin Cellulite Skin Care Body Exfoliant by M3 Naturals",
        "price": "$19.72 ($1.64 / Ounce)",
        "listPrice": "$34.81 ($2.90 / Ounce)",
        "imageUrl": "https://m.media-amazon.com/images/I/51yR4rNBCcL._SL160_.jpg",
        "detailPageURL": "https://www.amazon.com/dp/B076DSRB6B",
        "rating": "4.4",
        "totalReviews": "25041",
        "subtitle": "M3 Naturals",
        "isPrimeEligible": "1"
    },
    {
        "ASIN": "B002MZ4V7O",
        "title": "Neutrogena Oil-Free Acne Stress Control Power-Clear Facial Scrub, 2% Salicylic Acid Acne Treatment Medication, Exfoliating Daily Acne Face Scrub for Acne-Prone Skin Care, 4.2 fl. oz",
        "price": "$8.42 ($2.00 / Fl Oz)",
        "listPrice": "$11.79 ($2.81 / Fl Oz)",
        "imageUrl": "https://m.media-amazon.com/images/I/41Dc6tplJuL._SL160_.jpg",
        "detailPageURL": "https://www.amazon.com/dp/B002MZ4V7O",
        "rating": "4.6",
        "totalReviews": "5840",
        "subtitle": "Neutrogena",
        "isPrimeEligible": "1"
    },
    {
        "ASIN": "B01LTI0948",
        "title": "Olay Total Effects Citrus Facial Cleanser and Scrub, 5 Fl Oz (Pack of 3)",
        "price": "$22.44 ($1.50 / Fl Oz)",
        "listPrice": "",
        "imageUrl": "https://m.media-amazon.com/images/I/51kXaXeBJCL._SL160_.jpg",
        "detailPageURL": "https://www.amazon.com/dp/B01LTI0948",
        "rating": "4.7",
        "totalReviews": "1770",
        "subtitle": "Olay",
        "isPrimeEligible": "1"
    },
    {
        "ASIN": "B0CBPWV4G3",
        "title": "Facial Scrub Aloe Vera Face Scrub,Brightening Facial Exfoliating Scrub, Exfoliating Face Wash, Facial Scrubs for Women, Deep Cleansing Facial Exfoliator, Face Scrub Exfoliating for Blackhead, Dark Spots, Facial Cleanser for Acne 3.53 Oz",
        "price": "$12.95 ($3.67 / Ounce)",
        "listPrice": "",
        "imageUrl": "https://m.media-amazon.com/images/I/510zgGx+jsL._SL160_.jpg",
        "detailPageURL": "https://www.amazon.com/dp/B0CBPWV4G3",
        "rating": "",
        "totalReviews": "",
        "subtitle": "IREV",
        "isPrimeEligible": "1"
    },
    {
        "ASIN": "B08TM4QBDT",
        "title": "Himalayan Salt Body Scrub with Collagen and Stem Cells - Natural Exfoliating Salt Scrub & Body and Face Souffle helps with Moisturizing Skin, Acne, Cellulite, Dead Skin Scars, Wrinkles (11 oz)",
        "price": "$13.89 ($1.26 / Ounce)",
        "listPrice": "$24.95 ($2.27 / Ounce)",
        "imageUrl": "https://m.media-amazon.com/images/I/51ToKkQ3fMS._SL160_.jpg",
        "detailPageURL": "https://www.amazon.com/dp/B08TM4QBDT",
        "rating": "4.3",
        "totalReviews": "6825",
        "subtitle": "First Botany",
        "isPrimeEligible": "1"
    },
    {
        "ASIN": "B00P1Q0BAM",
        "title": "Homemade Facial Masks Recipes: Homemade Face Masks For Sensitive, Dry or Oily Skin",
        "price": "$2.99",
        "listPrice": "",
        "imageUrl": "https://m.media-amazon.com/images/I/41ZmL2lvXoL._SL160_.jpg",
        "detailPageURL": "https://www.amazon.com/dp/B00P1Q0BAM",
        "rating": "4.8",
        "totalReviews": "8",
        "subtitle": "",
        "isPrimeEligible": "0"
    },
    {
        "ASIN": "B07Q4849D5",
        "title": "Changing Faces / Scrubbing the Scene",
        "price": "$0.99",
        "listPrice": "",
        "imageUrl": "https://m.media-amazon.com/images/I/51u0a93qWpL._SL160_.jpg",
        "detailPageURL": "https://www.amazon.com/dp/B07Q4849D5",
        "rating": "",
        "totalReviews": "",
        "subtitle": "",
        "isPrimeEligible": "0"
    },
    {
        "ASIN": "B081W68DP2",
        "title": "Knives Out",
        "price": "$9.99",
        "listPrice": "",
        "imageUrl": "https://m.media-amazon.com/images/I/51e0alhyZML._SL160_.jpg",
        "detailPageURL": "https://www.amazon.com/dp/B081W68DP2",
        "rating": "4.6",
        "totalReviews": "91752",
        "subtitle": "",
        "isPrimeEligible": "0"
    },
    {
        "ASIN": "B07W6XCBHG",
        "title": "Speidel Scrub Petite Watch Made for Doctors, Nurses, EMT, Surgeons and Students w/Red Second Hand in Purple",
        "price": "$49.00",
        "listPrice": "",
        "imageUrl": "https://m.media-amazon.com/images/I/310KUTr1EtL._SL160_.jpg",
        "detailPageURL": "https://www.amazon.com/dp/B07W6XCBHG",
        "rating": "4.5",
        "totalReviews": "2997",
        "subtitle": "",
        "isPrimeEligible": "1"
    },
    {
        "ASIN": "B076DSRB6B",
        "title": "Himalayan Salt Scrub Face Foot & Body Exfoliator Infused with Collagen and Stem Cell Natural Exfoliating Salt Body Scrub for Toning Skin Cellulite Skin Care Body Exfoliant by M3 Naturals",
        "price": "$19.72 ($1.64 / Ounce)",
        "listPrice": "$34.81 ($2.90 / Ounce)",
        "imageUrl": "https://m.media-amazon.com/images/I/51yR4rNBCcL._SL160_.jpg",
        "detailPageURL": "https://www.amazon.com/dp/B076DSRB6B",
        "rating": "4.4",
        "totalReviews": "25041",
        "subtitle": "M3 Naturals",
        "isPrimeEligible": "1"
    },
    {
        "ASIN": "B002MZ4V7O",
        "title": "Neutrogena Oil-Free Acne Stress Control Power-Clear Facial Scrub, 2% Salicylic Acid Acne Treatment Medication, Exfoliating Daily Acne Face Scrub for Acne-Prone Skin Care, 4.2 fl. oz",
        "price": "$8.42 ($2.00 / Fl Oz)",
        "listPrice": "$11.79 ($2.81 / Fl Oz)",
        "imageUrl": "https://m.media-amazon.com/images/I/41Dc6tplJuL._SL160_.jpg",
        "detailPageURL": "https://www.amazon.com/dp/B002MZ4V7O",
        "rating": "4.6",
        "totalReviews": "5840",
        "subtitle": "Neutrogena",
        "isPrimeEligible": "1"
    },
    {
        "ASIN": "B01LTI0948",
        "title": "Olay Total Effects Citrus Facial Cleanser and Scrub, 5 Fl Oz (Pack of 3)",
        "price": "$22.44 ($1.50 / Fl Oz)",
        "listPrice": "",
        "imageUrl": "https://m.media-amazon.com/images/I/51kXaXeBJCL._SL160_.jpg",
        "detailPageURL": "https://www.amazon.com/dp/B01LTI0948",
        "rating": "4.7",
        "totalReviews": "1770",
        "subtitle": "Olay",
        "isPrimeEligible": "1"
    },
    {
        "ASIN": "B0CBPWV4G3",
        "title": "Facial Scrub Aloe Vera Face Scrub,Brightening Facial Exfoliating Scrub, Exfoliating Face Wash, Facial Scrubs for Women, Deep Cleansing Facial Exfoliator, Face Scrub Exfoliating for Blackhead, Dark Spots, Facial Cleanser for Acne 3.53 Oz",
        "price": "$12.95 ($3.67 / Ounce)",
        "listPrice": "",
        "imageUrl": "https://m.media-amazon.com/images/I/510zgGx+jsL._SL160_.jpg",
        "detailPageURL": "https://www.amazon.com/dp/B0CBPWV4G3",
        "rating": "",
        "totalReviews": "",
        "subtitle": "IREV",
        "isPrimeEligible": "1"
    },
    {
        "ASIN": "B08TM4QBDT",
        "title": "Himalayan Salt Body Scrub with Collagen and Stem Cells - Natural Exfoliating Salt Scrub & Body and Face Souffle helps with Moisturizing Skin, Acne, Cellulite, Dead Skin Scars, Wrinkles (11 oz)",
        "price": "$13.89 ($1.26 / Ounce)",
        "listPrice": "$24.95 ($2.27 / Ounce)",
        "imageUrl": "https://m.media-amazon.com/images/I/51ToKkQ3fMS._SL160_.jpg",
        "detailPageURL": "https://www.amazon.com/dp/B08TM4QBDT",
        "rating": "4.3",
        "totalReviews": "6825",
        "subtitle": "First Botany",
        "isPrimeEligible": "1"
    },
    {
        "ASIN": "B00P1Q0BAM",
        "title": "Homemade Facial Masks Recipes: Homemade Face Masks For Sensitive, Dry or Oily Skin",
        "price": "$2.99",
        "listPrice": "",
        "imageUrl": "https://m.media-amazon.com/images/I/41ZmL2lvXoL._SL160_.jpg",
        "detailPageURL": "https://www.amazon.com/dp/B00P1Q0BAM",
        "rating": "4.8",
        "totalReviews": "8",
        "subtitle": "",
        "isPrimeEligible": "0"
    },
    {
        "ASIN": "B07Q4849D5",
        "title": "Changing Faces / Scrubbing the Scene",
        "price": "$0.99",
        "listPrice": "",
        "imageUrl": "https://m.media-amazon.com/images/I/51u0a93qWpL._SL160_.jpg",
        "detailPageURL": "https://www.amazon.com/dp/B07Q4849D5",
        "rating": "",
        "totalReviews": "",
        "subtitle": "",
        "isPrimeEligible": "0"
    },
    {
        "ASIN": "B081W68DP2",
        "title": "Knives Out",
        "price": "$9.99",
        "listPrice": "",
        "imageUrl": "https://m.media-amazon.com/images/I/51e0alhyZML._SL160_.jpg",
        "detailPageURL": "https://www.amazon.com/dp/B081W68DP2",
        "rating": "4.6",
        "totalReviews": "91752",
        "subtitle": "",
        "isPrimeEligible": "0"
    },
    {
        "ASIN": "B07W6XCBHG",
        "title": "Speidel Scrub Petite Watch Made for Doctors, Nurses, EMT, Surgeons and Students w/Red Second Hand in Purple",
        "price": "$49.00",
        "listPrice": "",
        "imageUrl": "https://m.media-amazon.com/images/I/310KUTr1EtL._SL160_.jpg",
        "detailPageURL": "https://www.amazon.com/dp/B07W6XCBHG",
        "rating": "4.5",
        "totalReviews": "2997",
        "subtitle": "",
        "isPrimeEligible": "1"
    },
    {
        "ASIN": "B0055FF2HG",
        "title": "Mineral Fusion Face Scrub, Skin Renewing, 4 Ounce",
        "price": "$14.55 ($3.64 / Ounce)",
        "listPrice": "",
        "imageUrl": "https://m.media-amazon.com/images/I/21PDSxulTYL._SL160_.jpg",
        "detailPageURL": "https://www.amazon.com/dp/B0055FF2HG",
        "rating": "4.6",
        "totalReviews": "1177",
        "subtitle": "Mineral Fusion",
        "isPrimeEligible": "0"
    },
    {
        "ASIN": "B002MZ4V7O",
        "title": "Neutrogena Oil-Free Acne Stress Control Power-Clear Facial Scrub, 2% Salicylic Acid Acne Treatment Medication, Exfoliating Daily Acne Face Scrub for Acne-Prone Skin Care, 4.2 fl. oz",
        "price": "$8.42 ($2.00 / Fl Oz)",
        "listPrice": "$11.79 ($2.81 / Fl Oz)",
        "imageUrl": "https://m.media-amazon.com/images/I/41Dc6tplJuL._SL160_.jpg",
        "detailPageURL": "https://www.amazon.com/dp/B002MZ4V7O",
        "rating": "4.6",
        "totalReviews": "5840",
        "subtitle": "Neutrogena",
        "isPrimeEligible": "1"
    },
    {
        "ASIN": "B01LTI0948",
        "title": "Olay Total Effects Citrus Facial Cleanser and Scrub, 5 Fl Oz (Pack of 3)",
        "price": "$22.44 ($1.50 / Fl Oz)",
        "listPrice": "",
        "imageUrl": "https://m.media-amazon.com/images/I/51kXaXeBJCL._SL160_.jpg",
        "detailPageURL": "https://www.amazon.com/dp/B01LTI0948",
        "rating": "4.7",
        "totalReviews": "1770",
        "subtitle": "Olay",
        "isPrimeEligible": "1"
    },
    {
        "ASIN": "B0CBPWV4G3",
        "title": "Facial Scrub Aloe Vera Face Scrub,Brightening Facial Exfoliating Scrub, Exfoliating Face Wash, Facial Scrubs for Women, Deep Cleansing Facial Exfoliator, Face Scrub Exfoliating for Blackhead, Dark Spots, Facial Cleanser for Acne 3.53 Oz",
        "price": "$12.95 ($3.67 / Ounce)",
        "listPrice": "",
        "imageUrl": "https://m.media-amazon.com/images/I/510zgGx+jsL._SL160_.jpg",
        "detailPageURL": "https://www.amazon.com/dp/B0CBPWV4G3",
        "rating": "",
        "totalReviews": "",
        "subtitle": "IREV",
        "isPrimeEligible": "1"
    },
    {
        "ASIN": "B08TM4QBDT",
        "title": "Himalayan Salt Body Scrub with Collagen and Stem Cells - Natural Exfoliating Salt Scrub & Body and Face Souffle helps with Moisturizing Skin, Acne, Cellulite, Dead Skin Scars, Wrinkles (11 oz)",
        "price": "$13.89 ($1.26 / Ounce)",
        "listPrice": "$24.95 ($2.27 / Ounce)",
        "imageUrl": "https://m.media-amazon.com/images/I/51ToKkQ3fMS._SL160_.jpg",
        "detailPageURL": "https://www.amazon.com/dp/B08TM4QBDT",
        "rating": "4.3",
        "totalReviews": "6825",
        "subtitle": "First Botany",
        "isPrimeEligible": "1"
    },
    {
        "ASIN": "B00P1Q0BAM",
        "title": "Homemade Facial Masks Recipes: Homemade Face Masks For Sensitive, Dry or Oily Skin",
        "price": "$2.99",
        "listPrice": "",
        "imageUrl": "https://m.media-amazon.com/images/I/41ZmL2lvXoL._SL160_.jpg",
        "detailPageURL": "https://www.amazon.com/dp/B00P1Q0BAM",
        "rating": "4.8",
        "totalReviews": "8",
        "subtitle": "",
        "isPrimeEligible": "0"
    },
    {
        "ASIN": "B07Q4849D5",
        "title": "Changing Faces / Scrubbing the Scene",
        "price": "$0.99",
        "listPrice": "",
        "imageUrl": "https://m.media-amazon.com/images/I/51u0a93qWpL._SL160_.jpg",
        "detailPageURL": "https://www.amazon.com/dp/B07Q4849D5",
        "rating": "",
        "totalReviews": "",
        "subtitle": "",
        "isPrimeEligible": "0"
    },
    {
        "ASIN": "B081W68DP2",
        "title": "Knives Out",
        "price": "$9.99",
        "listPrice": "",
        "imageUrl": "https://m.media-amazon.com/images/I/51e0alhyZML._SL160_.jpg",
        "detailPageURL": "https://www.amazon.com/dp/B081W68DP2",
        "rating": "4.6",
        "totalReviews": "91752",
        "subtitle": "",
        "isPrimeEligible": "0"
    },
    {
        "ASIN": "B07W6XCBHG",
        "title": "Speidel Scrub Petite Watch Made for Doctors, Nurses, EMT, Surgeons and Students w/Red Second Hand in Purple",
        "price": "$49.00",
        "listPrice": "",
        "imageUrl": "https://m.media-amazon.com/images/I/310KUTr1EtL._SL160_.jpg",
        "detailPageURL": "https://www.amazon.com/dp/B07W6XCBHG",
        "rating": "4.5",
        "totalReviews": "2997",
        "subtitle": "",
        "isPrimeEligible": "1"
    },
    {
        "ASIN": "B0055FF2HG",
        "title": "Mineral Fusion Face Scrub, Skin Renewing, 4 Ounce",
        "price": "$14.55 ($3.64 / Ounce)",
        "listPrice": "",
        "imageUrl": "https://m.media-amazon.com/images/I/21PDSxulTYL._SL160_.jpg",
        "detailPageURL": "https://www.amazon.com/dp/B0055FF2HG",
        "rating": "4.6",
        "totalReviews": "1177",
        "subtitle": "Mineral Fusion",
        "isPrimeEligible": "0"
    },
    {
        "ASIN": "B010D6V1R6",
        "title": "DERMA E Purifying Daily Facial Detox Scrub with Activated Charcoal and Seaweed Extract \u2013Exfoliating Face Scrub Cleanses, Smooths and Brightens, 4oz",
        "price": "$11.49 ($2.87 / Ounce)",
        "listPrice": "$15.50 ($3.88 / Ounce)",
        "imageUrl": "https://m.media-amazon.com/images/I/31z9V3rcdbL._SL160_.jpg",
        "detailPageURL": "https://www.amazon.com/dp/B010D6V1R6",
        "rating": "4.6",
        "totalReviews": "1250",
        "subtitle": "",
        "isPrimeEligible": "1"
    },
    {
        "ASIN": "B01LTI0948",
        "title": "Olay Total Effects Citrus Facial Cleanser and Scrub, 5 Fl Oz (Pack of 3)",
        "price": "$22.44 ($1.50 / Fl Oz)",
        "listPrice": "",
        "imageUrl": "https://m.media-amazon.com/images/I/51kXaXeBJCL._SL160_.jpg",
        "detailPageURL": "https://www.amazon.com/dp/B01LTI0948",
        "rating": "4.7",
        "totalReviews": "1770",
        "subtitle": "Olay",
        "isPrimeEligible": "1"
    },
    {
        "ASIN": "B0CBPWV4G3",
        "title": "Facial Scrub Aloe Vera Face Scrub,Brightening Facial Exfoliating Scrub, Exfoliating Face Wash, Facial Scrubs for Women, Deep Cleansing Facial Exfoliator, Face Scrub Exfoliating for Blackhead, Dark Spots, Facial Cleanser for Acne 3.53 Oz",
        "price": "$12.95 ($3.67 / Ounce)",
        "listPrice": "",
        "imageUrl": "https://m.media-amazon.com/images/I/510zgGx+jsL._SL160_.jpg",
        "detailPageURL": "https://www.amazon.com/dp/B0CBPWV4G3",
        "rating": "",
        "totalReviews": "",
        "subtitle": "IREV",
        "isPrimeEligible": "1"
    },
    {
        "ASIN": "B08TM4QBDT",
        "title": "Himalayan Salt Body Scrub with Collagen and Stem Cells - Natural Exfoliating Salt Scrub & Body and Face Souffle helps with Moisturizing Skin, Acne, Cellulite, Dead Skin Scars, Wrinkles (11 oz)",
        "price": "$13.89 ($1.26 / Ounce)",
        "listPrice": "$24.95 ($2.27 / Ounce)",
        "imageUrl": "https://m.media-amazon.com/images/I/51ToKkQ3fMS._SL160_.jpg",
        "detailPageURL": "https://www.amazon.com/dp/B08TM4QBDT",
        "rating": "4.3",
        "totalReviews": "6825",
        "subtitle": "First Botany",
        "isPrimeEligible": "1"
    },
    {
        "ASIN": "B00P1Q0BAM",
        "title": "Homemade Facial Masks Recipes: Homemade Face Masks For Sensitive, Dry or Oily Skin",
        "price": "$2.99",
        "listPrice": "",
        "imageUrl": "https://m.media-amazon.com/images/I/41ZmL2lvXoL._SL160_.jpg",
        "detailPageURL": "https://www.amazon.com/dp/B00P1Q0BAM",
        "rating": "4.8",
        "totalReviews": "8",
        "subtitle": "",
        "isPrimeEligible": "0"
    },
    {
        "ASIN": "B07Q4849D5",
        "title": "Changing Faces / Scrubbing the Scene",
        "price": "$0.99",
        "listPrice": "",
        "imageUrl": "https://m.media-amazon.com/images/I/51u0a93qWpL._SL160_.jpg",
        "detailPageURL": "https://www.amazon.com/dp/B07Q4849D5",
        "rating": "",
        "totalReviews": "",
        "subtitle": "",
        "isPrimeEligible": "0"
    },
    {
        "ASIN": "B081W68DP2",
        "title": "Knives Out",
        "price": "$9.99",
        "listPrice": "",
        "imageUrl": "https://m.media-amazon.com/images/I/51e0alhyZML._SL160_.jpg",
        "detailPageURL": "https://www.amazon.com/dp/B081W68DP2",
        "rating": "4.6",
        "totalReviews": "91752",
        "subtitle": "",
        "isPrimeEligible": "0"
    },
    {
        "ASIN": "B07W6XCBHG",
        "title": "Speidel Scrub Petite Watch Made for Doctors, Nurses, EMT, Surgeons and Students w/Red Second Hand in Purple",
        "price": "$49.00",
        "listPrice": "",
        "imageUrl": "https://m.media-amazon.com/images/I/310KUTr1EtL._SL160_.jpg",
        "detailPageURL": "https://www.amazon.com/dp/B07W6XCBHG",
        "rating": "4.5",
        "totalReviews": "2997",
        "subtitle": "",
        "isPrimeEligible": "1"
    },
    {
        "ASIN": "B0055FF2HG",
        "title": "Mineral Fusion Face Scrub, Skin Renewing, 4 Ounce",
        "price": "$14.55 ($3.64 / Ounce)",
        "listPrice": "",
        "imageUrl": "https://m.media-amazon.com/images/I/21PDSxulTYL._SL160_.jpg",
        "detailPageURL": "https://www.amazon.com/dp/B0055FF2HG",
        "rating": "4.6",
        "totalReviews": "1177",
        "subtitle": "Mineral Fusion",
        "isPrimeEligible": "0"
    },
    {
        "ASIN": "B010D6V1R6",
        "title": "DERMA E Purifying Daily Facial Detox Scrub with Activated Charcoal and Seaweed Extract \u2013Exfoliating Face Scrub Cleanses, Smooths and Brightens, 4oz",
        "price": "$11.49 ($2.87 / Ounce)",
        "listPrice": "$15.50 ($3.88 / Ounce)",
        "imageUrl": "https://m.media-amazon.com/images/I/31z9V3rcdbL._SL160_.jpg",
        "detailPageURL": "https://www.amazon.com/dp/B010D6V1R6",
        "rating": "4.6",
        "totalReviews": "1250",
        "subtitle": "",
        "isPrimeEligible": "1"
    },
    {
        "ASIN": "B0BX9RKZ9T",
        "title": "Silicone Face Scrubber, New Upgrade Gentle Rubber Face Scrubber Exfoliator, Face Scrubber for Cleansing and Exfoliating Can Removes Dead & Dry Skin, Silicone Face Scrubber for Men and Women (Black)",
        "price": "$4.99",
        "listPrice": "$6.99",
        "imageUrl": "https://m.media-amazon.com/images/I/4133zXwBA0L._SL160_.jpg",
        "detailPageURL": "https://www.amazon.com/dp/B0BX9RKZ9T",
        "rating": "3.9",
        "totalReviews": "73",
        "subtitle": "VWMYQ",
        "isPrimeEligible": "1"
    },
    {
        "ASIN": "B0CBPWV4G3",
        "title": "Facial Scrub Aloe Vera Face Scrub,Brightening Facial Exfoliating Scrub, Exfoliating Face Wash, Facial Scrubs for Women, Deep Cleansing Facial Exfoliator, Face Scrub Exfoliating for Blackhead, Dark Spots, Facial Cleanser for Acne 3.53 Oz",
        "price": "$12.95 ($3.67 / Ounce)",
        "listPrice": "",
        "imageUrl": "https://m.media-amazon.com/images/I/510zgGx+jsL._SL160_.jpg",
        "detailPageURL": "https://www.amazon.com/dp/B0CBPWV4G3",
        "rating": "",
        "totalReviews": "",
        "subtitle": "IREV",
        "isPrimeEligible": "1"
    },
    {
        "ASIN": "B08TM4QBDT",
        "title": "Himalayan Salt Body Scrub with Collagen and Stem Cells - Natural Exfoliating Salt Scrub & Body and Face Souffle helps with Moisturizing Skin, Acne, Cellulite, Dead Skin Scars, Wrinkles (11 oz)",
        "price": "$13.89 ($1.26 / Ounce)",
        "listPrice": "$24.95 ($2.27 / Ounce)",
        "imageUrl": "https://m.media-amazon.com/images/I/51ToKkQ3fMS._SL160_.jpg",
        "detailPageURL": "https://www.amazon.com/dp/B08TM4QBDT",
        "rating": "4.3",
        "totalReviews": "6825",
        "subtitle": "First Botany",
        "isPrimeEligible": "1"
    },
    {
        "ASIN": "B00P1Q0BAM",
        "title": "Homemade Facial Masks Recipes: Homemade Face Masks For Sensitive, Dry or Oily Skin",
        "price": "$2.99",
        "listPrice": "",
        "imageUrl": "https://m.media-amazon.com/images/I/41ZmL2lvXoL._SL160_.jpg",
        "detailPageURL": "https://www.amazon.com/dp/B00P1Q0BAM",
        "rating": "4.8",
        "totalReviews": "8",
        "subtitle": "",
        "isPrimeEligible": "0"
    },
    {
        "ASIN": "B07Q4849D5",
        "title": "Changing Faces / Scrubbing the Scene",
        "price": "$0.99",
        "listPrice": "",
        "imageUrl": "https://m.media-amazon.com/images/I/51u0a93qWpL._SL160_.jpg",
        "detailPageURL": "https://www.amazon.com/dp/B07Q4849D5",
        "rating": "",
        "totalReviews": "",
        "subtitle": "",
        "isPrimeEligible": "0"
    },
    {
        "ASIN": "B081W68DP2",
        "title": "Knives Out",
        "price": "$9.99",
        "listPrice": "",
        "imageUrl": "https://m.media-amazon.com/images/I/51e0alhyZML._SL160_.jpg",
        "detailPageURL": "https://www.amazon.com/dp/B081W68DP2",
        "rating": "4.6",
        "totalReviews": "91752",
        "subtitle": "",
        "isPrimeEligible": "0"
    },
    {
        "ASIN": "B07W6XCBHG",
        "title": "Speidel Scrub Petite Watch Made for Doctors, Nurses, EMT, Surgeons and Students w/Red Second Hand in Purple",
        "price": "$49.00",
        "listPrice": "",
        "imageUrl": "https://m.media-amazon.com/images/I/310KUTr1EtL._SL160_.jpg",
        "detailPageURL": "https://www.amazon.com/dp/B07W6XCBHG",
        "rating": "4.5",
        "totalReviews": "2997",
        "subtitle": "",
        "isPrimeEligible": "1"
    },
    {
        "ASIN": "B0055FF2HG",
        "title": "Mineral Fusion Face Scrub, Skin Renewing, 4 Ounce",
        "price": "$14.55 ($3.64 / Ounce)",
        "listPrice": "",
        "imageUrl": "https://m.media-amazon.com/images/I/21PDSxulTYL._SL160_.jpg",
        "detailPageURL": "https://www.amazon.com/dp/B0055FF2HG",
        "rating": "4.6",
        "totalReviews": "1177",
        "subtitle": "Mineral Fusion",
        "isPrimeEligible": "0"
    },
    {
        "ASIN": "B010D6V1R6",
        "title": "DERMA E Purifying Daily Facial Detox Scrub with Activated Charcoal and Seaweed Extract \u2013Exfoliating Face Scrub Cleanses, Smooths and Brightens, 4oz",
        "price": "$11.49 ($2.87 / Ounce)",
        "listPrice": "$15.50 ($3.88 / Ounce)",
        "imageUrl": "https://m.media-amazon.com/images/I/31z9V3rcdbL._SL160_.jpg",
        "detailPageURL": "https://www.amazon.com/dp/B010D6V1R6",
        "rating": "4.6",
        "totalReviews": "1250",
        "subtitle": "",
        "isPrimeEligible": "1"
    },
    {
        "ASIN": "B0BX9RKZ9T",
        "title": "Silicone Face Scrubber, New Upgrade Gentle Rubber Face Scrubber Exfoliator, Face Scrubber for Cleansing and Exfoliating Can Removes Dead & Dry Skin, Silicone Face Scrubber for Men and Women (Black)",
        "price": "$4.99",
        "listPrice": "$6.99",
        "imageUrl": "https://m.media-amazon.com/images/I/4133zXwBA0L._SL160_.jpg",
        "detailPageURL": "https://www.amazon.com/dp/B0BX9RKZ9T",
        "rating": "3.9",
        "totalReviews": "73",
        "subtitle": "VWMYQ",
        "isPrimeEligible": "1"
    },
    {
        "ASIN": "B077Y87XNG",
        "title": "Exfoliating Face Scrub & Exfoliating Face Wash (2 in 1) - Face Exfoliator Scrub, Microdermabrasion Facial Scrub, Exfoliating Scrub in Natural Face Wash Base, Facial Exfoliator, Exfoliante Para La Cara\u2026",
        "price": "$24.99 ($6.25 / Fl Oz)",
        "listPrice": "$26.99 ($6.75 / Fl Oz)",
        "imageUrl": "https://m.media-amazon.com/images/I/51-a1bg2OpL._SL160_.jpg",
        "detailPageURL": "https://www.amazon.com/dp/B077Y87XNG",
        "rating": "4.5",
        "totalReviews": "1190",
        "subtitle": "Beauty by Earth",
        "isPrimeEligible": "1"
    },
    {
        "ASIN": "B08TM4QBDT",
        "title": "Himalayan Salt Body Scrub with Collagen and Stem Cells - Natural Exfoliating Salt Scrub & Body and Face Souffle helps with Moisturizing Skin, Acne, Cellulite, Dead Skin Scars, Wrinkles (11 oz)",
        "price": "$13.89 ($1.26 / Ounce)",
        "listPrice": "$24.95 ($2.27 / Ounce)",
        "imageUrl": "https://m.media-amazon.com/images/I/51ToKkQ3fMS._SL160_.jpg",
        "detailPageURL": "https://www.amazon.com/dp/B08TM4QBDT",
        "rating": "4.3",
        "totalReviews": "6825",
        "subtitle": "First Botany",
        "isPrimeEligible": "1"
    },
    {
        "ASIN": "B00P1Q0BAM",
        "title": "Homemade Facial Masks Recipes: Homemade Face Masks For Sensitive, Dry or Oily Skin",
        "price": "$2.99",
        "listPrice": "",
        "imageUrl": "https://m.media-amazon.com/images/I/41ZmL2lvXoL._SL160_.jpg",
        "detailPageURL": "https://www.amazon.com/dp/B00P1Q0BAM",
        "rating": "4.8",
        "totalReviews": "8",
        "subtitle": "",
        "isPrimeEligible": "0"
    },
    {
        "ASIN": "B07Q4849D5",
        "title": "Changing Faces / Scrubbing the Scene",
        "price": "$0.99",
        "listPrice": "",
        "imageUrl": "https://m.media-amazon.com/images/I/51u0a93qWpL._SL160_.jpg",
        "detailPageURL": "https://www.amazon.com/dp/B07Q4849D5",
        "rating": "",
        "totalReviews": "",
        "subtitle": "",
        "isPrimeEligible": "0"
    },
    {
        "ASIN": "B081W68DP2",
        "title": "Knives Out",
        "price": "$9.99",
        "listPrice": "",
        "imageUrl": "https://m.media-amazon.com/images/I/51e0alhyZML._SL160_.jpg",
        "detailPageURL": "https://www.amazon.com/dp/B081W68DP2",
        "rating": "4.6",
        "totalReviews": "91752",
        "subtitle": "",
        "isPrimeEligible": "0"
    },
    {
        "ASIN": "B07W6XCBHG",
        "title": "Speidel Scrub Petite Watch Made for Doctors, Nurses, EMT, Surgeons and Students w/Red Second Hand in Purple",
        "price": "$49.00",
        "listPrice": "",
        "imageUrl": "https://m.media-amazon.com/images/I/310KUTr1EtL._SL160_.jpg",
        "detailPageURL": "https://www.amazon.com/dp/B07W6XCBHG",
        "rating": "4.5",
        "totalReviews": "2997",
        "subtitle": "",
        "isPrimeEligible": "1"
    },
    {
        "ASIN": "B0055FF2HG",
        "title": "Mineral Fusion Face Scrub, Skin Renewing, 4 Ounce",
        "price": "$14.55 ($3.64 / Ounce)",
        "listPrice": "",
        "imageUrl": "https://m.media-amazon.com/images/I/21PDSxulTYL._SL160_.jpg",
        "detailPageURL": "https://www.amazon.com/dp/B0055FF2HG",
        "rating": "4.6",
        "totalReviews": "1177",
        "subtitle": "Mineral Fusion",
        "isPrimeEligible": "0"
    },
    {
        "ASIN": "B010D6V1R6",
        "title": "DERMA E Purifying Daily Facial Detox Scrub with Activated Charcoal and Seaweed Extract \u2013Exfoliating Face Scrub Cleanses, Smooths and Brightens, 4oz",
        "price": "$11.49 ($2.87 / Ounce)",
        "listPrice": "$15.50 ($3.88 / Ounce)",
        "imageUrl": "https://m.media-amazon.com/images/I/31z9V3rcdbL._SL160_.jpg",
        "detailPageURL": "https://www.amazon.com/dp/B010D6V1R6",
        "rating": "4.6",
        "totalReviews": "1250",
        "subtitle": "",
        "isPrimeEligible": "1"
    },
    {
        "ASIN": "B0BX9RKZ9T",
        "title": "Silicone Face Scrubber, New Upgrade Gentle Rubber Face Scrubber Exfoliator, Face Scrubber for Cleansing and Exfoliating Can Removes Dead & Dry Skin, Silicone Face Scrubber for Men and Women (Black)",
        "price": "$4.99",
        "listPrice": "$6.99",
        "imageUrl": "https://m.media-amazon.com/images/I/4133zXwBA0L._SL160_.jpg",
        "detailPageURL": "https://www.amazon.com/dp/B0BX9RKZ9T",
        "rating": "3.9",
        "totalReviews": "73",
        "subtitle": "VWMYQ",
        "isPrimeEligible": "1"
    },
    {
        "ASIN": "B077Y87XNG",
        "title": "Exfoliating Face Scrub & Exfoliating Face Wash (2 in 1) - Face Exfoliator Scrub, Microdermabrasion Facial Scrub, Exfoliating Scrub in Natural Face Wash Base, Facial Exfoliator, Exfoliante Para La Cara\u2026",
        "price": "$24.99 ($6.25 / Fl Oz)",
        "listPrice": "$26.99 ($6.75 / Fl Oz)",
        "imageUrl": "https://m.media-amazon.com/images/I/51-a1bg2OpL._SL160_.jpg",
        "detailPageURL": "https://www.amazon.com/dp/B077Y87XNG",
        "rating": "4.5",
        "totalReviews": "1190",
        "subtitle": "Beauty by Earth",
        "isPrimeEligible": "1"
    },
    {
        "ASIN": "B0036Y10K6",
        "title": "St Ives Gentle Apricot Facial Scrub 150Ml",
        "price": "$4.69 ($0.93 / Fl Oz)",
        "listPrice": "",
        "imageUrl": "https://m.media-amazon.com/images/I/51etht9bb6L._SL160_.jpg",
        "detailPageURL": "https://www.amazon.com/dp/B0036Y10K6",
        "rating": "4.6",
        "totalReviews": "1032",
        "subtitle": "",
        "isPrimeEligible": "1"
    },
    {
        "ASIN": "B00P1Q0BAM",
        "title": "Homemade Facial Masks Recipes: Homemade Face Masks For Sensitive, Dry or Oily Skin",
        "price": "$2.99",
        "listPrice": "",
        "imageUrl": "https://m.media-amazon.com/images/I/41ZmL2lvXoL._SL160_.jpg",
        "detailPageURL": "https://www.amazon.com/dp/B00P1Q0BAM",
        "rating": "4.8",
        "totalReviews": "8",
        "subtitle": "",
        "isPrimeEligible": "0"
    },
    {
        "ASIN": "B07Q4849D5",
        "title": "Changing Faces / Scrubbing the Scene",
        "price": "$0.99",
        "listPrice": "",
        "imageUrl": "https://m.media-amazon.com/images/I/51u0a93qWpL._SL160_.jpg",
        "detailPageURL": "https://www.amazon.com/dp/B07Q4849D5",
        "rating": "",
        "totalReviews": "",
        "subtitle": "",
        "isPrimeEligible": "0"
    },
    {
        "ASIN": "B081W68DP2",
        "title": "Knives Out",
        "price": "$9.99",
        "listPrice": "",
        "imageUrl": "https://m.media-amazon.com/images/I/51e0alhyZML._SL160_.jpg",
        "detailPageURL": "https://www.amazon.com/dp/B081W68DP2",
        "rating": "4.6",
        "totalReviews": "91752",
        "subtitle": "",
        "isPrimeEligible": "0"
    },
    {
        "ASIN": "B07W6XCBHG",
        "title": "Speidel Scrub Petite Watch Made for Doctors, Nurses, EMT, Surgeons and Students w/Red Second Hand in Purple",
        "price": "$49.00",
        "listPrice": "",
        "imageUrl": "https://m.media-amazon.com/images/I/310KUTr1EtL._SL160_.jpg",
        "detailPageURL": "https://www.amazon.com/dp/B07W6XCBHG",
        "rating": "4.5",
        "totalReviews": "2997",
        "subtitle": "",
        "isPrimeEligible": "1"
    },
    {
        "ASIN": "B0055FF2HG",
        "title": "Mineral Fusion Face Scrub, Skin Renewing, 4 Ounce",
        "price": "$14.55 ($3.64 / Ounce)",
        "listPrice": "",
        "imageUrl": "https://m.media-amazon.com/images/I/21PDSxulTYL._SL160_.jpg",
        "detailPageURL": "https://www.amazon.com/dp/B0055FF2HG",
        "rating": "4.6",
        "totalReviews": "1177",
        "subtitle": "Mineral Fusion",
        "isPrimeEligible": "0"
    },
    {
        "ASIN": "B010D6V1R6",
        "title": "DERMA E Purifying Daily Facial Detox Scrub with Activated Charcoal and Seaweed Extract \u2013Exfoliating Face Scrub Cleanses, Smooths and Brightens, 4oz",
        "price": "$11.49 ($2.87 / Ounce)",
        "listPrice": "$15.50 ($3.88 / Ounce)",
        "imageUrl": "https://m.media-amazon.com/images/I/31z9V3rcdbL._SL160_.jpg",
        "detailPageURL": "https://www.amazon.com/dp/B010D6V1R6",
        "rating": "4.6",
        "totalReviews": "1250",
        "subtitle": "",
        "isPrimeEligible": "1"
    },
    {
        "ASIN": "B0BX9RKZ9T",
        "title": "Silicone Face Scrubber, New Upgrade Gentle Rubber Face Scrubber Exfoliator, Face Scrubber for Cleansing and Exfoliating Can Removes Dead & Dry Skin, Silicone Face Scrubber for Men and Women (Black)",
        "price": "$4.99",
        "listPrice": "$6.99",
        "imageUrl": "https://m.media-amazon.com/images/I/4133zXwBA0L._SL160_.jpg",
        "detailPageURL": "https://www.amazon.com/dp/B0BX9RKZ9T",
        "rating": "3.9",
        "totalReviews": "73",
        "subtitle": "VWMYQ",
        "isPrimeEligible": "1"
    },
    {
        "ASIN": "B077Y87XNG",
        "title": "Exfoliating Face Scrub & Exfoliating Face Wash (2 in 1) - Face Exfoliator Scrub, Microdermabrasion Facial Scrub, Exfoliating Scrub in Natural Face Wash Base, Facial Exfoliator, Exfoliante Para La Cara\u2026",
        "price": "$24.99 ($6.25 / Fl Oz)",
        "listPrice": "$26.99 ($6.75 / Fl Oz)",
        "imageUrl": "https://m.media-amazon.com/images/I/51-a1bg2OpL._SL160_.jpg",
        "detailPageURL": "https://www.amazon.com/dp/B077Y87XNG",
        "rating": "4.5",
        "totalReviews": "1190",
        "subtitle": "Beauty by Earth",
        "isPrimeEligible": "1"
    },
    {
        "ASIN": "B0036Y10K6",
        "title": "St Ives Gentle Apricot Facial Scrub 150Ml",
        "price": "$4.69 ($0.93 / Fl Oz)",
        "listPrice": "",
        "imageUrl": "https://m.media-amazon.com/images/I/51etht9bb6L._SL160_.jpg",
        "detailPageURL": "https://www.amazon.com/dp/B0036Y10K6",
        "rating": "4.6",
        "totalReviews": "1032",
        "subtitle": "",
        "isPrimeEligible": "1"
    },
    {
        "ASIN": "B01HAFYLDE",
        "title": "St. Ives Naturally Clear Apricot Scrub, Blemish Control 6 oz (Pack of 2)",
        "price": "$9.73 ($0.81 / Ounce)",
        "listPrice": "",
        "imageUrl": "https://m.media-amazon.com/images/I/41PMqedYlkL._SL160_.jpg",
        "detailPageURL": "https://www.amazon.com/dp/B01HAFYLDE",
        "rating": "4.8",
        "totalReviews": "1319",
        "subtitle": "St. Ives",
        "isPrimeEligible": "1"
    },
    {
        "ASIN": "B07Q4849D5",
        "title": "Changing Faces / Scrubbing the Scene",
        "price": "$0.99",
        "listPrice": "",
        "imageUrl": "https://m.media-amazon.com/images/I/51u0a93qWpL._SL160_.jpg",
        "detailPageURL": "https://www.amazon.com/dp/B07Q4849D5",
        "rating": "",
        "totalReviews": "",
        "subtitle": "",
        "isPrimeEligible": "0"
    },
    {
        "ASIN": "B081W68DP2",
        "title": "Knives Out",
        "price": "$9.99",
        "listPrice": "",
        "imageUrl": "https://m.media-amazon.com/images/I/51e0alhyZML._SL160_.jpg",
        "detailPageURL": "https://www.amazon.com/dp/B081W68DP2",
        "rating": "4.6",
        "totalReviews": "91752",
        "subtitle": "",
        "isPrimeEligible": "0"
    },
    {
        "ASIN": "B07W6XCBHG",
        "title": "Speidel Scrub Petite Watch Made for Doctors, Nurses, EMT, Surgeons and Students w/Red Second Hand in Purple",
        "price": "$49.00",
        "listPrice": "",
        "imageUrl": "https://m.media-amazon.com/images/I/310KUTr1EtL._SL160_.jpg",
        "detailPageURL": "https://www.amazon.com/dp/B07W6XCBHG",
        "rating": "4.5",
        "totalReviews": "2997",
        "subtitle": "",
        "isPrimeEligible": "1"
    },
    {
        "ASIN": "B0055FF2HG",
        "title": "Mineral Fusion Face Scrub, Skin Renewing, 4 Ounce",
        "price": "$14.55 ($3.64 / Ounce)",
        "listPrice": "",
        "imageUrl": "https://m.media-amazon.com/images/I/21PDSxulTYL._SL160_.jpg",
        "detailPageURL": "https://www.amazon.com/dp/B0055FF2HG",
        "rating": "4.6",
        "totalReviews": "1177",
        "subtitle": "Mineral Fusion",
        "isPrimeEligible": "0"
    },
    {
        "ASIN": "B010D6V1R6",
        "title": "DERMA E Purifying Daily Facial Detox Scrub with Activated Charcoal and Seaweed Extract \u2013Exfoliating Face Scrub Cleanses, Smooths and Brightens, 4oz",
        "price": "$11.49 ($2.87 / Ounce)",
        "listPrice": "$15.50 ($3.88 / Ounce)",
        "imageUrl": "https://m.media-amazon.com/images/I/31z9V3rcdbL._SL160_.jpg",
        "detailPageURL": "https://www.amazon.com/dp/B010D6V1R6",
        "rating": "4.6",
        "totalReviews": "1250",
        "subtitle": "",
        "isPrimeEligible": "1"
    },
    {
        "ASIN": "B0BX9RKZ9T",
        "title": "Silicone Face Scrubber, New Upgrade Gentle Rubber Face Scrubber Exfoliator, Face Scrubber for Cleansing and Exfoliating Can Removes Dead & Dry Skin, Silicone Face Scrubber for Men and Women (Black)",
        "price": "$4.99",
        "listPrice": "$6.99",
        "imageUrl": "https://m.media-amazon.com/images/I/4133zXwBA0L._SL160_.jpg",
        "detailPageURL": "https://www.amazon.com/dp/B0BX9RKZ9T",
        "rating": "3.9",
        "totalReviews": "73",
        "subtitle": "VWMYQ",
        "isPrimeEligible": "1"
    },
    {
        "ASIN": "B077Y87XNG",
        "title": "Exfoliating Face Scrub & Exfoliating Face Wash (2 in 1) - Face Exfoliator Scrub, Microdermabrasion Facial Scrub, Exfoliating Scrub in Natural Face Wash Base, Facial Exfoliator, Exfoliante Para La Cara\u2026",
        "price": "$24.99 ($6.25 / Fl Oz)",
        "listPrice": "$26.99 ($6.75 / Fl Oz)",
        "imageUrl": "https://m.media-amazon.com/images/I/51-a1bg2OpL._SL160_.jpg",
        "detailPageURL": "https://www.amazon.com/dp/B077Y87XNG",
        "rating": "4.5",
        "totalReviews": "1190",
        "subtitle": "Beauty by Earth",
        "isPrimeEligible": "1"
    },
    {
        "ASIN": "B0036Y10K6",
        "title": "St Ives Gentle Apricot Facial Scrub 150Ml",
        "price": "$4.69 ($0.93 / Fl Oz)",
        "listPrice": "",
        "imageUrl": "https://m.media-amazon.com/images/I/51etht9bb6L._SL160_.jpg",
        "detailPageURL": "https://www.amazon.com/dp/B0036Y10K6",
        "rating": "4.6",
        "totalReviews": "1032",
        "subtitle": "",
        "isPrimeEligible": "1"
    },
    {
        "ASIN": "B01HAFYLDE",
        "title": "St. Ives Naturally Clear Apricot Scrub, Blemish Control 6 oz (Pack of 2)",
        "price": "$9.73 ($0.81 / Ounce)",
        "listPrice": "",
        "imageUrl": "https://m.media-amazon.com/images/I/41PMqedYlkL._SL160_.jpg",
        "detailPageURL": "https://www.amazon.com/dp/B01HAFYLDE",
        "rating": "4.8",
        "totalReviews": "1319",
        "subtitle": "St. Ives",
        "isPrimeEligible": "1"
    },
    {
        "ASIN": "B0000CCW1N",
        "title": "DERMA E Microdermabrasion Scrub with Dead Sea Salt & Citrus Essential Oils \u2013 Facial Exfoliating Scrub Smooths, Revitalizes and Renews \u2013 Ideal for Scars and Wrinkles, 2oz",
        "price": "$18.79 ($9.40 / Ounce)",
        "listPrice": "$32.50 ($16.25 / Ounce)",
        "imageUrl": "https://m.media-amazon.com/images/I/41TrLxMvOFL._SL160_.jpg",
        "detailPageURL": "https://www.amazon.com/dp/B0000CCW1N",
        "rating": "4.7",
        "totalReviews": "2623",
        "subtitle": "DERMA-E",
        "isPrimeEligible": "1"
    },
    {
        "ASIN": "B081W68DP2",
        "title": "Knives Out",
        "price": "$9.99",
        "listPrice": "",
        "imageUrl": "https://m.media-amazon.com/images/I/51e0alhyZML._SL160_.jpg",
        "detailPageURL": "https://www.amazon.com/dp/B081W68DP2",
        "rating": "4.6",
        "totalReviews": "91752",
        "subtitle": "",
        "isPrimeEligible": "0"
    },
    {
        "ASIN": "B07W6XCBHG",
        "title": "Speidel Scrub Petite Watch Made for Doctors, Nurses, EMT, Surgeons and Students w/Red Second Hand in Purple",
        "price": "$49.00",
        "listPrice": "",
        "imageUrl": "https://m.media-amazon.com/images/I/310KUTr1EtL._SL160_.jpg",
        "detailPageURL": "https://www.amazon.com/dp/B07W6XCBHG",
        "rating": "4.5",
        "totalReviews": "2997",
        "subtitle": "",
        "isPrimeEligible": "1"
    },
    {
        "ASIN": "B0055FF2HG",
        "title": "Mineral Fusion Face Scrub, Skin Renewing, 4 Ounce",
        "price": "$14.55 ($3.64 / Ounce)",
        "listPrice": "",
        "imageUrl": "https://m.media-amazon.com/images/I/21PDSxulTYL._SL160_.jpg",
        "detailPageURL": "https://www.amazon.com/dp/B0055FF2HG",
        "rating": "4.6",
        "totalReviews": "1177",
        "subtitle": "Mineral Fusion",
        "isPrimeEligible": "0"
    },
    {
        "ASIN": "B010D6V1R6",
        "title": "DERMA E Purifying Daily Facial Detox Scrub with Activated Charcoal and Seaweed Extract \u2013Exfoliating Face Scrub Cleanses, Smooths and Brightens, 4oz",
        "price": "$11.49 ($2.87 / Ounce)",
        "listPrice": "$15.50 ($3.88 / Ounce)",
        "imageUrl": "https://m.media-amazon.com/images/I/31z9V3rcdbL._SL160_.jpg",
        "detailPageURL": "https://www.amazon.com/dp/B010D6V1R6",
        "rating": "4.6",
        "totalReviews": "1250",
        "subtitle": "",
        "isPrimeEligible": "1"
    },
    {
        "ASIN": "B0BX9RKZ9T",
        "title": "Silicone Face Scrubber, New Upgrade Gentle Rubber Face Scrubber Exfoliator, Face Scrubber for Cleansing and Exfoliating Can Removes Dead & Dry Skin, Silicone Face Scrubber for Men and Women (Black)",
        "price": "$4.99",
        "listPrice": "$6.99",
        "imageUrl": "https://m.media-amazon.com/images/I/4133zXwBA0L._SL160_.jpg",
        "detailPageURL": "https://www.amazon.com/dp/B0BX9RKZ9T",
        "rating": "3.9",
        "totalReviews": "73",
        "subtitle": "VWMYQ",
        "isPrimeEligible": "1"
    },
    {
        "ASIN": "B077Y87XNG",
        "title": "Exfoliating Face Scrub & Exfoliating Face Wash (2 in 1) - Face Exfoliator Scrub, Microdermabrasion Facial Scrub, Exfoliating Scrub in Natural Face Wash Base, Facial Exfoliator, Exfoliante Para La Cara\u2026",
        "price": "$24.99 ($6.25 / Fl Oz)",
        "listPrice": "$26.99 ($6.75 / Fl Oz)",
        "imageUrl": "https://m.media-amazon.com/images/I/51-a1bg2OpL._SL160_.jpg",
        "detailPageURL": "https://www.amazon.com/dp/B077Y87XNG",
        "rating": "4.5",
        "totalReviews": "1190",
        "subtitle": "Beauty by Earth",
        "isPrimeEligible": "1"
    },
    {
        "ASIN": "B0036Y10K6",
        "title": "St Ives Gentle Apricot Facial Scrub 150Ml",
        "price": "$4.69 ($0.93 / Fl Oz)",
        "listPrice": "",
        "imageUrl": "https://m.media-amazon.com/images/I/51etht9bb6L._SL160_.jpg",
        "detailPageURL": "https://www.amazon.com/dp/B0036Y10K6",
        "rating": "4.6",
        "totalReviews": "1032",
        "subtitle": "",
        "isPrimeEligible": "1"
    },
    {
        "ASIN": "B01HAFYLDE",
        "title": "St. Ives Naturally Clear Apricot Scrub, Blemish Control 6 oz (Pack of 2)",
        "price": "$9.73 ($0.81 / Ounce)",
        "listPrice": "",
        "imageUrl": "https://m.media-amazon.com/images/I/41PMqedYlkL._SL160_.jpg",
        "detailPageURL": "https://www.amazon.com/dp/B01HAFYLDE",
        "rating": "4.8",
        "totalReviews": "1319",
        "subtitle": "St. Ives",
        "isPrimeEligible": "1"
    },
    {
        "ASIN": "B0000CCW1N",
        "title": "DERMA E Microdermabrasion Scrub with Dead Sea Salt & Citrus Essential Oils \u2013 Facial Exfoliating Scrub Smooths, Revitalizes and Renews \u2013 Ideal for Scars and Wrinkles, 2oz",
        "price": "$18.79 ($9.40 / Ounce)",
        "listPrice": "$32.50 ($16.25 / Ounce)",
        "imageUrl": "https://m.media-amazon.com/images/I/41TrLxMvOFL._SL160_.jpg",
        "detailPageURL": "https://www.amazon.com/dp/B0000CCW1N",
        "rating": "4.7",
        "totalReviews": "2623",
        "subtitle": "DERMA-E",
        "isPrimeEligible": "1"
    },
    {
        "ASIN": "B08FCWHJVX",
        "title": "Vitamins and Sea Beauty, Hydrating Exfoliating Face Cleansing Wash Scrub, Deep Pore Cleanser with Monoi Oil and Sea Kelp Seaweed Skincare, 5.1 Fl Oz",
        "price": "$9.99 ($1.96 / Fl Oz)",
        "listPrice": "",
        "imageUrl": "https://m.media-amazon.com/images/I/31CypW6If2L._SL160_.jpg",
        "detailPageURL": "https://www.amazon.com/dp/B08FCWHJVX",
        "rating": "4.7",
        "totalReviews": "201",
        "subtitle": "VITAMINS AND SEA BEAUTY",
        "isPrimeEligible": "1"
    },
    {
        "ASIN": "B07W6XCBHG",
        "title": "Speidel Scrub Petite Watch Made for Doctors, Nurses, EMT, Surgeons and Students w/Red Second Hand in Purple",
        "price": "$49.00",
        "listPrice": "",
        "imageUrl": "https://m.media-amazon.com/images/I/310KUTr1EtL._SL160_.jpg",
        "detailPageURL": "https://www.amazon.com/dp/B07W6XCBHG",
        "rating": "4.5",
        "totalReviews": "2997",
        "subtitle": "",
        "isPrimeEligible": "1"
    },
    {
        "ASIN": "B0055FF2HG",
        "title": "Mineral Fusion Face Scrub, Skin Renewing, 4 Ounce",
        "price": "$14.55 ($3.64 / Ounce)",
        "listPrice": "",
        "imageUrl": "https://m.media-amazon.com/images/I/21PDSxulTYL._SL160_.jpg",
        "detailPageURL": "https://www.amazon.com/dp/B0055FF2HG",
        "rating": "4.6",
        "totalReviews": "1177",
        "subtitle": "Mineral Fusion",
        "isPrimeEligible": "0"
    },
    {
        "ASIN": "B010D6V1R6",
        "title": "DERMA E Purifying Daily Facial Detox Scrub with Activated Charcoal and Seaweed Extract \u2013Exfoliating Face Scrub Cleanses, Smooths and Brightens, 4oz",
        "price": "$11.49 ($2.87 / Ounce)",
        "listPrice": "$15.50 ($3.88 / Ounce)",
        "imageUrl": "https://m.media-amazon.com/images/I/31z9V3rcdbL._SL160_.jpg",
        "detailPageURL": "https://www.amazon.com/dp/B010D6V1R6",
        "rating": "4.6",
        "totalReviews": "1250",
        "subtitle": "",
        "isPrimeEligible": "1"
    },
    {
        "ASIN": "B0BX9RKZ9T",
        "title": "Silicone Face Scrubber, New Upgrade Gentle Rubber Face Scrubber Exfoliator, Face Scrubber for Cleansing and Exfoliating Can Removes Dead & Dry Skin, Silicone Face Scrubber for Men and Women (Black)",
        "price": "$4.99",
        "listPrice": "$6.99",
        "imageUrl": "https://m.media-amazon.com/images/I/4133zXwBA0L._SL160_.jpg",
        "detailPageURL": "https://www.amazon.com/dp/B0BX9RKZ9T",
        "rating": "3.9",
        "totalReviews": "73",
        "subtitle": "VWMYQ",
        "isPrimeEligible": "1"
    },
    {
        "ASIN": "B077Y87XNG",
        "title": "Exfoliating Face Scrub & Exfoliating Face Wash (2 in 1) - Face Exfoliator Scrub, Microdermabrasion Facial Scrub, Exfoliating Scrub in Natural Face Wash Base, Facial Exfoliator, Exfoliante Para La Cara\u2026",
        "price": "$24.99 ($6.25 / Fl Oz)",
        "listPrice": "$26.99 ($6.75 / Fl Oz)",
        "imageUrl": "https://m.media-amazon.com/images/I/51-a1bg2OpL._SL160_.jpg",
        "detailPageURL": "https://www.amazon.com/dp/B077Y87XNG",
        "rating": "4.5",
        "totalReviews": "1190",
        "subtitle": "Beauty by Earth",
        "isPrimeEligible": "1"
    },
    {
        "ASIN": "B0036Y10K6",
        "title": "St Ives Gentle Apricot Facial Scrub 150Ml",
        "price": "$4.69 ($0.93 / Fl Oz)",
        "listPrice": "",
        "imageUrl": "https://m.media-amazon.com/images/I/51etht9bb6L._SL160_.jpg",
        "detailPageURL": "https://www.amazon.com/dp/B0036Y10K6",
        "rating": "4.6",
        "totalReviews": "1032",
        "subtitle": "",
        "isPrimeEligible": "1"
    },
    {
        "ASIN": "B01HAFYLDE",
        "title": "St. Ives Naturally Clear Apricot Scrub, Blemish Control 6 oz (Pack of 2)",
        "price": "$9.73 ($0.81 / Ounce)",
        "listPrice": "",
        "imageUrl": "https://m.media-amazon.com/images/I/41PMqedYlkL._SL160_.jpg",
        "detailPageURL": "https://www.amazon.com/dp/B01HAFYLDE",
        "rating": "4.8",
        "totalReviews": "1319",
        "subtitle": "St. Ives",
        "isPrimeEligible": "1"
    },
    {
        "ASIN": "B0000CCW1N",
        "title": "DERMA E Microdermabrasion Scrub with Dead Sea Salt & Citrus Essential Oils \u2013 Facial Exfoliating Scrub Smooths, Revitalizes and Renews \u2013 Ideal for Scars and Wrinkles, 2oz",
        "price": "$18.79 ($9.40 / Ounce)",
        "listPrice": "$32.50 ($16.25 / Ounce)",
        "imageUrl": "https://m.media-amazon.com/images/I/41TrLxMvOFL._SL160_.jpg",
        "detailPageURL": "https://www.amazon.com/dp/B0000CCW1N",
        "rating": "4.7",
        "totalReviews": "2623",
        "subtitle": "DERMA-E",
        "isPrimeEligible": "1"
    },
    {
        "ASIN": "B08FCWHJVX",
        "title": "Vitamins and Sea Beauty, Hydrating Exfoliating Face Cleansing Wash Scrub, Deep Pore Cleanser with Monoi Oil and Sea Kelp Seaweed Skincare, 5.1 Fl Oz",
        "price": "$9.99 ($1.96 / Fl Oz)",
        "listPrice": "",
        "imageUrl": "https://m.media-amazon.com/images/I/31CypW6If2L._SL160_.jpg",
        "detailPageURL": "https://www.amazon.com/dp/B08FCWHJVX",
        "rating": "4.7",
        "totalReviews": "201",
        "subtitle": "VITAMINS AND SEA BEAUTY",
        "isPrimeEligible": "1"
    },
    {
        "ASIN": "B076KYPY23",
        "title": "DRMTLGY Microdermabrasion Facial Scrub and Face Mask. Non-Abrasive Face Exfoliator Improves Acne Scars, Blackheads, Pore Size, and Skin Texture. 2 oz",
        "price": "$16.95 ($8.48 / Ounce)",
        "listPrice": "",
        "imageUrl": "https://m.media-amazon.com/images/I/31F7Ozgy+WL._SL160_.jpg",
        "detailPageURL": "https://www.amazon.com/dp/B076KYPY23",
        "rating": "4.6",
        "totalReviews": "8526",
        "subtitle": "DRMTLGY",
        "isPrimeEligible": "1"
    },
    {
        "ASIN": "B0055FF2HG",
        "title": "Mineral Fusion Face Scrub, Skin Renewing, 4 Ounce",
        "price": "$14.55 ($3.64 / Ounce)",
        "listPrice": "",
        "imageUrl": "https://m.media-amazon.com/images/I/21PDSxulTYL._SL160_.jpg",
        "detailPageURL": "https://www.amazon.com/dp/B0055FF2HG",
        "rating": "4.6",
        "totalReviews": "1177",
        "subtitle": "Mineral Fusion",
        "isPrimeEligible": "0"
    },
    {
        "ASIN": "B010D6V1R6",
        "title": "DERMA E Purifying Daily Facial Detox Scrub with Activated Charcoal and Seaweed Extract \u2013Exfoliating Face Scrub Cleanses, Smooths and Brightens, 4oz",
        "price": "$11.49 ($2.87 / Ounce)",
        "listPrice": "$15.50 ($3.88 / Ounce)",
        "imageUrl": "https://m.media-amazon.com/images/I/31z9V3rcdbL._SL160_.jpg",
        "detailPageURL": "https://www.amazon.com/dp/B010D6V1R6",
        "rating": "4.6",
        "totalReviews": "1250",
        "subtitle": "",
        "isPrimeEligible": "1"
    },
    {
        "ASIN": "B0BX9RKZ9T",
        "title": "Silicone Face Scrubber, New Upgrade Gentle Rubber Face Scrubber Exfoliator, Face Scrubber for Cleansing and Exfoliating Can Removes Dead & Dry Skin, Silicone Face Scrubber for Men and Women (Black)",
        "price": "$4.99",
        "listPrice": "$6.99",
        "imageUrl": "https://m.media-amazon.com/images/I/4133zXwBA0L._SL160_.jpg",
        "detailPageURL": "https://www.amazon.com/dp/B0BX9RKZ9T",
        "rating": "3.9",
        "totalReviews": "73",
        "subtitle": "VWMYQ",
        "isPrimeEligible": "1"
    },
    {
        "ASIN": "B077Y87XNG",
        "title": "Exfoliating Face Scrub & Exfoliating Face Wash (2 in 1) - Face Exfoliator Scrub, Microdermabrasion Facial Scrub, Exfoliating Scrub in Natural Face Wash Base, Facial Exfoliator, Exfoliante Para La Cara\u2026",
        "price": "$24.99 ($6.25 / Fl Oz)",
        "listPrice": "$26.99 ($6.75 / Fl Oz)",
        "imageUrl": "https://m.media-amazon.com/images/I/51-a1bg2OpL._SL160_.jpg",
        "detailPageURL": "https://www.amazon.com/dp/B077Y87XNG",
        "rating": "4.5",
        "totalReviews": "1190",
        "subtitle": "Beauty by Earth",
        "isPrimeEligible": "1"
    },
    {
        "ASIN": "B0036Y10K6",
        "title": "St Ives Gentle Apricot Facial Scrub 150Ml",
        "price": "$4.69 ($0.93 / Fl Oz)",
        "listPrice": "",
        "imageUrl": "https://m.media-amazon.com/images/I/51etht9bb6L._SL160_.jpg",
        "detailPageURL": "https://www.amazon.com/dp/B0036Y10K6",
        "rating": "4.6",
        "totalReviews": "1032",
        "subtitle": "",
        "isPrimeEligible": "1"
    },
    {
        "ASIN": "B01HAFYLDE",
        "title": "St. Ives Naturally Clear Apricot Scrub, Blemish Control 6 oz (Pack of 2)",
        "price": "$9.73 ($0.81 / Ounce)",
        "listPrice": "",
        "imageUrl": "https://m.media-amazon.com/images/I/41PMqedYlkL._SL160_.jpg",
        "detailPageURL": "https://www.amazon.com/dp/B01HAFYLDE",
        "rating": "4.8",
        "totalReviews": "1319",
        "subtitle": "St. Ives",
        "isPrimeEligible": "1"
    },
    {
        "ASIN": "B0000CCW1N",
        "title": "DERMA E Microdermabrasion Scrub with Dead Sea Salt & Citrus Essential Oils \u2013 Facial Exfoliating Scrub Smooths, Revitalizes and Renews \u2013 Ideal for Scars and Wrinkles, 2oz",
        "price": "$18.79 ($9.40 / Ounce)",
        "listPrice": "$32.50 ($16.25 / Ounce)",
        "imageUrl": "https://m.media-amazon.com/images/I/41TrLxMvOFL._SL160_.jpg",
        "detailPageURL": "https://www.amazon.com/dp/B0000CCW1N",
        "rating": "4.7",
        "totalReviews": "2623",
        "subtitle": "DERMA-E",
        "isPrimeEligible": "1"
    },
    {
        "ASIN": "B08FCWHJVX",
        "title": "Vitamins and Sea Beauty, Hydrating Exfoliating Face Cleansing Wash Scrub, Deep Pore Cleanser with Monoi Oil and Sea Kelp Seaweed Skincare, 5.1 Fl Oz",
        "price": "$9.99 ($1.96 / Fl Oz)",
        "listPrice": "",
        "imageUrl": "https://m.media-amazon.com/images/I/31CypW6If2L._SL160_.jpg",
        "detailPageURL": "https://www.amazon.com/dp/B08FCWHJVX",
        "rating": "4.7",
        "totalReviews": "201",
        "subtitle": "VITAMINS AND SEA BEAUTY",
        "isPrimeEligible": "1"
    },
    {
        "ASIN": "B076KYPY23",
        "title": "DRMTLGY Microdermabrasion Facial Scrub and Face Mask. Non-Abrasive Face Exfoliator Improves Acne Scars, Blackheads, Pore Size, and Skin Texture. 2 oz",
        "price": "$16.95 ($8.48 / Ounce)",
        "listPrice": "",
        "imageUrl": "https://m.media-amazon.com/images/I/31F7Ozgy+WL._SL160_.jpg",
        "detailPageURL": "https://www.amazon.com/dp/B076KYPY23",
        "rating": "4.6",
        "totalReviews": "8526",
        "subtitle": "DRMTLGY",
        "isPrimeEligible": "1"
    },
    {
        "ASIN": "B00VWKK5IY",
        "title": "Mario Badescu Botanical Exfoliating Scrub for All Skin Types, Face Scrub with Ivory Palm Seeds & Green Tea Extract, Gentle Exfoliating Face Wash, 3.4 Fl Oz",
        "price": "$26.00 ($7.65 / Fl Oz)",
        "listPrice": "",
        "imageUrl": "https://m.media-amazon.com/images/I/31pfaH-KqTL._SL160_.jpg",
        "detailPageURL": "https://www.amazon.com/dp/B00VWKK5IY",
        "rating": "4.7",
        "totalReviews": "1077",
        "subtitle": "",
        "isPrimeEligible": "1"
    },
    {
        "ASIN": "B010D6V1R6",
        "title": "DERMA E Purifying Daily Facial Detox Scrub with Activated Charcoal and Seaweed Extract \u2013Exfoliating Face Scrub Cleanses, Smooths and Brightens, 4oz",
        "price": "$11.49 ($2.87 / Ounce)",
        "listPrice": "$15.50 ($3.88 / Ounce)",
        "imageUrl": "https://m.media-amazon.com/images/I/31z9V3rcdbL._SL160_.jpg",
        "detailPageURL": "https://www.amazon.com/dp/B010D6V1R6",
        "rating": "4.6",
        "totalReviews": "1250",
        "subtitle": "",
        "isPrimeEligible": "1"
    },
    {
        "ASIN": "B0BX9RKZ9T",
        "title": "Silicone Face Scrubber, New Upgrade Gentle Rubber Face Scrubber Exfoliator, Face Scrubber for Cleansing and Exfoliating Can Removes Dead & Dry Skin, Silicone Face Scrubber for Men and Women (Black)",
        "price": "$4.99",
        "listPrice": "$6.99",
        "imageUrl": "https://m.media-amazon.com/images/I/4133zXwBA0L._SL160_.jpg",
        "detailPageURL": "https://www.amazon.com/dp/B0BX9RKZ9T",
        "rating": "3.9",
        "totalReviews": "73",
        "subtitle": "VWMYQ",
        "isPrimeEligible": "1"
    },
    {
        "ASIN": "B077Y87XNG",
        "title": "Exfoliating Face Scrub & Exfoliating Face Wash (2 in 1) - Face Exfoliator Scrub, Microdermabrasion Facial Scrub, Exfoliating Scrub in Natural Face Wash Base, Facial Exfoliator, Exfoliante Para La Cara\u2026",
        "price": "$24.99 ($6.25 / Fl Oz)",
        "listPrice": "$26.99 ($6.75 / Fl Oz)",
        "imageUrl": "https://m.media-amazon.com/images/I/51-a1bg2OpL._SL160_.jpg",
        "detailPageURL": "https://www.amazon.com/dp/B077Y87XNG",
        "rating": "4.5",
        "totalReviews": "1190",
        "subtitle": "Beauty by Earth",
        "isPrimeEligible": "1"
    },
    {
        "ASIN": "B0036Y10K6",
        "title": "St Ives Gentle Apricot Facial Scrub 150Ml",
        "price": "$4.69 ($0.93 / Fl Oz)",
        "listPrice": "",
        "imageUrl": "https://m.media-amazon.com/images/I/51etht9bb6L._SL160_.jpg",
        "detailPageURL": "https://www.amazon.com/dp/B0036Y10K6",
        "rating": "4.6",
        "totalReviews": "1032",
        "subtitle": "",
        "isPrimeEligible": "1"
    },
    {
        "ASIN": "B01HAFYLDE",
        "title": "St. Ives Naturally Clear Apricot Scrub, Blemish Control 6 oz (Pack of 2)",
        "price": "$9.73 ($0.81 / Ounce)",
        "listPrice": "",
        "imageUrl": "https://m.media-amazon.com/images/I/41PMqedYlkL._SL160_.jpg",
        "detailPageURL": "https://www.amazon.com/dp/B01HAFYLDE",
        "rating": "4.8",
        "totalReviews": "1319",
        "subtitle": "St. Ives",
        "isPrimeEligible": "1"
    },
    {
        "ASIN": "B0000CCW1N",
        "title": "DERMA E Microdermabrasion Scrub with Dead Sea Salt & Citrus Essential Oils \u2013 Facial Exfoliating Scrub Smooths, Revitalizes and Renews \u2013 Ideal for Scars and Wrinkles, 2oz",
        "price": "$18.79 ($9.40 / Ounce)",
        "listPrice": "$32.50 ($16.25 / Ounce)",
        "imageUrl": "https://m.media-amazon.com/images/I/41TrLxMvOFL._SL160_.jpg",
        "detailPageURL": "https://www.amazon.com/dp/B0000CCW1N",
        "rating": "4.7",
        "totalReviews": "2623",
        "subtitle": "DERMA-E",
        "isPrimeEligible": "1"
    },
    {
        "ASIN": "B08FCWHJVX",
        "title": "Vitamins and Sea Beauty, Hydrating Exfoliating Face Cleansing Wash Scrub, Deep Pore Cleanser with Monoi Oil and Sea Kelp Seaweed Skincare, 5.1 Fl Oz",
        "price": "$9.99 ($1.96 / Fl Oz)",
        "listPrice": "",
        "imageUrl": "https://m.media-amazon.com/images/I/31CypW6If2L._SL160_.jpg",
        "detailPageURL": "https://www.amazon.com/dp/B08FCWHJVX",
        "rating": "4.7",
        "totalReviews": "201",
        "subtitle": "VITAMINS AND SEA BEAUTY",
        "isPrimeEligible": "1"
    },
    {
        "ASIN": "B076KYPY23",
        "title": "DRMTLGY Microdermabrasion Facial Scrub and Face Mask. Non-Abrasive Face Exfoliator Improves Acne Scars, Blackheads, Pore Size, and Skin Texture. 2 oz",
        "price": "$16.95 ($8.48 / Ounce)",
        "listPrice": "",
        "imageUrl": "https://m.media-amazon.com/images/I/31F7Ozgy+WL._SL160_.jpg",
        "detailPageURL": "https://www.amazon.com/dp/B076KYPY23",
        "rating": "4.6",
        "totalReviews": "8526",
        "subtitle": "DRMTLGY",
        "isPrimeEligible": "1"
    },
    {
        "ASIN": "B00VWKK5IY",
        "title": "Mario Badescu Botanical Exfoliating Scrub for All Skin Types, Face Scrub with Ivory Palm Seeds & Green Tea Extract, Gentle Exfoliating Face Wash, 3.4 Fl Oz",
        "price": "$26.00 ($7.65 / Fl Oz)",
        "listPrice": "",
        "imageUrl": "https://m.media-amazon.com/images/I/31pfaH-KqTL._SL160_.jpg",
        "detailPageURL": "https://www.amazon.com/dp/B00VWKK5IY",
        "rating": "4.7",
        "totalReviews": "1077",
        "subtitle": "",
        "isPrimeEligible": "1"
    },
    {
        "ASIN": "B0B8666NWQ",
        "title": "Aveeno Calm + Restore Nourishing PHA Facial Exfoliator Daily for Sensitive Skin, Fragrance-Free & Non-Abrasive Oat Formula to Gently Exfoliate & Cleanse Skin, Hypoallergenic, 4 fl. Oz",
        "price": "$10.67 ($2.67 / Ounce)",
        "listPrice": "$14.29 ($3.57 / Ounce)",
        "imageUrl": "https://m.media-amazon.com/images/I/41zXfAIWFuL._SL160_.jpg",
        "detailPageURL": "https://www.amazon.com/dp/B0B8666NWQ",
        "rating": "4.5",
        "totalReviews": "10666",
        "subtitle": "Aveeno",
        "isPrimeEligible": "1"
    }
]