[
    {
        "ASIN": "B000YJ2SLG",
        "title": "CeraVe Daily Moisturizing Lotion for Dry Skin | Body Lotion & Facial Moisturizer with Hyaluronic Acid and Ceramides | 12 Fl Ounce",
        "price": "$12.53 ($1.04 / Fl Oz)",
        "listPrice": "$14.99 ($1.25 / Fl Oz)",
        "imageUrl": "https://m.media-amazon.com/images/I/41PeVR6BHtL._SL160_.jpg",
        "detailPageURL": "https://www.amazon.com/dp/B000YJ2SLG",
        "rating": "4.7",
        "totalReviews": "56788",
        "subtitle": "CeraVe",
        "isPrimeEligible": "1"
    },
    {
        "ASIN": "B00TTD9BRC",
        "title": "CeraVe Moisturizing Cream | Body and Face Moisturizer for Dry Skin | Body Cream with Hyaluronic Acid and Ceramides | Hydrating Moisturizer | Fragrance Free Non-Comedogenic | 19 Ounce",
        "price": "$17.78 ($0.94 / Ounce)",
        "listPrice": "$19.49 ($1.03 / Ounce)",
        "imageUrl": "https://m.media-amazon.com/images/I/41V5hKBXqyL._SL160_.jpg",
        "detailPageURL": "https://www.amazon.com/dp/B00TTD9BRC",
        "rating": "4.8",
        "totalReviews": "122440",
        "subtitle": "CeraVe",
        "isPrimeEligible": "1"
    },
    {
        "ASIN": "B08127SC4G",
        "title": "e.l.f. SKIN Holy Hydration! Face Cream, Moisturizer For Nourishing & Plumping Skin, Infused With Hyaluronic Acid, Vegan & Cruelty-Free, 1.8 Oz",
        "price": "$12.64 ($7.02 / Ounce)",
        "listPrice": "",
        "imageUrl": "https://m.media-amazon.com/images/I/31bzezI0oLL._SL160_.jpg",
        "detailPageURL": "https://www.amazon.com/dp/B08127SC4G",
        "rating": "4.6",
        "totalReviews": "7913",
        "subtitle": "e.l.f.",
        "isPrimeEligible": "1"
    },
    {
        "ASIN": "B00NR1YQHM",
        "title": "Neutrogena Hydro Boost Hyaluronic Acid Hydrating Water Gel Daily Face Moisturizer for Dry Skin, Oil-Free, Non-Comedogenic Face Lotion, 1.7 fl. Oz",
        "price": "$15.50 ($9.12 / Ounce)",
        "listPrice": "$26.79 ($15.76 / Ounce)",
        "imageUrl": "https://m.media-amazon.com/images/I/41AbGGio1jL._SL160_.jpg",
        "detailPageURL": "https://www.amazon.com/dp/B00NR1YQHM",
        "rating": "4.6",
        "totalReviews": "82076",
        "subtitle": "Neutrogena",
        "isPrimeEligible": "1"
    },
    {
        "ASIN": "B00F97FHAW",
        "title": "CeraVe AM Facial Moisturizing Lotion SPF 30 | Oil-Free Face Moisturizer with Sunscreen | Non-Comedogenic | 3 Ounce",
        "price": "$11.93 ($3.98 / Ounce)",
        "listPrice": "$19.99 ($6.66 / Ounce)",
        "imageUrl": "https://m.media-amazon.com/images/I/41K+11aLxaL._SL160_.jpg",
        "detailPageURL": "https://www.amazon.com/dp/B00F97FHAW",
        "rating": "4.5",
        "totalReviews": "76739",
        "subtitle": "CeraVe",
        "isPrimeEligible": "1"
    },
    {
        "ASIN": "B01LEJ5MSK",
        "title": "COSRX Snail Mucin 92% Moisturizer 3.52 oz, Daily Repair Face Gel Cream for Dry Skin, Sensitive Skin, Not Tested on Animals, No Parabens, No Sulfates, No Phthalates, Korean Skincare (3.52 OZ/100g)",
        "price": "$19.20 ($0.19 / Fl Oz)",
        "listPrice": "$26.00 ($0.26 / Fl Oz)",
        "imageUrl": "https://m.media-amazon.com/images/I/41jr8+gYzPL._SL160_.jpg",
        "detailPageURL": "https://www.amazon.com/dp/B01LEJ5MSK",
        "rating": "4.6",
        "totalReviews": "23713",
        "subtitle": "COSRX",
        "isPrimeEligible": "1"
    },
    {
        "ASIN": "B08BW46XXK",
        "title": "Vanicream Daily Facial Moisturizer With Ceramides and Hyaluronic Acid - 3 fl oz - Formulated Without Common Irritants for Those with Sensitive Skin",
        "price": "$9.96 ($3.32 / Fl Oz)",
        "listPrice": "$13.95 ($4.65 / Fl Oz)",
        "imageUrl": "https://m.media-amazon.com/images/I/41ChMgZPoML._SL160_.jpg",
        "detailPageURL": "https://www.amazon.com/dp/B08BW46XXK",
        "rating": "4.6",
        "totalReviews": "14226",
        "subtitle": "Vanicream",
        "isPrimeEligible": "1"
    },
    {
        "ASIN": "B00365DABC",
        "title": "CeraVe PM Facial Moisturizing Lotion | Night Cream with Hyaluronic Acid and Niacinamide | Ultra-Lightweight, Oil-Free Moisturizer for Face | 3 Ounce",
        "price": "$14.04 ($4.68 / Ounce)",
        "listPrice": "$19.99 ($6.66 / Ounce)",
        "imageUrl": "https://m.media-amazon.com/images/I/41rqUy3OtML._SL160_.jpg",
        "detailPageURL": "https://www.amazon.com/dp/B00365DABC",
        "rating": "4.7",
        "totalReviews": "45741",
        "subtitle": "CeraVe",
        "isPrimeEligible": "1"
    },
    {
        "ASIN": "B00F64EMK4",
        "title": "Embryolisse Lait-Cr\u00e8me Concentr\u00e9, Face Cream & Makeup Primer - Shea Moisture Cream for Daily Skincare - Face Moisturizers for All Skin Types",
        "price": "$29.00 ($11.42 / Fl Oz)",
        "listPrice": "$49.99 ($19.68 / Fl Oz)",
        "imageUrl": "https://m.media-amazon.com/images/I/31NQvj3KR2L._SL160_.jpg",
        "detailPageURL": "https://www.amazon.com/dp/B00F64EMK4",
        "rating": "4.6",
        "totalReviews": "23997",
        "subtitle": "",
        "isPrimeEligible": "1"
    },
    {
        "ASIN": "B09N13T8TL",
        "title": "La Roche-Posay Toleriane Double Repair Matte Face Moisturizer, Daily Gel Moisturizer For Oily Skin Control with Niacinamide, Oil-Free, Non-Comedogenic, Moisturizing for Sensitive Skin",
        "price": "$21.99 ($8.66 / Fl Oz)",
        "listPrice": "",
        "imageUrl": "https://m.media-amazon.com/images/I/41kz4J2F3UL._SL160_.jpg",
        "detailPageURL": "https://www.amazon.com/dp/B09N13T8TL",
        "rating": "4.5",
        "totalReviews": "4174",
        "subtitle": "",
        "isPrimeEligible": "1"
    },
    {
        "ASIN": "B00TTD9BRC",
        "title": "CeraVe Moisturizing Cream | Body and Face Moisturizer for Dry Skin | Body Cream with Hyaluronic Acid and Ceramides | Hydrating Moisturizer | Fragrance Free Non-Comedogenic | 19 Ounce",
        "price": "$17.78 ($0.94 / Ounce)",
        "listPrice": "$19.49 ($1.03 / Ounce)",
        "imageUrl": "https://m.media-amazon.com/images/I/41V5hKBXqyL._SL160_.jpg",
        "detailPageURL": "https://www.amazon.com/dp/B00TTD9BRC",
        "rating": "4.8",
        "totalReviews": "122440",
        "subtitle": "CeraVe",
        "isPrimeEligible": "1"
    },
    {
        "ASIN": "B08127SC4G",
        "title": "e.l.f. SKIN Holy Hydration! Face Cream, Moisturizer For Nourishing & Plumping Skin, Infused With Hyaluronic Acid, Vegan & Cruelty-Free, 1.8 Oz",
        "price": "$12.64 ($7.02 / Ounce)",
        "listPrice": "",
        "imageUrl": "https://m.media-amazon.com/images/I/31bzezI0oLL._SL160_.jpg",
        "detailPageURL": "https://www.amazon.com/dp/B08127SC4G",
        "rating": "4.6",
        "totalReviews": "7913",
        "subtitle": "e.l.f.",
        "isPrimeEligible": "1"
    },
    {
        "ASIN": "B00NR1YQHM",
        "title": "Neutrogena Hydro Boost Hyaluronic Acid Hydrating Water Gel Daily Face Moisturizer for Dry Skin, Oil-Free, Non-Comedogenic Face Lotion, 1.7 fl. Oz",
        "price": "$15.50 ($9.12 / Ounce)",
        "listPrice": "$26.79 ($15.76 / Ounce)",
        "imageUrl": "https://m.media-amazon.com/images/I/41AbGGio1jL._SL160_.jpg",
        "detailPageURL": "https://www.amazon.com/dp/B00NR1YQHM",
        "rating": "4.6",
        "totalReviews": "82076",
        "subtitle": "Neutrogena",
        "isPrimeEligible": "1"
    },
    {
        "ASIN": "B00F97FHAW",
        "title": "CeraVe AM Facial Moisturizing Lotion SPF 30 | Oil-Free Face Moisturizer with Sunscreen | Non-Comedogenic | 3 Ounce",
        "price": "$11.93 ($3.98 / Ounce)",
        "listPrice": "$19.99 ($6.66 / Ounce)",
        "imageUrl": "https://m.media-amazon.com/images/I/41K+11aLxaL._SL160_.jpg",
        "detailPageURL": "https://www.amazon.com/dp/B00F97FHAW",
        "rating": "4.5",
        "totalReviews": "76739",
        "subtitle": "CeraVe",
        "isPrimeEligible": "1"
    },
    {
        "ASIN": "B01LEJ5MSK",
        "title": "COSRX Snail Mucin 92% Moisturizer 3.52 oz, Daily Repair Face Gel Cream for Dry Skin, Sensitive Skin, Not Tested on Animals, No Parabens, No Sulfates, No Phthalates, Korean Skincare (3.52 OZ/100g)",
        "price": "$19.20 ($0.19 / Fl Oz)",
        "listPrice": "$26.00 ($0.26 / Fl Oz)",
        "imageUrl": "https://m.media-amazon.com/images/I/41jr8+gYzPL._SL160_.jpg",
        "detailPageURL": "https://www.amazon.com/dp/B01LEJ5MSK",
        "rating": "4.6",
        "totalReviews": "23713",
        "subtitle": "COSRX",
        "isPrimeEligible": "1"
    },
    {
        "ASIN": "B08BW46XXK",
        "title": "Vanicream Daily Facial Moisturizer With Ceramides and Hyaluronic Acid - 3 fl oz - Formulated Without Common Irritants for Those with Sensitive Skin",
        "price": "$9.96 ($3.32 / Fl Oz)",
        "listPrice": "$13.95 ($4.65 / Fl Oz)",
        "imageUrl": "https://m.media-amazon.com/images/I/41ChMgZPoML._SL160_.jpg",
        "detailPageURL": "https://www.amazon.com/dp/B08BW46XXK",
        "rating": "4.6",
        "totalReviews": "14226",
        "subtitle": "Vanicream",
        "isPrimeEligible": "1"
    },
    {
        "ASIN": "B00365DABC",
        "title": "CeraVe PM Facial Moisturizing Lotion | Night Cream with Hyaluronic Acid and Niacinamide | Ultra-Lightweight, Oil-Free Moisturizer for Face | 3 Ounce",
        "price": "$14.04 ($4.68 / Ounce)",
        "listPrice": "$19.99 ($6.66 / Ounce)",
        "imageUrl": "https://m.media-amazon.com/images/I/41rqUy3OtML._SL160_.jpg",
        "detailPageURL": "https://www.amazon.com/dp/B00365DABC",
        "rating": "4.7",
        "totalReviews": "45741",
        "subtitle": "CeraVe",
        "isPrimeEligible": "1"
    },
    {
        "ASIN": "B00F64EMK4",
        "title": "Embryolisse Lait-Cr\u00e8me Concentr\u00e9, Face Cream & Makeup Primer - Shea Moisture Cream for Daily Skincare - Face Moisturizers for All Skin Types",
        "price": "$29.00 ($11.42 / Fl Oz)",
        "listPrice": "$49.99 ($19.68 / Fl Oz)",
        "imageUrl": "https://m.media-amazon.com/images/I/31NQvj3KR2L._SL160_.jpg",
        "detailPageURL": "https://www.amazon.com/dp/B00F64EMK4",
        "rating": "4.6",
        "totalReviews": "23997",
        "subtitle": "",
        "isPrimeEligible": "1"
    },
    {
        "ASIN": "B09N13T8TL",
        "title": "La Roche-Posay Toleriane Double Repair Matte Face Moisturizer, Daily Gel Moisturizer For Oily Skin Control with Niacinamide, Oil-Free, Non-Comedogenic, Moisturizing for Sensitive Skin",
        "price": "$21.99 ($8.66 / Fl Oz)",
        "listPrice": "",
        "imageUrl": "https://m.media-amazon.com/images/I/41kz4J2F3UL._SL160_.jpg",
        "detailPageURL": "https://www.amazon.com/dp/B09N13T8TL",
        "rating": "4.5",
        "totalReviews": "4174",
        "subtitle": "",
        "isPrimeEligible": "1"
    },
    {
        "ASIN": "B004TS06HG",
        "title": "CeraVe Day & Night Face Lotion Skin Care Set | Contains AM with SPF 30 and PM Face Moisturizer | Fragrance Free",
        "price": "$25.95 ($4.32 / Fl Oz)",
        "listPrice": "$34.99 ($5.83 / Fl Oz)",
        "imageUrl": "https://m.media-amazon.com/images/I/51PXjLpcuiL._SL160_.jpg",
        "detailPageURL": "https://www.amazon.com/dp/B004TS06HG",
        "rating": "4.6",
        "totalReviews": "3822",
        "subtitle": "",
        "isPrimeEligible": "1"
    },
    {
        "ASIN": "B08127SC4G",
        "title": "e.l.f. SKIN Holy Hydration! Face Cream, Moisturizer For Nourishing & Plumping Skin, Infused With Hyaluronic Acid, Vegan & Cruelty-Free, 1.8 Oz",
        "price": "$12.64 ($7.02 / Ounce)",
        "listPrice": "",
        "imageUrl": "https://m.media-amazon.com/images/I/31bzezI0oLL._SL160_.jpg",
        "detailPageURL": "https://www.amazon.com/dp/B08127SC4G",
        "rating": "4.6",
        "totalReviews": "7913",
        "subtitle": "e.l.f.",
        "isPrimeEligible": "1"
    },
    {
        "ASIN": "B00NR1YQHM",
        "title": "Neutrogena Hydro Boost Hyaluronic Acid Hydrating Water Gel Daily Face Moisturizer for Dry Skin, Oil-Free, Non-Comedogenic Face Lotion, 1.7 fl. Oz",
        "price": "$15.50 ($9.12 / Ounce)",
        "listPrice": "$26.79 ($15.76 / Ounce)",
        "imageUrl": "https://m.media-amazon.com/images/I/41AbGGio1jL._SL160_.jpg",
        "detailPageURL": "https://www.amazon.com/dp/B00NR1YQHM",
        "rating": "4.6",
        "totalReviews": "82076",
        "subtitle": "Neutrogena",
        "isPrimeEligible": "1"
    },
    {
        "ASIN": "B00F97FHAW",
        "title": "CeraVe AM Facial Moisturizing Lotion SPF 30 | Oil-Free Face Moisturizer with Sunscreen | Non-Comedogenic | 3 Ounce",
        "price": "$11.93 ($3.98 / Ounce)",
        "listPrice": "$19.99 ($6.66 / Ounce)",
        "imageUrl": "https://m.media-amazon.com/images/I/41K+11aLxaL._SL160_.jpg",
        "detailPageURL": "https://www.amazon.com/dp/B00F97FHAW",
        "rating": "4.5",
        "totalReviews": "76739",
        "subtitle": "CeraVe",
        "isPrimeEligible": "1"
    },
    {
        "ASIN": "B01LEJ5MSK",
        "title": "COSRX Snail Mucin 92% Moisturizer 3.52 oz, Daily Repair Face Gel Cream for Dry Skin, Sensitive Skin, Not Tested on Animals, No Parabens, No Sulfates, No Phthalates, Korean Skincare (3.52 OZ/100g)",
        "price": "$19.20 ($0.19 / Fl Oz)",
        "listPrice": "$26.00 ($0.26 / Fl Oz)",
        "imageUrl": "https://m.media-amazon.com/images/I/41jr8+gYzPL._SL160_.jpg",
        "detailPageURL": "https://www.amazon.com/dp/B01LEJ5MSK",
        "rating": "4.6",
        "totalReviews": "23713",
        "subtitle": "COSRX",
        "isPrimeEligible": "1"
    },
    {
        "ASIN": "B08BW46XXK",
        "title": "Vanicream Daily Facial Moisturizer With Ceramides and Hyaluronic Acid - 3 fl oz - Formulated Without Common Irritants for Those with Sensitive Skin",
        "price": "$9.96 ($3.32 / Fl Oz)",
        "listPrice": "$13.95 ($4.65 / Fl Oz)",
        "imageUrl": "https://m.media-amazon.com/images/I/41ChMgZPoML._SL160_.jpg",
        "detailPageURL": "https://www.amazon.com/dp/B08BW46XXK",
        "rating": "4.6",
        "totalReviews": "14226",
        "subtitle": "Vanicream",
        "isPrimeEligible": "1"
    },
    {
        "ASIN": "B00365DABC",
        "title": "CeraVe PM Facial Moisturizing Lotion | Night Cream with Hyaluronic Acid and Niacinamide | Ultra-Lightweight, Oil-Free Moisturizer for Face | 3 Ounce",
        "price": "$14.04 ($4.68 / Ounce)",
        "listPrice": "$19.99 ($6.66 / Ounce)",
        "imageUrl": "https://m.media-amazon.com/images/I/41rqUy3OtML._SL160_.jpg",
        "detailPageURL": "https://www.amazon.com/dp/B00365DABC",
        "rating": "4.7",
        "totalReviews": "45741",
        "subtitle": "CeraVe",
        "isPrimeEligible": "1"
    },
    {
        "ASIN": "B00F64EMK4",
        "title": "Embryolisse Lait-Cr\u00e8me Concentr\u00e9, Face Cream & Makeup Primer - Shea Moisture Cream for Daily Skincare - Face Moisturizers for All Skin Types",
        "price": "$29.00 ($11.42 / Fl Oz)",
        "listPrice": "$49.99 ($19.68 / Fl Oz)",
        "imageUrl": "https://m.media-amazon.com/images/I/31NQvj3KR2L._SL160_.jpg",
        "detailPageURL": "https://www.amazon.com/dp/B00F64EMK4",
        "rating": "4.6",
        "totalReviews": "23997",
        "subtitle": "",
        "isPrimeEligible": "1"
    },
    {
        "ASIN": "B09N13T8TL",
        "title": "La Roche-Posay Toleriane Double Repair Matte Face Moisturizer, Daily Gel Moisturizer For Oily Skin Control with Niacinamide, Oil-Free, Non-Comedogenic, Moisturizing for Sensitive Skin",
        "price": "$21.99 ($8.66 / Fl Oz)",
        "listPrice": "",
        "imageUrl": "https://m.media-amazon.com/images/I/41kz4J2F3UL._SL160_.jpg",
        "detailPageURL": "https://www.amazon.com/dp/B09N13T8TL",
        "rating": "4.5",
        "totalReviews": "4174",
        "subtitle": "",
        "isPrimeEligible": "1"
    },
    {
        "ASIN": "B004TS06HG",
        "title": "CeraVe Day & Night Face Lotion Skin Care Set | Contains AM with SPF 30 and PM Face Moisturizer | Fragrance Free",
        "price": "$25.95 ($4.32 / Fl Oz)",
        "listPrice": "$34.99 ($5.83 / Fl Oz)",
        "imageUrl": "https://m.media-amazon.com/images/I/51PXjLpcuiL._SL160_.jpg",
        "detailPageURL": "https://www.amazon.com/dp/B004TS06HG",
        "rating": "4.6",
        "totalReviews": "3822",
        "subtitle": "",
        "isPrimeEligible": "1"
    },
    {
        "ASIN": "B07ZVYMCG8",
        "title": "e.l.f., SuperHydrate Moisturiser, Fast-Absorbing, Non-Greasy, Gel Formula, Hydrates, Tones, Clarifies, Protects, Infused with Vitamin E, 1.69 Oz",
        "price": "$12.00 ($12.00 / Fl Oz)",
        "listPrice": "",
        "imageUrl": "https://m.media-amazon.com/images/I/31YzyXNzttL._SL160_.jpg",
        "detailPageURL": "https://www.amazon.com/dp/B07ZVYMCG8",
        "rating": "4.4",
        "totalReviews": "4766",
        "subtitle": "e.l.f.",
        "isPrimeEligible": "1"
    },
    {
        "ASIN": "B00NR1YQHM",
        "title": "Neutrogena Hydro Boost Hyaluronic Acid Hydrating Water Gel Daily Face Moisturizer for Dry Skin, Oil-Free, Non-Comedogenic Face Lotion, 1.7 fl. Oz",
        "price": "$15.50 ($9.12 / Ounce)",
        "listPrice": "$26.79 ($15.76 / Ounce)",
        "imageUrl": "https://m.media-amazon.com/images/I/41AbGGio1jL._SL160_.jpg",
        "detailPageURL": "https://www.amazon.com/dp/B00NR1YQHM",
        "rating": "4.6",
        "totalReviews": "82076",
        "subtitle": "Neutrogena",
        "isPrimeEligible": "1"
    },
    {
        "ASIN": "B00F97FHAW",
        "title": "CeraVe AM Facial Moisturizing Lotion SPF 30 | Oil-Free Face Moisturizer with Sunscreen | Non-Comedogenic | 3 Ounce",
        "price": "$11.93 ($3.98 / Ounce)",
        "listPrice": "$19.99 ($6.66 / Ounce)",
        "imageUrl": "https://m.media-amazon.com/images/I/41K+11aLxaL._SL160_.jpg",
        "detailPageURL": "https://www.amazon.com/dp/B00F97FHAW",
        "rating": "4.5",
        "totalReviews": "76739",
        "subtitle": "CeraVe",
        "isPrimeEligible": "1"
    },
    {
        "ASIN": "B01LEJ5MSK",
        "title": "COSRX Snail Mucin 92% Moisturizer 3.52 oz, Daily Repair Face Gel Cream for Dry Skin, Sensitive Skin, Not Tested on Animals, No Parabens, No Sulfates, No Phthalates, Korean Skincare (3.52 OZ/100g)",
        "price": "$19.20 ($0.19 / Fl Oz)",
        "listPrice": "$26.00 ($0.26 / Fl Oz)",
        "imageUrl": "https://m.media-amazon.com/images/I/41jr8+gYzPL._SL160_.jpg",
        "detailPageURL": "https://www.amazon.com/dp/B01LEJ5MSK",
        "rating": "4.6",
        "totalReviews": "23713",
        "subtitle": "COSRX",
        "isPrimeEligible": "1"
    },
    {
        "ASIN": "B08BW46XXK",
        "title": "Vanicream Daily Facial Moisturizer With Ceramides and Hyaluronic Acid - 3 fl oz - Formulated Without Common Irritants for Those with Sensitive Skin",
        "price": "$9.96 ($3.32 / Fl Oz)",
        "listPrice": "$13.95 ($4.65 / Fl Oz)",
        "imageUrl": "https://m.media-amazon.com/images/I/41ChMgZPoML._SL160_.jpg",
        "detailPageURL": "https://www.amazon.com/dp/B08BW46XXK",
        "rating": "4.6",
        "totalReviews": "14226",
        "subtitle": "Vanicream",
        "isPrimeEligible": "1"
    },
    {
        "ASIN": "B00365DABC",
        "title": "CeraVe PM Facial Moisturizing Lotion | Night Cream with Hyaluronic Acid and Niacinamide | Ultra-Lightweight, Oil-Free Moisturizer for Face | 3 Ounce",
        "price": "$14.04 ($4.68 / Ounce)",
        "listPrice": "$19.99 ($6.66 / Ounce)",
        "imageUrl": "https://m.media-amazon.com/images/I/41rqUy3OtML._SL160_.jpg",
        "detailPageURL": "https://www.amazon.com/dp/B00365DABC",
        "rating": "4.7",
        "totalReviews": "45741",
        "subtitle": "CeraVe",
        "isPrimeEligible": "1"
    },
    {
        "ASIN": "B00F64EMK4",
        "title": "Embryolisse Lait-Cr\u00e8me Concentr\u00e9, Face Cream & Makeup Primer - Shea Moisture Cream for Daily Skincare - Face Moisturizers for All Skin Types",
        "price": "$29.00 ($11.42 / Fl Oz)",
        "listPrice": "$49.99 ($19.68 / Fl Oz)",
        "imageUrl": "https://m.media-amazon.com/images/I/31NQvj3KR2L._SL160_.jpg",
        "detailPageURL": "https://www.amazon.com/dp/B00F64EMK4",
        "rating": "4.6",
        "totalReviews": "23997",
        "subtitle": "",
        "isPrimeEligible": "1"
    },
    {
        "ASIN": "B09N13T8TL",
        "title": "La Roche-Posay Toleriane Double Repair Matte Face Moisturizer, Daily Gel Moisturizer For Oily Skin Control with Niacinamide, Oil-Free, Non-Comedogenic, Moisturizing for Sensitive Skin",
        "price": "$21.99 ($8.66 / Fl Oz)",
        "listPrice": "",
        "imageUrl": "https://m.media-amazon.com/images/I/41kz4J2F3UL._SL160_.jpg",
        "detailPageURL": "https://www.amazon.com/dp/B09N13T8TL",
        "rating": "4.5",
        "totalReviews": "4174",
        "subtitle": "",
        "isPrimeEligible": "1"
    },
    {
        "ASIN": "B004TS06HG",
        "title": "CeraVe Day & Night Face Lotion Skin Care Set | Contains AM with SPF 30 and PM Face Moisturizer | Fragrance Free",
        "price": "$25.95 ($4.32 / Fl Oz)",
        "listPrice": "$34.99 ($5.83 / Fl Oz)",
        "imageUrl": "https://m.media-amazon.com/images/I/51PXjLpcuiL._SL160_.jpg",
        "detailPageURL": "https://www.amazon.com/dp/B004TS06HG",
        "rating": "4.6",
        "totalReviews": "3822",
        "subtitle": "",
        "isPrimeEligible": "1"
    },
    {
        "ASIN": "B07ZVYMCG8",
        "title": "e.l.f., SuperHydrate Moisturiser, Fast-Absorbing, Non-Greasy, Gel Formula, Hydrates, Tones, Clarifies, Protects, Infused with Vitamin E, 1.69 Oz",
        "price": "$12.00 ($12.00 / Fl Oz)",
        "listPrice": "",
        "imageUrl": "https://m.media-amazon.com/images/I/31YzyXNzttL._SL160_.jpg",
        "detailPageURL": "https://www.amazon.com/dp/B07ZVYMCG8",
        "rating": "4.4",
        "totalReviews": "4766",
        "subtitle": "e.l.f.",
        "isPrimeEligible": "1"
    },
    {
        "ASIN": "B091PN6NPT",
        "title": "Etude House SoonJung 2x Barrier Intensive Cream 60ml (21AD) | Hypoallergenic Shea Butter Hydrating Facial Cream for Sensitive Skin, Water-oil Balance & Panthenol for Damaged Skin | K-beauty",
        "price": "$14.00 ($6.62 / Ounce)",
        "listPrice": "$17.00 ($8.03 / Ounce)",
        "imageUrl": "https://m.media-amazon.com/images/I/31xCdQ--dIL._SL160_.jpg",
        "detailPageURL": "https://www.amazon.com/dp/B091PN6NPT",
        "rating": "4.6",
        "totalReviews": "5926",
        "subtitle": "Etude House",
        "isPrimeEligible": "1"
    },
    {
        "ASIN": "B00F97FHAW",
        "title": "CeraVe AM Facial Moisturizing Lotion SPF 30 | Oil-Free Face Moisturizer with Sunscreen | Non-Comedogenic | 3 Ounce",
        "price": "$11.93 ($3.98 / Ounce)",
        "listPrice": "$19.99 ($6.66 / Ounce)",
        "imageUrl": "https://m.media-amazon.com/images/I/41K+11aLxaL._SL160_.jpg",
        "detailPageURL": "https://www.amazon.com/dp/B00F97FHAW",
        "rating": "4.5",
        "totalReviews": "76739",
        "subtitle": "CeraVe",
        "isPrimeEligible": "1"
    },
    {
        "ASIN": "B01LEJ5MSK",
        "title": "COSRX Snail Mucin 92% Moisturizer 3.52 oz, Daily Repair Face Gel Cream for Dry Skin, Sensitive Skin, Not Tested on Animals, No Parabens, No Sulfates, No Phthalates, Korean Skincare (3.52 OZ/100g)",
        "price": "$19.20 ($0.19 / Fl Oz)",
        "listPrice": "$26.00 ($0.26 / Fl Oz)",
        "imageUrl": "https://m.media-amazon.com/images/I/41jr8+gYzPL._SL160_.jpg",
        "detailPageURL": "https://www.amazon.com/dp/B01LEJ5MSK",
        "rating": "4.6",
        "totalReviews": "23713",
        "subtitle": "COSRX",
        "isPrimeEligible": "1"
    },
    {
        "ASIN": "B08BW46XXK",
        "title": "Vanicream Daily Facial Moisturizer With Ceramides and Hyaluronic Acid - 3 fl oz - Formulated Without Common Irritants for Those with Sensitive Skin",
        "price": "$9.96 ($3.32 / Fl Oz)",
        "listPrice": "$13.95 ($4.65 / Fl Oz)",
        "imageUrl": "https://m.media-amazon.com/images/I/41ChMgZPoML._SL160_.jpg",
        "detailPageURL": "https://www.amazon.com/dp/B08BW46XXK",
        "rating": "4.6",
        "totalReviews": "14226",
        "subtitle": "Vanicream",
        "isPrimeEligible": "1"
    },
    {
        "ASIN": "B00365DABC",
        "title": "CeraVe PM Facial Moisturizing Lotion | Night Cream with Hyaluronic Acid and Niacinamide | Ultra-Lightweight, Oil-Free Moisturizer for Face | 3 Ounce",
        "price": "$14.04 ($4.68 / Ounce)",
        "listPrice": "$19.99 ($6.66 / Ounce)",
        "imageUrl": "https://m.media-amazon.com/images/I/41rqUy3OtML._SL160_.jpg",
        "detailPageURL": "https://www.amazon.com/dp/B00365DABC",
        "rating": "4.7",
        "totalReviews": "45741",
        "subtitle": "CeraVe",
        "isPrimeEligible": "1"
    },
    {
        "ASIN": "B00F64EMK4",
        "title": "Embryolisse Lait-Cr\u00e8me Concentr\u00e9, Face Cream & Makeup Primer - Shea Moisture Cream for Daily Skincare - Face Moisturizers for All Skin Types",
        "price": "$29.00 ($11.42 / Fl Oz)",
        "listPrice": "$49.99 ($19.68 / Fl Oz)",
        "imageUrl": "https://m.media-amazon.com/images/I/31NQvj3KR2L._SL160_.jpg",
        "detailPageURL": "https://www.amazon.com/dp/B00F64EMK4",
        "rating": "4.6",
        "totalReviews": "23997",
        "subtitle": "",
        "isPrimeEligible": "1"
    },
    {
        "ASIN": "B09N13T8TL",
        "title": "La Roche-Posay Toleriane Double Repair Matte Face Moisturizer, Daily Gel Moisturizer For Oily Skin Control with Niacinamide, Oil-Free, Non-Comedogenic, Moisturizing for Sensitive Skin",
        "price": "$21.99 ($8.66 / Fl Oz)",
        "listPrice": "",
        "imageUrl": "https://m.media-amazon.com/images/I/41kz4J2F3UL._SL160_.jpg",
        "detailPageURL": "https://www.amazon.com/dp/B09N13T8TL",
        "rating": "4.5",
        "totalReviews": "4174",
        "subtitle": "",
        "isPrimeEligible": "1"
    },
    {
        "ASIN": "B004TS06HG",
        "title": "CeraVe Day & Night Face Lotion Skin Care Set | Contains AM with SPF 30 and PM Face Moisturizer | Fragrance Free",
        "price": "$25.95 ($4.32 / Fl Oz)",
        "listPrice": "$34.99 ($5.83 / Fl Oz)",
        "imageUrl": "https://m.media-amazon.com/images/I/51PXjLpcuiL._SL160_.jpg",
        "detailPageURL": "https://www.amazon.com/dp/B004TS06HG",
        "rating": "4.6",
        "totalReviews": "3822",
        "subtitle": "",
        "isPrimeEligible": "1"
    },
    {
        "ASIN": "B07ZVYMCG8",
        "title": "e.l.f., SuperHydrate Moisturiser, Fast-Absorbing, Non-Greasy, Gel Formula, Hydrates, Tones, Clarifies, Protects, Infused with Vitamin E, 1.69 Oz",
        "price": "$12.00 ($12.00 / Fl Oz)",
        "listPrice": "",
        "imageUrl": "https://m.media-amazon.com/images/I/31YzyXNzttL._SL160_.jpg",
        "detailPageURL": "https://www.amazon.com/dp/B07ZVYMCG8",
        "rating": "4.4",
        "totalReviews": "4766",
        "subtitle": "e.l.f.",
        "isPrimeEligible": "1"
    },
    {
        "ASIN": "B091PN6NPT",
        "title": "Etude House SoonJung 2x Barrier Intensive Cream 60ml (21AD) | Hypoallergenic Shea Butter Hydrating Facial Cream for Sensitive Skin, Water-oil Balance & Panthenol for Damaged Skin | K-beauty",
        "price": "$14.00 ($6.62 / Ounce)",
        "listPrice": "$17.00 ($8.03 / Ounce)",
        "imageUrl": "https://m.media-amazon.com/images/I/31xCdQ--dIL._SL160_.jpg",
        "detailPageURL": "https://www.amazon.com/dp/B091PN6NPT",
        "rating": "4.6",
        "totalReviews": "5926",
        "subtitle": "Etude House",
        "isPrimeEligible": "1"
    },
    {
        "ASIN": "B07RK4HST7",
        "title": "CeraVe Daily Moisturizing Lotion for Dry Skin | Body Lotion & Facial Moisturizer with Hyaluronic Acid and Ceramides | Fragrance Free | 19 Ounce",
        "price": "$18.39 ($0.97 / Fl Oz)",
        "listPrice": "",
        "imageUrl": "https://m.media-amazon.com/images/I/41tRt1pyslL._SL160_.jpg",
        "detailPageURL": "https://www.amazon.com/dp/B07RK4HST7",
        "rating": "4.8",
        "totalReviews": "42181",
        "subtitle": "CeraVe",
        "isPrimeEligible": "1"
    },
    {
        "ASIN": "B01LEJ5MSK",
        "title": "COSRX Snail Mucin 92% Moisturizer 3.52 oz, Daily Repair Face Gel Cream for Dry Skin, Sensitive Skin, Not Tested on Animals, No Parabens, No Sulfates, No Phthalates, Korean Skincare (3.52 OZ/100g)",
        "price": "$19.20 ($0.19 / Fl Oz)",
        "listPrice": "$26.00 ($0.26 / Fl Oz)",
        "imageUrl": "https://m.media-amazon.com/images/I/41jr8+gYzPL._SL160_.jpg",
        "detailPageURL": "https://www.amazon.com/dp/B01LEJ5MSK",
        "rating": "4.6",
        "totalReviews": "23713",
        "subtitle": "COSRX",
        "isPrimeEligible": "1"
    },
    {
        "ASIN": "B08BW46XXK",
        "title": "Vanicream Daily Facial Moisturizer With Ceramides and Hyaluronic Acid - 3 fl oz - Formulated Without Common Irritants for Those with Sensitive Skin",
        "price": "$9.96 ($3.32 / Fl Oz)",
        "listPrice": "$13.95 ($4.65 / Fl Oz)",
        "imageUrl": "https://m.media-amazon.com/images/I/41ChMgZPoML._SL160_.jpg",
        "detailPageURL": "https://www.amazon.com/dp/B08BW46XXK",
        "rating": "4.6",
        "totalReviews": "14226",
        "subtitle": "Vanicream",
        "isPrimeEligible": "1"
    },
    {
        "ASIN": "B00365DABC",
        "title": "CeraVe PM Facial Moisturizing Lotion | Night Cream with Hyaluronic Acid and Niacinamide | Ultra-Lightweight, Oil-Free Moisturizer for Face | 3 Ounce",
        "price": "$14.04 ($4.68 / Ounce)",
        "listPrice": "$19.99 ($6.66 / Ounce)",
        "imageUrl": "https://m.media-amazon.com/images/I/41rqUy3OtML._SL160_.jpg",
        "detailPageURL": "https://www.amazon.com/dp/B00365DABC",
        "rating": "4.7",
        "totalReviews": "45741",
        "subtitle": "CeraVe",
        "isPrimeEligible": "1"
    },
    {
        "ASIN": "B00F64EMK4",
        "title": "Embryolisse Lait-Cr\u00e8me Concentr\u00e9, Face Cream & Makeup Primer - Shea Moisture Cream for Daily Skincare - Face Moisturizers for All Skin Types",
        "price": "$29.00 ($11.42 / Fl Oz)",
        "listPrice": "$49.99 ($19.68 / Fl Oz)",
        "imageUrl": "https://m.media-amazon.com/images/I/31NQvj3KR2L._SL160_.jpg",
        "detailPageURL": "https://www.amazon.com/dp/B00F64EMK4",
        "rating": "4.6",
        "totalReviews": "23997",
        "subtitle": "",
        "isPrimeEligible": "1"
    },
    {
        "ASIN": "B09N13T8TL",
        "title": "La Roche-Posay Toleriane Double Repair Matte Face Moisturizer, Daily Gel Moisturizer For Oily Skin Control with Niacinamide, Oil-Free, Non-Comedogenic, Moisturizing for Sensitive Skin",
        "price": "$21.99 ($8.66 / Fl Oz)",
        "listPrice": "",
        "imageUrl": "https://m.media-amazon.com/images/I/41kz4J2F3UL._SL160_.jpg",
        "detailPageURL": "https://www.amazon.com/dp/B09N13T8TL",
        "rating": "4.5",
        "totalReviews": "4174",
        "subtitle": "",
        "isPrimeEligible": "1"
    },
    {
        "ASIN": "B004TS06HG",
        "title": "CeraVe Day & Night Face Lotion Skin Care Set | Contains AM with SPF 30 and PM Face Moisturizer | Fragrance Free",
        "price": "$25.95 ($4.32 / Fl Oz)",
        "listPrice": "$34.99 ($5.83 / Fl Oz)",
        "imageUrl": "https://m.media-amazon.com/images/I/51PXjLpcuiL._SL160_.jpg",
        "detailPageURL": "https://www.amazon.com/dp/B004TS06HG",
        "rating": "4.6",
        "totalReviews": "3822",
        "subtitle": "",
        "isPrimeEligible": "1"
    },
    {
        "ASIN": "B07ZVYMCG8",
        "title": "e.l.f., SuperHydrate Moisturiser, Fast-Absorbing, Non-Greasy, Gel Formula, Hydrates, Tones, Clarifies, Protects, Infused with Vitamin E, 1.69 Oz",
        "price": "$12.00 ($12.00 / Fl Oz)",
        "listPrice": "",
        "imageUrl": "https://m.media-amazon.com/images/I/31YzyXNzttL._SL160_.jpg",
        "detailPageURL": "https://www.amazon.com/dp/B07ZVYMCG8",
        "rating": "4.4",
        "totalReviews": "4766",
        "subtitle": "e.l.f.",
        "isPrimeEligible": "1"
    },
    {
        "ASIN": "B091PN6NPT",
        "title": "Etude House SoonJung 2x Barrier Intensive Cream 60ml (21AD) | Hypoallergenic Shea Butter Hydrating Facial Cream for Sensitive Skin, Water-oil Balance & Panthenol for Damaged Skin | K-beauty",
        "price": "$14.00 ($6.62 / Ounce)",
        "listPrice": "$17.00 ($8.03 / Ounce)",
        "imageUrl": "https://m.media-amazon.com/images/I/31xCdQ--dIL._SL160_.jpg",
        "detailPageURL": "https://www.amazon.com/dp/B091PN6NPT",
        "rating": "4.6",
        "totalReviews": "5926",
        "subtitle": "Etude House",
        "isPrimeEligible": "1"
    },
    {
        "ASIN": "B07RK4HST7",
        "title": "CeraVe Daily Moisturizing Lotion for Dry Skin | Body Lotion & Facial Moisturizer with Hyaluronic Acid and Ceramides | Fragrance Free | 19 Ounce",
        "price": "$18.39 ($0.97 / Fl Oz)",
        "listPrice": "",
        "imageUrl": "https://m.media-amazon.com/images/I/41tRt1pyslL._SL160_.jpg",
        "detailPageURL": "https://www.amazon.com/dp/B07RK4HST7",
        "rating": "4.8",
        "totalReviews": "42181",
        "subtitle": "CeraVe",
        "isPrimeEligible": "1"
    },
    {
        "ASIN": "B000980PGW",
        "title": "Dermalogica Skin Smoothing Cream (3.4 Fl Oz) Face Moisturizer with Vitamin C and Vitamin E - Infuses Skin with 48 Hours of Continuous Hydration",
        "price": "$74.00 ($21.76 / Fl Oz)",
        "listPrice": "",
        "imageUrl": "https://m.media-amazon.com/images/I/31uRIVFTjCL._SL160_.jpg",
        "detailPageURL": "https://www.amazon.com/dp/B000980PGW",
        "rating": "4.7",
        "totalReviews": "2309",
        "subtitle": "",
        "isPrimeEligible": "1"
    },
    {
        "ASIN": "B08BW46XXK",
        "title": "Vanicream Daily Facial Moisturizer With Ceramides and Hyaluronic Acid - 3 fl oz - Formulated Without Common Irritants for Those with Sensitive Skin",
        "price": "$9.96 ($3.32 / Fl Oz)",
        "listPrice": "$13.95 ($4.65 / Fl Oz)",
        "imageUrl": "https://m.media-amazon.com/images/I/41ChMgZPoML._SL160_.jpg",
        "detailPageURL": "https://www.amazon.com/dp/B08BW46XXK",
        "rating": "4.6",
        "totalReviews": "14226",
        "subtitle": "Vanicream",
        "isPrimeEligible": "1"
    },
    {
        "ASIN": "B00365DABC",
        "title": "CeraVe PM Facial Moisturizing Lotion | Night Cream with Hyaluronic Acid and Niacinamide | Ultra-Lightweight, Oil-Free Moisturizer for Face | 3 Ounce",
        "price": "$14.04 ($4.68 / Ounce)",
        "listPrice": "$19.99 ($6.66 / Ounce)",
        "imageUrl": "https://m.media-amazon.com/images/I/41rqUy3OtML._SL160_.jpg",
        "detailPageURL": "https://www.amazon.com/dp/B00365DABC",
        "rating": "4.7",
        "totalReviews": "45741",
        "subtitle": "CeraVe",
        "isPrimeEligible": "1"
    },
    {
        "ASIN": "B00F64EMK4",
        "title": "Embryolisse Lait-Cr\u00e8me Concentr\u00e9, Face Cream & Makeup Primer - Shea Moisture Cream for Daily Skincare - Face Moisturizers for All Skin Types",
        "price": "$29.00 ($11.42 / Fl Oz)",
        "listPrice": "$49.99 ($19.68 / Fl Oz)",
        "imageUrl": "https://m.media-amazon.com/images/I/31NQvj3KR2L._SL160_.jpg",
        "detailPageURL": "https://www.amazon.com/dp/B00F64EMK4",
        "rating": "4.6",
        "totalReviews": "23997",
        "subtitle": "",
        "isPrimeEligible": "1"
    },
    {
        "ASIN": "B09N13T8TL",
        "title": "La Roche-Posay Toleriane Double Repair Matte Face Moisturizer, Daily Gel Moisturizer For Oily Skin Control with Niacinamide, Oil-Free, Non-Comedogenic, Moisturizing for Sensitive Skin",
        "price": "$21.99 ($8.66 / Fl Oz)",
        "listPrice": "",
        "imageUrl": "https://m.media-amazon.com/images/I/41kz4J2F3UL._SL160_.jpg",
        "detailPageURL": "https://www.amazon.com/dp/B09N13T8TL",
        "rating": "4.5",
        "totalReviews": "4174",
        "subtitle": "",
        "isPrimeEligible": "1"
    },
    {
        "ASIN": "B004TS06HG",
        "title": "CeraVe Day & Night Face Lotion Skin Care Set | Contains AM with SPF 30 and PM Face Moisturizer | Fragrance Free",
        "price": "$25.95 ($4.32 / Fl Oz)",
        "listPrice": "$34.99 ($5.83 / Fl Oz)",
        "imageUrl": "https://m.media-amazon.com/images/I/51PXjLpcuiL._SL160_.jpg",
        "detailPageURL": "https://www.amazon.com/dp/B004TS06HG",
        "rating": "4.6",
        "totalReviews": "3822",
        "subtitle": "",
        "isPrimeEligible": "1"
    },
    {
        "ASIN": "B07ZVYMCG8",
        "title": "e.l.f., SuperHydrate Moisturiser, Fast-Absorbing, Non-Greasy, Gel Formula, Hydrates, Tones, Clarifies, Protects, Infused with Vitamin E, 1.69 Oz",
        "price": "$12.00 ($12.00 / Fl Oz)",
        "listPrice": "",
        "imageUrl": "https://m.media-amazon.com/images/I/31YzyXNzttL._SL160_.jpg",
        "detailPageURL": "https://www.amazon.com/dp/B07ZVYMCG8",
        "rating": "4.4",
        "totalReviews": "4766",
        "subtitle": "e.l.f.",
        "isPrimeEligible": "1"
    },
    {
        "ASIN": "B091PN6NPT",
        "title": "Etude House SoonJung 2x Barrier Intensive Cream 60ml (21AD) | Hypoallergenic Shea Butter Hydrating Facial Cream for Sensitive Skin, Water-oil Balance & Panthenol for Damaged Skin | K-beauty",
        "price": "$14.00 ($6.62 / Ounce)",
        "listPrice": "$17.00 ($8.03 / Ounce)",
        "imageUrl": "https://m.media-amazon.com/images/I/31xCdQ--dIL._SL160_.jpg",
        "detailPageURL": "https://www.amazon.com/dp/B091PN6NPT",
        "rating": "4.6",
        "totalReviews": "5926",
        "subtitle": "Etude House",
        "isPrimeEligible": "1"
    },
    {
        "ASIN": "B07RK4HST7",
        "title": "CeraVe Daily Moisturizing Lotion for Dry Skin | Body Lotion & Facial Moisturizer with Hyaluronic Acid and Ceramides | Fragrance Free | 19 Ounce",
        "price": "$18.39 ($0.97 / Fl Oz)",
        "listPrice": "",
        "imageUrl": "https://m.media-amazon.com/images/I/41tRt1pyslL._SL160_.jpg",
        "detailPageURL": "https://www.amazon.com/dp/B07RK4HST7",
        "rating": "4.8",
        "totalReviews": "42181",
        "subtitle": "CeraVe",
        "isPrimeEligible": "1"
    },
    {
        "ASIN": "B000980PGW",
        "title": "Dermalogica Skin Smoothing Cream (3.4 Fl Oz) Face Moisturizer with Vitamin C and Vitamin E - Infuses Skin with 48 Hours of Continuous Hydration",
        "price": "$74.00 ($21.76 / Fl Oz)",
        "listPrice": "",
        "imageUrl": "https://m.media-amazon.com/images/I/31uRIVFTjCL._SL160_.jpg",
        "detailPageURL": "https://www.amazon.com/dp/B000980PGW",
        "rating": "4.7",
        "totalReviews": "2309",
        "subtitle": "",
        "isPrimeEligible": "1"
    },
    {
        "ASIN": "B099MYSH3X",
        "title": "Cetaphil Body Moisturizer, Hydrating Moisturizing Lotion for All Skin Types, Suitable for Sensitive Skin, NEW 16 oz Pack of 2, Fragrance Free, Hypoallergenic, Non-Comedogenic",
        "price": "$19.99 ($0.62 / Fl Oz)",
        "listPrice": "$26.99 ($0.84 / Fl Oz)",
        "imageUrl": "https://m.media-amazon.com/images/I/41kDhHUeC2L._SL160_.jpg",
        "detailPageURL": "https://www.amazon.com/dp/B099MYSH3X",
        "rating": "4.7",
        "totalReviews": "6991",
        "subtitle": "Cetaphil",
        "isPrimeEligible": "1"
    },
    {
        "ASIN": "B00365DABC",
        "title": "CeraVe PM Facial Moisturizing Lotion | Night Cream with Hyaluronic Acid and Niacinamide | Ultra-Lightweight, Oil-Free Moisturizer for Face | 3 Ounce",
        "price": "$14.04 ($4.68 / Ounce)",
        "listPrice": "$19.99 ($6.66 / Ounce)",
        "imageUrl": "https://m.media-amazon.com/images/I/41rqUy3OtML._SL160_.jpg",
        "detailPageURL": "https://www.amazon.com/dp/B00365DABC",
        "rating": "4.7",
        "totalReviews": "45741",
        "subtitle": "CeraVe",
        "isPrimeEligible": "1"
    },
    {
        "ASIN": "B00F64EMK4",
        "title": "Embryolisse Lait-Cr\u00e8me Concentr\u00e9, Face Cream & Makeup Primer - Shea Moisture Cream for Daily Skincare - Face Moisturizers for All Skin Types",
        "price": "$29.00 ($11.42 / Fl Oz)",
        "listPrice": "$49.99 ($19.68 / Fl Oz)",
        "imageUrl": "https://m.media-amazon.com/images/I/31NQvj3KR2L._SL160_.jpg",
        "detailPageURL": "https://www.amazon.com/dp/B00F64EMK4",
        "rating": "4.6",
        "totalReviews": "23997",
        "subtitle": "",
        "isPrimeEligible": "1"
    },
    {
        "ASIN": "B09N13T8TL",
        "title": "La Roche-Posay Toleriane Double Repair Matte Face Moisturizer, Daily Gel Moisturizer For Oily Skin Control with Niacinamide, Oil-Free, Non-Comedogenic, Moisturizing for Sensitive Skin",
        "price": "$21.99 ($8.66 / Fl Oz)",
        "listPrice": "",
        "imageUrl": "https://m.media-amazon.com/images/I/41kz4J2F3UL._SL160_.jpg",
        "detailPageURL": "https://www.amazon.com/dp/B09N13T8TL",
        "rating": "4.5",
        "totalReviews": "4174",
        "subtitle": "",
        "isPrimeEligible": "1"
    },
    {
        "ASIN": "B004TS06HG",
        "title": "CeraVe Day & Night Face Lotion Skin Care Set | Contains AM with SPF 30 and PM Face Moisturizer | Fragrance Free",
        "price": "$25.95 ($4.32 / Fl Oz)",
        "listPrice": "$34.99 ($5.83 / Fl Oz)",
        "imageUrl": "https://m.media-amazon.com/images/I/51PXjLpcuiL._SL160_.jpg",
        "detailPageURL": "https://www.amazon.com/dp/B004TS06HG",
        "rating": "4.6",
        "totalReviews": "3822",
        "subtitle": "",
        "isPrimeEligible": "1"
    },
    {
        "ASIN": "B07ZVYMCG8",
        "title": "e.l.f., SuperHydrate Moisturiser, Fast-Absorbing, Non-Greasy, Gel Formula, Hydrates, Tones, Clarifies, Protects, Infused with Vitamin E, 1.69 Oz",
        "price": "$12.00 ($12.00 / Fl Oz)",
        "listPrice": "",
        "imageUrl": "https://m.media-amazon.com/images/I/31YzyXNzttL._SL160_.jpg",
        "detailPageURL": "https://www.amazon.com/dp/B07ZVYMCG8",
        "rating": "4.4",
        "totalReviews": "4766",
        "subtitle": "e.l.f.",
        "isPrimeEligible": "1"
    },
    {
        "ASIN": "B091PN6NPT",
        "title": "Etude House SoonJung 2x Barrier Intensive Cream 60ml (21AD) | Hypoallergenic Shea Butter Hydrating Facial Cream for Sensitive Skin, Water-oil Balance & Panthenol for Damaged Skin | K-beauty",
        "price": "$14.00 ($6.62 / Ounce)",
        "listPrice": "$17.00 ($8.03 / Ounce)",
        "imageUrl": "https://m.media-amazon.com/images/I/31xCdQ--dIL._SL160_.jpg",
        "detailPageURL": "https://www.amazon.com/dp/B091PN6NPT",
        "rating": "4.6",
        "totalReviews": "5926",
        "subtitle": "Etude House",
        "isPrimeEligible": "1"
    },
    {
        "ASIN": "B07RK4HST7",
        "title": "CeraVe Daily Moisturizing Lotion for Dry Skin | Body Lotion & Facial Moisturizer with Hyaluronic Acid and Ceramides | Fragrance Free | 19 Ounce",
        "price": "$18.39 ($0.97 / Fl Oz)",
        "listPrice": "",
        "imageUrl": "https://m.media-amazon.com/images/I/41tRt1pyslL._SL160_.jpg",
        "detailPageURL": "https://www.amazon.com/dp/B07RK4HST7",
        "rating": "4.8",
        "totalReviews": "42181",
        "subtitle": "CeraVe",
        "isPrimeEligible": "1"
    },
    {
        "ASIN": "B000980PGW",
        "title": "Dermalogica Skin Smoothing Cream (3.4 Fl Oz) Face Moisturizer with Vitamin C and Vitamin E - Infuses Skin with 48 Hours of Continuous Hydration",
        "price": "$74.00 ($21.76 / Fl Oz)",
        "listPrice": "",
        "imageUrl": "https://m.media-amazon.com/images/I/31uRIVFTjCL._SL160_.jpg",
        "detailPageURL": "https://www.amazon.com/dp/B000980PGW",
        "rating": "4.7",
        "totalReviews": "2309",
        "subtitle": "",
        "isPrimeEligible": "1"
    },
    {
        "ASIN": "B099MYSH3X",
        "title": "Cetaphil Body Moisturizer, Hydrating Moisturizing Lotion for All Skin Types, Suitable for Sensitive Skin, NEW 16 oz Pack of 2, Fragrance Free, Hypoallergenic, Non-Comedogenic",
        "price": "$19.99 ($0.62 / Fl Oz)",
        "listPrice": "$26.99 ($0.84 / Fl Oz)",
        "imageUrl": "https://m.media-amazon.com/images/I/41kDhHUeC2L._SL160_.jpg",
        "detailPageURL": "https://www.amazon.com/dp/B099MYSH3X",
        "rating": "4.7",
        "totalReviews": "6991",
        "subtitle": "Cetaphil",
        "isPrimeEligible": "1"
    },
    {
        "ASIN": "B08WZPZHCR",
        "title": "innisfree Cherry Blossom Dewy Glow Jelly Cream Face Moisturizer , 1.69 Fl Oz (Pack of 1)",
        "price": "$26.00 ($15.29 / Fl Oz)",
        "listPrice": "",
        "imageUrl": "https://m.media-amazon.com/images/I/31QKk9jvTZL._SL160_.jpg",
        "detailPageURL": "https://www.amazon.com/dp/B08WZPZHCR",
        "rating": "4.4",
        "totalReviews": "1772",
        "subtitle": "",
        "isPrimeEligible": "1"
    },
    {
        "ASIN": "B00F64EMK4",
        "title": "Embryolisse Lait-Cr\u00e8me Concentr\u00e9, Face Cream & Makeup Primer - Shea Moisture Cream for Daily Skincare - Face Moisturizers for All Skin Types",
        "price": "$29.00 ($11.42 / Fl Oz)",
        "listPrice": "$49.99 ($19.68 / Fl Oz)",
        "imageUrl": "https://m.media-amazon.com/images/I/31NQvj3KR2L._SL160_.jpg",
        "detailPageURL": "https://www.amazon.com/dp/B00F64EMK4",
        "rating": "4.6",
        "totalReviews": "23997",
        "subtitle": "",
        "isPrimeEligible": "1"
    },
    {
        "ASIN": "B09N13T8TL",
        "title": "La Roche-Posay Toleriane Double Repair Matte Face Moisturizer, Daily Gel Moisturizer For Oily Skin Control with Niacinamide, Oil-Free, Non-Comedogenic, Moisturizing for Sensitive Skin",
        "price": "$21.99 ($8.66 / Fl Oz)",
        "listPrice": "",
        "imageUrl": "https://m.media-amazon.com/images/I/41kz4J2F3UL._SL160_.jpg",
        "detailPageURL": "https://www.amazon.com/dp/B09N13T8TL",
        "rating": "4.5",
        "totalReviews": "4174",
        "subtitle": "",
        "isPrimeEligible": "1"
    },
    {
        "ASIN": "B004TS06HG",
        "title": "CeraVe Day & Night Face Lotion Skin Care Set | Contains AM with SPF 30 and PM Face Moisturizer | Fragrance Free",
        "price": "$25.95 ($4.32 / Fl Oz)",
        "listPrice": "$34.99 ($5.83 / Fl Oz)",
        "imageUrl": "https://m.media-amazon.com/images/I/51PXjLpcuiL._SL160_.jpg",
        "detailPageURL": "https://www.amazon.com/dp/B004TS06HG",
        "rating": "4.6",
        "totalReviews": "3822",
        "subtitle": "",
        "isPrimeEligible": "1"
    },
    {
        "ASIN": "B07ZVYMCG8",
        "title": "e.l.f., SuperHydrate Moisturiser, Fast-Absorbing, Non-Greasy, Gel Formula, Hydrates, Tones, Clarifies, Protects, Infused with Vitamin E, 1.69 Oz",
        "price": "$12.00 ($12.00 / Fl Oz)",
        "listPrice": "",
        "imageUrl": "https://m.media-amazon.com/images/I/31YzyXNzttL._SL160_.jpg",
        "detailPageURL": "https://www.amazon.com/dp/B07ZVYMCG8",
        "rating": "4.4",
        "totalReviews": "4766",
        "subtitle": "e.l.f.",
        "isPrimeEligible": "1"
    },
    {
        "ASIN": "B091PN6NPT",
        "title": "Etude House SoonJung 2x Barrier Intensive Cream 60ml (21AD) | Hypoallergenic Shea Butter Hydrating Facial Cream for Sensitive Skin, Water-oil Balance & Panthenol for Damaged Skin | K-beauty",
        "price": "$14.00 ($6.62 / Ounce)",
        "listPrice": "$17.00 ($8.03 / Ounce)",
        "imageUrl": "https://m.media-amazon.com/images/I/31xCdQ--dIL._SL160_.jpg",
        "detailPageURL": "https://www.amazon.com/dp/B091PN6NPT",
        "rating": "4.6",
        "totalReviews": "5926",
        "subtitle": "Etude House",
        "isPrimeEligible": "1"
    },
    {
        "ASIN": "B07RK4HST7",
        "title": "CeraVe Daily Moisturizing Lotion for Dry Skin | Body Lotion & Facial Moisturizer with Hyaluronic Acid and Ceramides | Fragrance Free | 19 Ounce",
        "price": "$18.39 ($0.97 / Fl Oz)",
        "listPrice": "",
        "imageUrl": "https://m.media-amazon.com/images/I/41tRt1pyslL._SL160_.jpg",
        "detailPageURL": "https://www.amazon.com/dp/B07RK4HST7",
        "rating": "4.8",
        "totalReviews": "42181",
        "subtitle": "CeraVe",
        "isPrimeEligible": "1"
    },
    {
        "ASIN": "B000980PGW",
        "title": "Dermalogica Skin Smoothing Cream (3.4 Fl Oz) Face Moisturizer with Vitamin C and Vitamin E - Infuses Skin with 48 Hours of Continuous Hydration",
        "price": "$74.00 ($21.76 / Fl Oz)",
        "listPrice": "",
        "imageUrl": "https://m.media-amazon.com/images/I/31uRIVFTjCL._SL160_.jpg",
        "detailPageURL": "https://www.amazon.com/dp/B000980PGW",
        "rating": "4.7",
        "totalReviews": "2309",
        "subtitle": "",
        "isPrimeEligible": "1"
    },
    {
        "ASIN": "B099MYSH3X",
        "title": "Cetaphil Body Moisturizer, Hydrating Moisturizing Lotion for All Skin Types, Suitable for Sensitive Skin, NEW 16 oz Pack of 2, Fragrance Free, Hypoallergenic, Non-Comedogenic",
        "price": "$19.99 ($0.62 / Fl Oz)",
        "listPrice": "$26.99 ($0.84 / Fl Oz)",
        "imageUrl": "https://m.media-amazon.com/images/I/41kDhHUeC2L._SL160_.jpg",
        "detailPageURL": "https://www.amazon.com/dp/B099MYSH3X",
        "rating": "4.7",
        "totalReviews": "6991",
        "subtitle": "Cetaphil",
        "isPrimeEligible": "1"
    },
    {
        "ASIN": "B08WZPZHCR",
        "title": "innisfree Cherry Blossom Dewy Glow Jelly Cream Face Moisturizer , 1.69 Fl Oz (Pack of 1)",
        "price": "$26.00 ($15.29 / Fl Oz)",
        "listPrice": "",
        "imageUrl": "https://m.media-amazon.com/images/I/31QKk9jvTZL._SL160_.jpg",
        "detailPageURL": "https://www.amazon.com/dp/B08WZPZHCR",
        "rating": "4.4",
        "totalReviews": "1772",
        "subtitle": "",
        "isPrimeEligible": "1"
    },
    {
        "ASIN": "B002JDUMFO",
        "title": "L'Oreal Paris Collagen Daily Face Moisturizer, Reduce Wrinkles, Face Cream 1.7 oz",
        "price": "$8.98 ($5.28 / Ounce)",
        "listPrice": "$11.49 ($6.76 / Ounce)",
        "imageUrl": "https://m.media-amazon.com/images/I/41QbilJrm8L._SL160_.jpg",
        "detailPageURL": "https://www.amazon.com/dp/B002JDUMFO",
        "rating": "4.5",
        "totalReviews": "56614",
        "subtitle": "L\u2019Or\u00e9al Paris",
        "isPrimeEligible": "1"
    },
    {
        "ASIN": "B09N13T8TL",
        "title": "La Roche-Posay Toleriane Double Repair Matte Face Moisturizer, Daily Gel Moisturizer For Oily Skin Control with Niacinamide, Oil-Free, Non-Comedogenic, Moisturizing for Sensitive Skin",
        "price": "$21.99 ($8.66 / Fl Oz)",
        "listPrice": "",
        "imageUrl": "https://m.media-amazon.com/images/I/41kz4J2F3UL._SL160_.jpg",
        "detailPageURL": "https://www.amazon.com/dp/B09N13T8TL",
        "rating": "4.5",
        "totalReviews": "4174",
        "subtitle": "",
        "isPrimeEligible": "1"
    },
    {
        "ASIN": "B004TS06HG",
        "title": "CeraVe Day & Night Face Lotion Skin Care Set | Contains AM with SPF 30 and PM Face Moisturizer | Fragrance Free",
        "price": "$25.95 ($4.32 / Fl Oz)",
        "listPrice": "$34.99 ($5.83 / Fl Oz)",
        "imageUrl": "https://m.media-amazon.com/images/I/51PXjLpcuiL._SL160_.jpg",
        "detailPageURL": "https://www.amazon.com/dp/B004TS06HG",
        "rating": "4.6",
        "totalReviews": "3822",
        "subtitle": "",
        "isPrimeEligible": "1"
    },
    {
        "ASIN": "B07ZVYMCG8",
        "title": "e.l.f., SuperHydrate Moisturiser, Fast-Absorbing, Non-Greasy, Gel Formula, Hydrates, Tones, Clarifies, Protects, Infused with Vitamin E, 1.69 Oz",
        "price": "$12.00 ($12.00 / Fl Oz)",
        "listPrice": "",
        "imageUrl": "https://m.media-amazon.com/images/I/31YzyXNzttL._SL160_.jpg",
        "detailPageURL": "https://www.amazon.com/dp/B07ZVYMCG8",
        "rating": "4.4",
        "totalReviews": "4766",
        "subtitle": "e.l.f.",
        "isPrimeEligible": "1"
    },
    {
        "ASIN": "B091PN6NPT",
        "title": "Etude House SoonJung 2x Barrier Intensive Cream 60ml (21AD) | Hypoallergenic Shea Butter Hydrating Facial Cream for Sensitive Skin, Water-oil Balance & Panthenol for Damaged Skin | K-beauty",
        "price": "$14.00 ($6.62 / Ounce)",
        "listPrice": "$17.00 ($8.03 / Ounce)",
        "imageUrl": "https://m.media-amazon.com/images/I/31xCdQ--dIL._SL160_.jpg",
        "detailPageURL": "https://www.amazon.com/dp/B091PN6NPT",
        "rating": "4.6",
        "totalReviews": "5926",
        "subtitle": "Etude House",
        "isPrimeEligible": "1"
    },
    {
        "ASIN": "B07RK4HST7",
        "title": "CeraVe Daily Moisturizing Lotion for Dry Skin | Body Lotion & Facial Moisturizer with Hyaluronic Acid and Ceramides | Fragrance Free | 19 Ounce",
        "price": "$18.39 ($0.97 / Fl Oz)",
        "listPrice": "",
        "imageUrl": "https://m.media-amazon.com/images/I/41tRt1pyslL._SL160_.jpg",
        "detailPageURL": "https://www.amazon.com/dp/B07RK4HST7",
        "rating": "4.8",
        "totalReviews": "42181",
        "subtitle": "CeraVe",
        "isPrimeEligible": "1"
    },
    {
        "ASIN": "B000980PGW",
        "title": "Dermalogica Skin Smoothing Cream (3.4 Fl Oz) Face Moisturizer with Vitamin C and Vitamin E - Infuses Skin with 48 Hours of Continuous Hydration",
        "price": "$74.00 ($21.76 / Fl Oz)",
        "listPrice": "",
        "imageUrl": "https://m.media-amazon.com/images/I/31uRIVFTjCL._SL160_.jpg",
        "detailPageURL": "https://www.amazon.com/dp/B000980PGW",
        "rating": "4.7",
        "totalReviews": "2309",
        "subtitle": "",
        "isPrimeEligible": "1"
    },
    {
        "ASIN": "B099MYSH3X",
        "title": "Cetaphil Body Moisturizer, Hydrating Moisturizing Lotion for All Skin Types, Suitable for Sensitive Skin, NEW 16 oz Pack of 2, Fragrance Free, Hypoallergenic, Non-Comedogenic",
        "price": "$19.99 ($0.62 / Fl Oz)",
        "listPrice": "$26.99 ($0.84 / Fl Oz)",
        "imageUrl": "https://m.media-amazon.com/images/I/41kDhHUeC2L._SL160_.jpg",
        "detailPageURL": "https://www.amazon.com/dp/B099MYSH3X",
        "rating": "4.7",
        "totalReviews": "6991",
        "subtitle": "Cetaphil",
        "isPrimeEligible": "1"
    },
    {
        "ASIN": "B08WZPZHCR",
        "title": "innisfree Cherry Blossom Dewy Glow Jelly Cream Face Moisturizer , 1.69 Fl Oz (Pack of 1)",
        "price": "$26.00 ($15.29 / Fl Oz)",
        "listPrice": "",
        "imageUrl": "https://m.media-amazon.com/images/I/31QKk9jvTZL._SL160_.jpg",
        "detailPageURL": "https://www.amazon.com/dp/B08WZPZHCR",
        "rating": "4.4",
        "totalReviews": "1772",
        "subtitle": "",
        "isPrimeEligible": "1"
    },
    {
        "ASIN": "B002JDUMFO",
        "title": "L'Oreal Paris Collagen Daily Face Moisturizer, Reduce Wrinkles, Face Cream 1.7 oz",
        "price": "$8.98 ($5.28 / Ounce)",
        "listPrice": "$11.49 ($6.76 / Ounce)",
        "imageUrl": "https://m.media-amazon.com/images/I/41QbilJrm8L._SL160_.jpg",
        "detailPageURL": "https://www.amazon.com/dp/B002JDUMFO",
        "rating": "4.5",
        "totalReviews": "56614",
        "subtitle": "L\u2019Or\u00e9al Paris",
        "isPrimeEligible": "1"
    },
    {
        "ASIN": "B001AZVRII",
        "title": "Dermalogica Active Moist - Oil-Free Lightweight Face Moisturizer - Helps Improve Skin Texture and Combat Surface Dehydration for Women and Men 3.4 Fl Oz",
        "price": "$74.00 ($21.76 / Fl Oz)",
        "listPrice": "",
        "imageUrl": "https://m.media-amazon.com/images/I/31LrwKgfetL._SL160_.jpg",
        "detailPageURL": "https://www.amazon.com/dp/B001AZVRII",
        "rating": "4.7",
        "totalReviews": "2590",
        "subtitle": "",
        "isPrimeEligible": "1"
    },
    {
        "ASIN": "B004TS06HG",
        "title": "CeraVe Day & Night Face Lotion Skin Care Set | Contains AM with SPF 30 and PM Face Moisturizer | Fragrance Free",
        "price": "$25.95 ($4.32 / Fl Oz)",
        "listPrice": "$34.99 ($5.83 / Fl Oz)",
        "imageUrl": "https://m.media-amazon.com/images/I/51PXjLpcuiL._SL160_.jpg",
        "detailPageURL": "https://www.amazon.com/dp/B004TS06HG",
        "rating": "4.6",
        "totalReviews": "3822",
        "subtitle": "",
        "isPrimeEligible": "1"
    },
    {
        "ASIN": "B07ZVYMCG8",
        "title": "e.l.f., SuperHydrate Moisturiser, Fast-Absorbing, Non-Greasy, Gel Formula, Hydrates, Tones, Clarifies, Protects, Infused with Vitamin E, 1.69 Oz",
        "price": "$12.00 ($12.00 / Fl Oz)",
        "listPrice": "",
        "imageUrl": "https://m.media-amazon.com/images/I/31YzyXNzttL._SL160_.jpg",
        "detailPageURL": "https://www.amazon.com/dp/B07ZVYMCG8",
        "rating": "4.4",
        "totalReviews": "4766",
        "subtitle": "e.l.f.",
        "isPrimeEligible": "1"
    },
    {
        "ASIN": "B091PN6NPT",
        "title": "Etude House SoonJung 2x Barrier Intensive Cream 60ml (21AD) | Hypoallergenic Shea Butter Hydrating Facial Cream for Sensitive Skin, Water-oil Balance & Panthenol for Damaged Skin | K-beauty",
        "price": "$14.00 ($6.62 / Ounce)",
        "listPrice": "$17.00 ($8.03 / Ounce)",
        "imageUrl": "https://m.media-amazon.com/images/I/31xCdQ--dIL._SL160_.jpg",
        "detailPageURL": "https://www.amazon.com/dp/B091PN6NPT",
        "rating": "4.6",
        "totalReviews": "5926",
        "subtitle": "Etude House",
        "isPrimeEligible": "1"
    },
    {
        "ASIN": "B07RK4HST7",
        "title": "CeraVe Daily Moisturizing Lotion for Dry Skin | Body Lotion & Facial Moisturizer with Hyaluronic Acid and Ceramides | Fragrance Free | 19 Ounce",
        "price": "$18.39 ($0.97 / Fl Oz)",
        "listPrice": "",
        "imageUrl": "https://m.media-amazon.com/images/I/41tRt1pyslL._SL160_.jpg",
        "detailPageURL": "https://www.amazon.com/dp/B07RK4HST7",
        "rating": "4.8",
        "totalReviews": "42181",
        "subtitle": "CeraVe",
        "isPrimeEligible": "1"
    },
    {
        "ASIN": "B000980PGW",
        "title": "Dermalogica Skin Smoothing Cream (3.4 Fl Oz) Face Moisturizer with Vitamin C and Vitamin E - Infuses Skin with 48 Hours of Continuous Hydration",
        "price": "$74.00 ($21.76 / Fl Oz)",
        "listPrice": "",
        "imageUrl": "https://m.media-amazon.com/images/I/31uRIVFTjCL._SL160_.jpg",
        "detailPageURL": "https://www.amazon.com/dp/B000980PGW",
        "rating": "4.7",
        "totalReviews": "2309",
        "subtitle": "",
        "isPrimeEligible": "1"
    },
    {
        "ASIN": "B099MYSH3X",
        "title": "Cetaphil Body Moisturizer, Hydrating Moisturizing Lotion for All Skin Types, Suitable for Sensitive Skin, NEW 16 oz Pack of 2, Fragrance Free, Hypoallergenic, Non-Comedogenic",
        "price": "$19.99 ($0.62 / Fl Oz)",
        "listPrice": "$26.99 ($0.84 / Fl Oz)",
        "imageUrl": "https://m.media-amazon.com/images/I/41kDhHUeC2L._SL160_.jpg",
        "detailPageURL": "https://www.amazon.com/dp/B099MYSH3X",
        "rating": "4.7",
        "totalReviews": "6991",
        "subtitle": "Cetaphil",
        "isPrimeEligible": "1"
    },
    {
        "ASIN": "B08WZPZHCR",
        "title": "innisfree Cherry Blossom Dewy Glow Jelly Cream Face Moisturizer , 1.69 Fl Oz (Pack of 1)",
        "price": "$26.00 ($15.29 / Fl Oz)",
        "listPrice": "",
        "imageUrl": "https://m.media-amazon.com/images/I/31QKk9jvTZL._SL160_.jpg",
        "detailPageURL": "https://www.amazon.com/dp/B08WZPZHCR",
        "rating": "4.4",
        "totalReviews": "1772",
        "subtitle": "",
        "isPrimeEligible": "1"
    },
    {
        "ASIN": "B002JDUMFO",
        "title": "L'Oreal Paris Collagen Daily Face Moisturizer, Reduce Wrinkles, Face Cream 1.7 oz",
        "price": "$8.98 ($5.28 / Ounce)",
        "listPrice": "$11.49 ($6.76 / Ounce)",
        "imageUrl": "https://m.media-amazon.com/images/I/41QbilJrm8L._SL160_.jpg",
        "detailPageURL": "https://www.amazon.com/dp/B002JDUMFO",
        "rating": "4.5",
        "totalReviews": "56614",
        "subtitle": "L\u2019Or\u00e9al Paris",
        "isPrimeEligible": "1"
    },
    {
        "ASIN": "B001AZVRII",
        "title": "Dermalogica Active Moist - Oil-Free Lightweight Face Moisturizer - Helps Improve Skin Texture and Combat Surface Dehydration for Women and Men 3.4 Fl Oz",
        "price": "$74.00 ($21.76 / Fl Oz)",
        "listPrice": "",
        "imageUrl": "https://m.media-amazon.com/images/I/31LrwKgfetL._SL160_.jpg",
        "detailPageURL": "https://www.amazon.com/dp/B001AZVRII",
        "rating": "4.7",
        "totalReviews": "2590",
        "subtitle": "",
        "isPrimeEligible": "1"
    },
    {
        "ASIN": "B001B1MZ5U",
        "title": "Dermalogica Intensive Moisture Balance (3.4 Fl Oz) Face Moisturizer with Hyaluronic Acid - Restores Balance to Dry, Depleted Skin for Optimal Barrier Performance",
        "price": "$74.00 ($21.76 / Fl Oz)",
        "listPrice": "",
        "imageUrl": "https://m.media-amazon.com/images/I/31GVwtTdRRL._SL160_.jpg",
        "detailPageURL": "https://www.amazon.com/dp/B001B1MZ5U",
        "rating": "4.7",
        "totalReviews": "2831",
        "subtitle": "",
        "isPrimeEligible": "1"
    },
    {
        "ASIN": "B07ZVYMCG8",
        "title": "e.l.f., SuperHydrate Moisturiser, Fast-Absorbing, Non-Greasy, Gel Formula, Hydrates, Tones, Clarifies, Protects, Infused with Vitamin E, 1.69 Oz",
        "price": "$12.00 ($12.00 / Fl Oz)",
        "listPrice": "",
        "imageUrl": "https://m.media-amazon.com/images/I/31YzyXNzttL._SL160_.jpg",
        "detailPageURL": "https://www.amazon.com/dp/B07ZVYMCG8",
        "rating": "4.4",
        "totalReviews": "4766",
        "subtitle": "e.l.f.",
        "isPrimeEligible": "1"
    },
    {
        "ASIN": "B091PN6NPT",
        "title": "Etude House SoonJung 2x Barrier Intensive Cream 60ml (21AD) | Hypoallergenic Shea Butter Hydrating Facial Cream for Sensitive Skin, Water-oil Balance & Panthenol for Damaged Skin | K-beauty",
        "price": "$14.00 ($6.62 / Ounce)",
        "listPrice": "$17.00 ($8.03 / Ounce)",
        "imageUrl": "https://m.media-amazon.com/images/I/31xCdQ--dIL._SL160_.jpg",
        "detailPageURL": "https://www.amazon.com/dp/B091PN6NPT",
        "rating": "4.6",
        "totalReviews": "5926",
        "subtitle": "Etude House",
        "isPrimeEligible": "1"
    },
    {
        "ASIN": "B07RK4HST7",
        "title": "CeraVe Daily Moisturizing Lotion for Dry Skin | Body Lotion & Facial Moisturizer with Hyaluronic Acid and Ceramides | Fragrance Free | 19 Ounce",
        "price": "$18.39 ($0.97 / Fl Oz)",
        "listPrice": "",
        "imageUrl": "https://m.media-amazon.com/images/I/41tRt1pyslL._SL160_.jpg",
        "detailPageURL": "https://www.amazon.com/dp/B07RK4HST7",
        "rating": "4.8",
        "totalReviews": "42181",
        "subtitle": "CeraVe",
        "isPrimeEligible": "1"
    },
    {
        "ASIN": "B000980PGW",
        "title": "Dermalogica Skin Smoothing Cream (3.4 Fl Oz) Face Moisturizer with Vitamin C and Vitamin E - Infuses Skin with 48 Hours of Continuous Hydration",
        "price": "$74.00 ($21.76 / Fl Oz)",
        "listPrice": "",
        "imageUrl": "https://m.media-amazon.com/images/I/31uRIVFTjCL._SL160_.jpg",
        "detailPageURL": "https://www.amazon.com/dp/B000980PGW",
        "rating": "4.7",
        "totalReviews": "2309",
        "subtitle": "",
        "isPrimeEligible": "1"
    },
    {
        "ASIN": "B099MYSH3X",
        "title": "Cetaphil Body Moisturizer, Hydrating Moisturizing Lotion for All Skin Types, Suitable for Sensitive Skin, NEW 16 oz Pack of 2, Fragrance Free, Hypoallergenic, Non-Comedogenic",
        "price": "$19.99 ($0.62 / Fl Oz)",
        "listPrice": "$26.99 ($0.84 / Fl Oz)",
        "imageUrl": "https://m.media-amazon.com/images/I/41kDhHUeC2L._SL160_.jpg",
        "detailPageURL": "https://www.amazon.com/dp/B099MYSH3X",
        "rating": "4.7",
        "totalReviews": "6991",
        "subtitle": "Cetaphil",
        "isPrimeEligible": "1"
    },
    {
        "ASIN": "B08WZPZHCR",
        "title": "innisfree Cherry Blossom Dewy Glow Jelly Cream Face Moisturizer , 1.69 Fl Oz (Pack of 1)",
        "price": "$26.00 ($15.29 / Fl Oz)",
        "listPrice": "",
        "imageUrl": "https://m.media-amazon.com/images/I/31QKk9jvTZL._SL160_.jpg",
        "detailPageURL": "https://www.amazon.com/dp/B08WZPZHCR",
        "rating": "4.4",
        "totalReviews": "1772",
        "subtitle": "",
        "isPrimeEligible": "1"
    },
    {
        "ASIN": "B002JDUMFO",
        "title": "L'Oreal Paris Collagen Daily Face Moisturizer, Reduce Wrinkles, Face Cream 1.7 oz",
        "price": "$8.98 ($5.28 / Ounce)",
        "listPrice": "$11.49 ($6.76 / Ounce)",
        "imageUrl": "https://m.media-amazon.com/images/I/41QbilJrm8L._SL160_.jpg",
        "detailPageURL": "https://www.amazon.com/dp/B002JDUMFO",
        "rating": "4.5",
        "totalReviews": "56614",
        "subtitle": "L\u2019Or\u00e9al Paris",
        "isPrimeEligible": "1"
    },
    {
        "ASIN": "B001AZVRII",
        "title": "Dermalogica Active Moist - Oil-Free Lightweight Face Moisturizer - Helps Improve Skin Texture and Combat Surface Dehydration for Women and Men 3.4 Fl Oz",
        "price": "$74.00 ($21.76 / Fl Oz)",
        "listPrice": "",
        "imageUrl": "https://m.media-amazon.com/images/I/31LrwKgfetL._SL160_.jpg",
        "detailPageURL": "https://www.amazon.com/dp/B001AZVRII",
        "rating": "4.7",
        "totalReviews": "2590",
        "subtitle": "",
        "isPrimeEligible": "1"
    },
    {
        "ASIN": "B001B1MZ5U",
        "title": "Dermalogica Intensive Moisture Balance (3.4 Fl Oz) Face Moisturizer with Hyaluronic Acid - Restores Balance to Dry, Depleted Skin for Optimal Barrier Performance",
        "price": "$74.00 ($21.76 / Fl Oz)",
        "listPrice": "",
        "imageUrl": "https://m.media-amazon.com/images/I/31GVwtTdRRL._SL160_.jpg",
        "detailPageURL": "https://www.amazon.com/dp/B001B1MZ5U",
        "rating": "4.7",
        "totalReviews": "2831",
        "subtitle": "",
        "isPrimeEligible": "1"
    },
    {
        "ASIN": "B07XCYBCCN",
        "title": "TULA Skin Care 24-7 Hydrating Day & Night Cream - Anti-Aging Moisturizer for Face, Contains Watermelon & Blueberry Extract, 1.5oz",
        "price": "$46.00 ($30.67 / Ounce)",
        "listPrice": "$54.00 ($36.00 / Ounce)",
        "imageUrl": "https://m.media-amazon.com/images/I/31YLxKT9KcL._SL160_.jpg",
        "detailPageURL": "https://www.amazon.com/dp/B07XCYBCCN",
        "rating": "4.7",
        "totalReviews": "2528",
        "subtitle": "TULA",
        "isPrimeEligible": "1"
    },
    {
        "ASIN": "B091PN6NPT",
        "title": "Etude House SoonJung 2x Barrier Intensive Cream 60ml (21AD) | Hypoallergenic Shea Butter Hydrating Facial Cream for Sensitive Skin, Water-oil Balance & Panthenol for Damaged Skin | K-beauty",
        "price": "$14.00 ($6.62 / Ounce)",
        "listPrice": "$17.00 ($8.03 / Ounce)",
        "imageUrl": "https://m.media-amazon.com/images/I/31xCdQ--dIL._SL160_.jpg",
        "detailPageURL": "https://www.amazon.com/dp/B091PN6NPT",
        "rating": "4.6",
        "totalReviews": "5926",
        "subtitle": "Etude House",
        "isPrimeEligible": "1"
    },
    {
        "ASIN": "B07RK4HST7",
        "title": "CeraVe Daily Moisturizing Lotion for Dry Skin | Body Lotion & Facial Moisturizer with Hyaluronic Acid and Ceramides | Fragrance Free | 19 Ounce",
        "price": "$18.39 ($0.97 / Fl Oz)",
        "listPrice": "",
        "imageUrl": "https://m.media-amazon.com/images/I/41tRt1pyslL._SL160_.jpg",
        "detailPageURL": "https://www.amazon.com/dp/B07RK4HST7",
        "rating": "4.8",
        "totalReviews": "42181",
        "subtitle": "CeraVe",
        "isPrimeEligible": "1"
    },
    {
        "ASIN": "B000980PGW",
        "title": "Dermalogica Skin Smoothing Cream (3.4 Fl Oz) Face Moisturizer with Vitamin C and Vitamin E - Infuses Skin with 48 Hours of Continuous Hydration",
        "price": "$74.00 ($21.76 / Fl Oz)",
        "listPrice": "",
        "imageUrl": "https://m.media-amazon.com/images/I/31uRIVFTjCL._SL160_.jpg",
        "detailPageURL": "https://www.amazon.com/dp/B000980PGW",
        "rating": "4.7",
        "totalReviews": "2309",
        "subtitle": "",
        "isPrimeEligible": "1"
    },
    {
        "ASIN": "B099MYSH3X",
        "title": "Cetaphil Body Moisturizer, Hydrating Moisturizing Lotion for All Skin Types, Suitable for Sensitive Skin, NEW 16 oz Pack of 2, Fragrance Free, Hypoallergenic, Non-Comedogenic",
        "price": "$19.99 ($0.62 / Fl Oz)",
        "listPrice": "$26.99 ($0.84 / Fl Oz)",
        "imageUrl": "https://m.media-amazon.com/images/I/41kDhHUeC2L._SL160_.jpg",
        "detailPageURL": "https://www.amazon.com/dp/B099MYSH3X",
        "rating": "4.7",
        "totalReviews": "6991",
        "subtitle": "Cetaphil",
        "isPrimeEligible": "1"
    },
    {
        "ASIN": "B08WZPZHCR",
        "title": "innisfree Cherry Blossom Dewy Glow Jelly Cream Face Moisturizer , 1.69 Fl Oz (Pack of 1)",
        "price": "$26.00 ($15.29 / Fl Oz)",
        "listPrice": "",
        "imageUrl": "https://m.media-amazon.com/images/I/31QKk9jvTZL._SL160_.jpg",
        "detailPageURL": "https://www.amazon.com/dp/B08WZPZHCR",
        "rating": "4.4",
        "totalReviews": "1772",
        "subtitle": "",
        "isPrimeEligible": "1"
    },
    {
        "ASIN": "B002JDUMFO",
        "title": "L'Oreal Paris Collagen Daily Face Moisturizer, Reduce Wrinkles, Face Cream 1.7 oz",
        "price": "$8.98 ($5.28 / Ounce)",
        "listPrice": "$11.49 ($6.76 / Ounce)",
        "imageUrl": "https://m.media-amazon.com/images/I/41QbilJrm8L._SL160_.jpg",
        "detailPageURL": "https://www.amazon.com/dp/B002JDUMFO",
        "rating": "4.5",
        "totalReviews": "56614",
        "subtitle": "L\u2019Or\u00e9al Paris",
        "isPrimeEligible": "1"
    },
    {
        "ASIN": "B001AZVRII",
        "title": "Dermalogica Active Moist - Oil-Free Lightweight Face Moisturizer - Helps Improve Skin Texture and Combat Surface Dehydration for Women and Men 3.4 Fl Oz",
        "price": "$74.00 ($21.76 / Fl Oz)",
        "listPrice": "",
        "imageUrl": "https://m.media-amazon.com/images/I/31LrwKgfetL._SL160_.jpg",
        "detailPageURL": "https://www.amazon.com/dp/B001AZVRII",
        "rating": "4.7",
        "totalReviews": "2590",
        "subtitle": "",
        "isPrimeEligible": "1"
    },
    {
        "ASIN": "B001B1MZ5U",
        "title": "Dermalogica Intensive Moisture Balance (3.4 Fl Oz) Face Moisturizer with Hyaluronic Acid - Restores Balance to Dry, Depleted Skin for Optimal Barrier Performance",
        "price": "$74.00 ($21.76 / Fl Oz)",
        "listPrice": "",
        "imageUrl": "https://m.media-amazon.com/images/I/31GVwtTdRRL._SL160_.jpg",
        "detailPageURL": "https://www.amazon.com/dp/B001B1MZ5U",
        "rating": "4.7",
        "totalReviews": "2831",
        "subtitle": "",
        "isPrimeEligible": "1"
    },
    {
        "ASIN": "B07XCYBCCN",
        "title": "TULA Skin Care 24-7 Hydrating Day & Night Cream - Anti-Aging Moisturizer for Face, Contains Watermelon & Blueberry Extract, 1.5oz",
        "price": "$46.00 ($30.67 / Ounce)",
        "listPrice": "$54.00 ($36.00 / Ounce)",
        "imageUrl": "https://m.media-amazon.com/images/I/31YLxKT9KcL._SL160_.jpg",
        "detailPageURL": "https://www.amazon.com/dp/B07XCYBCCN",
        "rating": "4.7",
        "totalReviews": "2528",
        "subtitle": "TULA",
        "isPrimeEligible": "1"
    },
    {
        "ASIN": "B01CLTKI4A",
        "title": "COSRX Oil Free Lotion with Birch Sap, Daily Acne Facial Moisturizer, 3.38 fl.oz / 100ml, Hydrating moisturizer for all skin types, Korean skincare, Paraben free",
        "price": "$18.55 ($5.49 / Fl Oz)",
        "listPrice": "",
        "imageUrl": "https://m.media-amazon.com/images/I/31E5dxc6hYL._SL160_.jpg",
        "detailPageURL": "https://www.amazon.com/dp/B01CLTKI4A",
        "rating": "4.6",
        "totalReviews": "4645",
        "subtitle": "COSRX",
        "isPrimeEligible": "1"
    },
    {
        "ASIN": "B07RK4HST7",
        "title": "CeraVe Daily Moisturizing Lotion for Dry Skin | Body Lotion & Facial Moisturizer with Hyaluronic Acid and Ceramides | Fragrance Free | 19 Ounce",
        "price": "$18.39 ($0.97 / Fl Oz)",
        "listPrice": "",
        "imageUrl": "https://m.media-amazon.com/images/I/41tRt1pyslL._SL160_.jpg",
        "detailPageURL": "https://www.amazon.com/dp/B07RK4HST7",
        "rating": "4.8",
        "totalReviews": "42181",
        "subtitle": "CeraVe",
        "isPrimeEligible": "1"
    },
    {
        "ASIN": "B000980PGW",
        "title": "Dermalogica Skin Smoothing Cream (3.4 Fl Oz) Face Moisturizer with Vitamin C and Vitamin E - Infuses Skin with 48 Hours of Continuous Hydration",
        "price": "$74.00 ($21.76 / Fl Oz)",
        "listPrice": "",
        "imageUrl": "https://m.media-amazon.com/images/I/31uRIVFTjCL._SL160_.jpg",
        "detailPageURL": "https://www.amazon.com/dp/B000980PGW",
        "rating": "4.7",
        "totalReviews": "2309",
        "subtitle": "",
        "isPrimeEligible": "1"
    },
    {
        "ASIN": "B099MYSH3X",
        "title": "Cetaphil Body Moisturizer, Hydrating Moisturizing Lotion for All Skin Types, Suitable for Sensitive Skin, NEW 16 oz Pack of 2, Fragrance Free, Hypoallergenic, Non-Comedogenic",
        "price": "$19.99 ($0.62 / Fl Oz)",
        "listPrice": "$26.99 ($0.84 / Fl Oz)",
        "imageUrl": "https://m.media-amazon.com/images/I/41kDhHUeC2L._SL160_.jpg",
        "detailPageURL": "https://www.amazon.com/dp/B099MYSH3X",
        "rating": "4.7",
        "totalReviews": "6991",
        "subtitle": "Cetaphil",
        "isPrimeEligible": "1"
    },
    {
        "ASIN": "B08WZPZHCR",
        "title": "innisfree Cherry Blossom Dewy Glow Jelly Cream Face Moisturizer , 1.69 Fl Oz (Pack of 1)",
        "price": "$26.00 ($15.29 / Fl Oz)",
        "listPrice": "",
        "imageUrl": "https://m.media-amazon.com/images/I/31QKk9jvTZL._SL160_.jpg",
        "detailPageURL": "https://www.amazon.com/dp/B08WZPZHCR",
        "rating": "4.4",
        "totalReviews": "1772",
        "subtitle": "",
        "isPrimeEligible": "1"
    },
    {
        "ASIN": "B002JDUMFO",
        "title": "L'Oreal Paris Collagen Daily Face Moisturizer, Reduce Wrinkles, Face Cream 1.7 oz",
        "price": "$8.98 ($5.28 / Ounce)",
        "listPrice": "$11.49 ($6.76 / Ounce)",
        "imageUrl": "https://m.media-amazon.com/images/I/41QbilJrm8L._SL160_.jpg",
        "detailPageURL": "https://www.amazon.com/dp/B002JDUMFO",
        "rating": "4.5",
        "totalReviews": "56614",
        "subtitle": "L\u2019Or\u00e9al Paris",
        "isPrimeEligible": "1"
    },
    {
        "ASIN": "B001AZVRII",
        "title": "Dermalogica Active Moist - Oil-Free Lightweight Face Moisturizer - Helps Improve Skin Texture and Combat Surface Dehydration for Women and Men 3.4 Fl Oz",
        "price": "$74.00 ($21.76 / Fl Oz)",
        "listPrice": "",
        "imageUrl": "https://m.media-amazon.com/images/I/31LrwKgfetL._SL160_.jpg",
        "detailPageURL": "https://www.amazon.com/dp/B001AZVRII",
        "rating": "4.7",
        "totalReviews": "2590",
        "subtitle": "",
        "isPrimeEligible": "1"
    },
    {
        "ASIN": "B001B1MZ5U",
        "title": "Dermalogica Intensive Moisture Balance (3.4 Fl Oz) Face Moisturizer with Hyaluronic Acid - Restores Balance to Dry, Depleted Skin for Optimal Barrier Performance",
        "price": "$74.00 ($21.76 / Fl Oz)",
        "listPrice": "",
        "imageUrl": "https://m.media-amazon.com/images/I/31GVwtTdRRL._SL160_.jpg",
        "detailPageURL": "https://www.amazon.com/dp/B001B1MZ5U",
        "rating": "4.7",
        "totalReviews": "2831",
        "subtitle": "",
        "isPrimeEligible": "1"
    },
    {
        "ASIN": "B07XCYBCCN",
        "title": "TULA Skin Care 24-7 Hydrating Day & Night Cream - Anti-Aging Moisturizer for Face, Contains Watermelon & Blueberry Extract, 1.5oz",
        "price": "$46.00 ($30.67 / Ounce)",
        "listPrice": "$54.00 ($36.00 / Ounce)",
        "imageUrl": "https://m.media-amazon.com/images/I/31YLxKT9KcL._SL160_.jpg",
        "detailPageURL": "https://www.amazon.com/dp/B07XCYBCCN",
        "rating": "4.7",
        "totalReviews": "2528",
        "subtitle": "TULA",
        "isPrimeEligible": "1"
    },
    {
        "ASIN": "B01CLTKI4A",
        "title": "COSRX Oil Free Lotion with Birch Sap, Daily Acne Facial Moisturizer, 3.38 fl.oz / 100ml, Hydrating moisturizer for all skin types, Korean skincare, Paraben free",
        "price": "$18.55 ($5.49 / Fl Oz)",
        "listPrice": "",
        "imageUrl": "https://m.media-amazon.com/images/I/31E5dxc6hYL._SL160_.jpg",
        "detailPageURL": "https://www.amazon.com/dp/B01CLTKI4A",
        "rating": "4.6",
        "totalReviews": "4645",
        "subtitle": "COSRX",
        "isPrimeEligible": "1"
    },
    {
        "ASIN": "B004D2C57M",
        "title": "Neutrogena Rapid Wrinkle Repair Retinol Face Moisturizer with SPF 30 Sunscreen, Daily Anti-Aging Face Cream with Retinol & Hyaluronic Acid to Fight Fine Lines, Wrinkles, & Dark Spots, 1 fl. oz",
        "price": "$15.79",
        "listPrice": "$29.49",
        "imageUrl": "https://m.media-amazon.com/images/I/410334WLDrL._SL160_.jpg",
        "detailPageURL": "https://www.amazon.com/dp/B004D2C57M",
        "rating": "4.4",
        "totalReviews": "15966",
        "subtitle": "Neutrogena",
        "isPrimeEligible": "0"
    },
    {
        "ASIN": "B000980PGW",
        "title": "Dermalogica Skin Smoothing Cream (3.4 Fl Oz) Face Moisturizer with Vitamin C and Vitamin E - Infuses Skin with 48 Hours of Continuous Hydration",
        "price": "$74.00 ($21.76 / Fl Oz)",
        "listPrice": "",
        "imageUrl": "https://m.media-amazon.com/images/I/31uRIVFTjCL._SL160_.jpg",
        "detailPageURL": "https://www.amazon.com/dp/B000980PGW",
        "rating": "4.7",
        "totalReviews": "2309",
        "subtitle": "",
        "isPrimeEligible": "1"
    },
    {
        "ASIN": "B099MYSH3X",
        "title": "Cetaphil Body Moisturizer, Hydrating Moisturizing Lotion for All Skin Types, Suitable for Sensitive Skin, NEW 16 oz Pack of 2, Fragrance Free, Hypoallergenic, Non-Comedogenic",
        "price": "$19.99 ($0.62 / Fl Oz)",
        "listPrice": "$26.99 ($0.84 / Fl Oz)",
        "imageUrl": "https://m.media-amazon.com/images/I/41kDhHUeC2L._SL160_.jpg",
        "detailPageURL": "https://www.amazon.com/dp/B099MYSH3X",
        "rating": "4.7",
        "totalReviews": "6991",
        "subtitle": "Cetaphil",
        "isPrimeEligible": "1"
    },
    {
        "ASIN": "B08WZPZHCR",
        "title": "innisfree Cherry Blossom Dewy Glow Jelly Cream Face Moisturizer , 1.69 Fl Oz (Pack of 1)",
        "price": "$26.00 ($15.29 / Fl Oz)",
        "listPrice": "",
        "imageUrl": "https://m.media-amazon.com/images/I/31QKk9jvTZL._SL160_.jpg",
        "detailPageURL": "https://www.amazon.com/dp/B08WZPZHCR",
        "rating": "4.4",
        "totalReviews": "1772",
        "subtitle": "",
        "isPrimeEligible": "1"
    },
    {
        "ASIN": "B002JDUMFO",
        "title": "L'Oreal Paris Collagen Daily Face Moisturizer, Reduce Wrinkles, Face Cream 1.7 oz",
        "price": "$8.98 ($5.28 / Ounce)",
        "listPrice": "$11.49 ($6.76 / Ounce)",
        "imageUrl": "https://m.media-amazon.com/images/I/41QbilJrm8L._SL160_.jpg",
        "detailPageURL": "https://www.amazon.com/dp/B002JDUMFO",
        "rating": "4.5",
        "totalReviews": "56614",
        "subtitle": "L\u2019Or\u00e9al Paris",
        "isPrimeEligible": "1"
    },
    {
        "ASIN": "B001AZVRII",
        "title": "Dermalogica Active Moist - Oil-Free Lightweight Face Moisturizer - Helps Improve Skin Texture and Combat Surface Dehydration for Women and Men 3.4 Fl Oz",
        "price": "$74.00 ($21.76 / Fl Oz)",
        "listPrice": "",
        "imageUrl": "https://m.media-amazon.com/images/I/31LrwKgfetL._SL160_.jpg",
        "detailPageURL": "https://www.amazon.com/dp/B001AZVRII",
        "rating": "4.7",
        "totalReviews": "2590",
        "subtitle": "",
        "isPrimeEligible": "1"
    },
    {
        "ASIN": "B001B1MZ5U",
        "title": "Dermalogica Intensive Moisture Balance (3.4 Fl Oz) Face Moisturizer with Hyaluronic Acid - Restores Balance to Dry, Depleted Skin for Optimal Barrier Performance",
        "price": "$74.00 ($21.76 / Fl Oz)",
        "listPrice": "",
        "imageUrl": "https://m.media-amazon.com/images/I/31GVwtTdRRL._SL160_.jpg",
        "detailPageURL": "https://www.amazon.com/dp/B001B1MZ5U",
        "rating": "4.7",
        "totalReviews": "2831",
        "subtitle": "",
        "isPrimeEligible": "1"
    },
    {
        "ASIN": "B07XCYBCCN",
        "title": "TULA Skin Care 24-7 Hydrating Day & Night Cream - Anti-Aging Moisturizer for Face, Contains Watermelon & Blueberry Extract, 1.5oz",
        "price": "$46.00 ($30.67 / Ounce)",
        "listPrice": "$54.00 ($36.00 / Ounce)",
        "imageUrl": "https://m.media-amazon.com/images/I/31YLxKT9KcL._SL160_.jpg",
        "detailPageURL": "https://www.amazon.com/dp/B07XCYBCCN",
        "rating": "4.7",
        "totalReviews": "2528",
        "subtitle": "TULA",
        "isPrimeEligible": "1"
    },
    {
        "ASIN": "B01CLTKI4A",
        "title": "COSRX Oil Free Lotion with Birch Sap, Daily Acne Facial Moisturizer, 3.38 fl.oz / 100ml, Hydrating moisturizer for all skin types, Korean skincare, Paraben free",
        "price": "$18.55 ($5.49 / Fl Oz)",
        "listPrice": "",
        "imageUrl": "https://m.media-amazon.com/images/I/31E5dxc6hYL._SL160_.jpg",
        "detailPageURL": "https://www.amazon.com/dp/B01CLTKI4A",
        "rating": "4.6",
        "totalReviews": "4645",
        "subtitle": "COSRX",
        "isPrimeEligible": "1"
    },
    {
        "ASIN": "B07RW4CHC3",
        "title": "DRMTLGY Tinted Moisturizer with SPF 46. Universal Tint. All-In-One Face Sunscreen and Foundation with Broad Spectrum Protection Against UVA and UVB Rays. 1.7 oz",
        "price": "$27.95 ($16.44 / Ounce)",
        "listPrice": "",
        "imageUrl": "https://m.media-amazon.com/images/I/31O4+lFk4oL._SL160_.jpg",
        "detailPageURL": "https://www.amazon.com/dp/B07RW4CHC3",
        "rating": "4.2",
        "totalReviews": "21352",
        "subtitle": "DRMTLGY",
        "isPrimeEligible": "1"
    },
    {
        "ASIN": "B003QXZWYW",
        "title": "La Roche-Posay Lipikar Balm AP+ Intense Repair Body Lotion for Dry Skin, Body Cream with Shea Butter and Niacinamide, Moisturizer for Dry and Rough Skin, Sensitive Skin Safe, 13.52 Fl Oz (Pack of 1)",
        "price": "$19.99 ($1.48 / Fl Oz)",
        "listPrice": "",
        "imageUrl": "https://m.media-amazon.com/images/I/4113gbA7-9L._SL160_.jpg",
        "detailPageURL": "https://www.amazon.com/dp/B003QXZWYW",
        "rating": "4.7",
        "totalReviews": "21597",
        "subtitle": "",
        "isPrimeEligible": "1"
    },
    {
        "ASIN": "B099MYSH3X",
        "title": "Cetaphil Body Moisturizer, Hydrating Moisturizing Lotion for All Skin Types, Suitable for Sensitive Skin, NEW 16 oz Pack of 2, Fragrance Free, Hypoallergenic, Non-Comedogenic",
        "price": "$19.99 ($0.62 / Fl Oz)",
        "listPrice": "$26.99 ($0.84 / Fl Oz)",
        "imageUrl": "https://m.media-amazon.com/images/I/41kDhHUeC2L._SL160_.jpg",
        "detailPageURL": "https://www.amazon.com/dp/B099MYSH3X",
        "rating": "4.7",
        "totalReviews": "6991",
        "subtitle": "Cetaphil",
        "isPrimeEligible": "1"
    },
    {
        "ASIN": "B08WZPZHCR",
        "title": "innisfree Cherry Blossom Dewy Glow Jelly Cream Face Moisturizer , 1.69 Fl Oz (Pack of 1)",
        "price": "$26.00 ($15.29 / Fl Oz)",
        "listPrice": "",
        "imageUrl": "https://m.media-amazon.com/images/I/31QKk9jvTZL._SL160_.jpg",
        "detailPageURL": "https://www.amazon.com/dp/B08WZPZHCR",
        "rating": "4.4",
        "totalReviews": "1772",
        "subtitle": "",
        "isPrimeEligible": "1"
    },
    {
        "ASIN": "B002JDUMFO",
        "title": "L'Oreal Paris Collagen Daily Face Moisturizer, Reduce Wrinkles, Face Cream 1.7 oz",
        "price": "$8.98 ($5.28 / Ounce)",
        "listPrice": "$11.49 ($6.76 / Ounce)",
        "imageUrl": "https://m.media-amazon.com/images/I/41QbilJrm8L._SL160_.jpg",
        "detailPageURL": "https://www.amazon.com/dp/B002JDUMFO",
        "rating": "4.5",
        "totalReviews": "56614",
        "subtitle": "L\u2019Or\u00e9al Paris",
        "isPrimeEligible": "1"
    },
    {
        "ASIN": "B001AZVRII",
        "title": "Dermalogica Active Moist - Oil-Free Lightweight Face Moisturizer - Helps Improve Skin Texture and Combat Surface Dehydration for Women and Men 3.4 Fl Oz",
        "price": "$74.00 ($21.76 / Fl Oz)",
        "listPrice": "",
        "imageUrl": "https://m.media-amazon.com/images/I/31LrwKgfetL._SL160_.jpg",
        "detailPageURL": "https://www.amazon.com/dp/B001AZVRII",
        "rating": "4.7",
        "totalReviews": "2590",
        "subtitle": "",
        "isPrimeEligible": "1"
    },
    {
        "ASIN": "B001B1MZ5U",
        "title": "Dermalogica Intensive Moisture Balance (3.4 Fl Oz) Face Moisturizer with Hyaluronic Acid - Restores Balance to Dry, Depleted Skin for Optimal Barrier Performance",
        "price": "$74.00 ($21.76 / Fl Oz)",
        "listPrice": "",
        "imageUrl": "https://m.media-amazon.com/images/I/31GVwtTdRRL._SL160_.jpg",
        "detailPageURL": "https://www.amazon.com/dp/B001B1MZ5U",
        "rating": "4.7",
        "totalReviews": "2831",
        "subtitle": "",
        "isPrimeEligible": "1"
    },
    {
        "ASIN": "B07XCYBCCN",
        "title": "TULA Skin Care 24-7 Hydrating Day & Night Cream - Anti-Aging Moisturizer for Face, Contains Watermelon & Blueberry Extract, 1.5oz",
        "price": "$46.00 ($30.67 / Ounce)",
        "listPrice": "$54.00 ($36.00 / Ounce)",
        "imageUrl": "https://m.media-amazon.com/images/I/31YLxKT9KcL._SL160_.jpg",
        "detailPageURL": "https://www.amazon.com/dp/B07XCYBCCN",
        "rating": "4.7",
        "totalReviews": "2528",
        "subtitle": "TULA",
        "isPrimeEligible": "1"
    },
    {
        "ASIN": "B01CLTKI4A",
        "title": "COSRX Oil Free Lotion with Birch Sap, Daily Acne Facial Moisturizer, 3.38 fl.oz / 100ml, Hydrating moisturizer for all skin types, Korean skincare, Paraben free",
        "price": "$18.55 ($5.49 / Fl Oz)",
        "listPrice": "",
        "imageUrl": "https://m.media-amazon.com/images/I/31E5dxc6hYL._SL160_.jpg",
        "detailPageURL": "https://www.amazon.com/dp/B01CLTKI4A",
        "rating": "4.6",
        "totalReviews": "4645",
        "subtitle": "COSRX",
        "isPrimeEligible": "1"
    },
    {
        "ASIN": "B003156NH0",
        "title": "Neutrogena Healthy Defense Daily Moisturizer with SPF 50 and Vitamin E, Lightweight Face Lotion with SPF 50 Sunscreen and Antioxidants, Vitamin C & Vitamin E, 1.7 fl. oz (Pack of 2)",
        "price": "$58.00 ($17.06 / Fl Oz)",
        "listPrice": "",
        "imageUrl": "https://m.media-amazon.com/images/I/410qe8Cpw6L._SL160_.jpg",
        "detailPageURL": "https://www.amazon.com/dp/B003156NH0",
        "rating": "4.6",
        "totalReviews": "5114",
        "subtitle": "Neutrogena",
        "isPrimeEligible": "1"
    },
    {
        "ASIN": "B07RW4CHC3",
        "title": "DRMTLGY Tinted Moisturizer with SPF 46. Universal Tint. All-In-One Face Sunscreen and Foundation with Broad Spectrum Protection Against UVA and UVB Rays. 1.7 oz",
        "price": "$27.95 ($16.44 / Ounce)",
        "listPrice": "",
        "imageUrl": "https://m.media-amazon.com/images/I/31O4+lFk4oL._SL160_.jpg",
        "detailPageURL": "https://www.amazon.com/dp/B07RW4CHC3",
        "rating": "4.2",
        "totalReviews": "21352",
        "subtitle": "DRMTLGY",
        "isPrimeEligible": "1"
    },
    {
        "ASIN": "B003QXZWYW",
        "title": "La Roche-Posay Lipikar Balm AP+ Intense Repair Body Lotion for Dry Skin, Body Cream with Shea Butter and Niacinamide, Moisturizer for Dry and Rough Skin, Sensitive Skin Safe, 13.52 Fl Oz (Pack of 1)",
        "price": "$19.99 ($1.48 / Fl Oz)",
        "listPrice": "",
        "imageUrl": "https://m.media-amazon.com/images/I/4113gbA7-9L._SL160_.jpg",
        "detailPageURL": "https://www.amazon.com/dp/B003QXZWYW",
        "rating": "4.7",
        "totalReviews": "21597",
        "subtitle": "",
        "isPrimeEligible": "1"
    },
    {
        "ASIN": "B08WZPZHCR",
        "title": "innisfree Cherry Blossom Dewy Glow Jelly Cream Face Moisturizer , 1.69 Fl Oz (Pack of 1)",
        "price": "$26.00 ($15.29 / Fl Oz)",
        "listPrice": "",
        "imageUrl": "https://m.media-amazon.com/images/I/31QKk9jvTZL._SL160_.jpg",
        "detailPageURL": "https://www.amazon.com/dp/B08WZPZHCR",
        "rating": "4.4",
        "totalReviews": "1772",
        "subtitle": "",
        "isPrimeEligible": "1"
    },
    {
        "ASIN": "B002JDUMFO",
        "title": "L'Oreal Paris Collagen Daily Face Moisturizer, Reduce Wrinkles, Face Cream 1.7 oz",
        "price": "$8.98 ($5.28 / Ounce)",
        "listPrice": "$11.49 ($6.76 / Ounce)",
        "imageUrl": "https://m.media-amazon.com/images/I/41QbilJrm8L._SL160_.jpg",
        "detailPageURL": "https://www.amazon.com/dp/B002JDUMFO",
        "rating": "4.5",
        "totalReviews": "56614",
        "subtitle": "L\u2019Or\u00e9al Paris",
        "isPrimeEligible": "1"
    },
    {
        "ASIN": "B001AZVRII",
        "title": "Dermalogica Active Moist - Oil-Free Lightweight Face Moisturizer - Helps Improve Skin Texture and Combat Surface Dehydration for Women and Men 3.4 Fl Oz",
        "price": "$74.00 ($21.76 / Fl Oz)",
        "listPrice": "",
        "imageUrl": "https://m.media-amazon.com/images/I/31LrwKgfetL._SL160_.jpg",
        "detailPageURL": "https://www.amazon.com/dp/B001AZVRII",
        "rating": "4.7",
        "totalReviews": "2590",
        "subtitle": "",
        "isPrimeEligible": "1"
    },
    {
        "ASIN": "B001B1MZ5U",
        "title": "Dermalogica Intensive Moisture Balance (3.4 Fl Oz) Face Moisturizer with Hyaluronic Acid - Restores Balance to Dry, Depleted Skin for Optimal Barrier Performance",
        "price": "$74.00 ($21.76 / Fl Oz)",
        "listPrice": "",
        "imageUrl": "https://m.media-amazon.com/images/I/31GVwtTdRRL._SL160_.jpg",
        "detailPageURL": "https://www.amazon.com/dp/B001B1MZ5U",
        "rating": "4.7",
        "totalReviews": "2831",
        "subtitle": "",
        "isPrimeEligible": "1"
    },
    {
        "ASIN": "B07XCYBCCN",
        "title": "TULA Skin Care 24-7 Hydrating Day & Night Cream - Anti-Aging Moisturizer for Face, Contains Watermelon & Blueberry Extract, 1.5oz",
        "price": "$46.00 ($30.67 / Ounce)",
        "listPrice": "$54.00 ($36.00 / Ounce)",
        "imageUrl": "https://m.media-amazon.com/images/I/31YLxKT9KcL._SL160_.jpg",
        "detailPageURL": "https://www.amazon.com/dp/B07XCYBCCN",
        "rating": "4.7",
        "totalReviews": "2528",
        "subtitle": "TULA",
        "isPrimeEligible": "1"
    },
    {
        "ASIN": "B01CLTKI4A",
        "title": "COSRX Oil Free Lotion with Birch Sap, Daily Acne Facial Moisturizer, 3.38 fl.oz / 100ml, Hydrating moisturizer for all skin types, Korean skincare, Paraben free",
        "price": "$18.55 ($5.49 / Fl Oz)",
        "listPrice": "",
        "imageUrl": "https://m.media-amazon.com/images/I/31E5dxc6hYL._SL160_.jpg",
        "detailPageURL": "https://www.amazon.com/dp/B01CLTKI4A",
        "rating": "4.6",
        "totalReviews": "4645",
        "subtitle": "COSRX",
        "isPrimeEligible": "1"
    },
    {
        "ASIN": "B003156NH0",
        "title": "Neutrogena Healthy Defense Daily Moisturizer with SPF 50 and Vitamin E, Lightweight Face Lotion with SPF 50 Sunscreen and Antioxidants, Vitamin C & Vitamin E, 1.7 fl. oz (Pack of 2)",
        "price": "$58.00 ($17.06 / Fl Oz)",
        "listPrice": "",
        "imageUrl": "https://m.media-amazon.com/images/I/410qe8Cpw6L._SL160_.jpg",
        "detailPageURL": "https://www.amazon.com/dp/B003156NH0",
        "rating": "4.6",
        "totalReviews": "5114",
        "subtitle": "Neutrogena",
        "isPrimeEligible": "1"
    },
    {
        "ASIN": "B07RW4CHC3",
        "title": "DRMTLGY Tinted Moisturizer with SPF 46. Universal Tint. All-In-One Face Sunscreen and Foundation with Broad Spectrum Protection Against UVA and UVB Rays. 1.7 oz",
        "price": "$27.95 ($16.44 / Ounce)",
        "listPrice": "",
        "imageUrl": "https://m.media-amazon.com/images/I/31O4+lFk4oL._SL160_.jpg",
        "detailPageURL": "https://www.amazon.com/dp/B07RW4CHC3",
        "rating": "4.2",
        "totalReviews": "21352",
        "subtitle": "DRMTLGY",
        "isPrimeEligible": "1"
    },
    {
        "ASIN": "B003QXZWYW",
        "title": "La Roche-Posay Lipikar Balm AP+ Intense Repair Body Lotion for Dry Skin, Body Cream with Shea Butter and Niacinamide, Moisturizer for Dry and Rough Skin, Sensitive Skin Safe, 13.52 Fl Oz (Pack of 1)",
        "price": "$19.99 ($1.48 / Fl Oz)",
        "listPrice": "",
        "imageUrl": "https://m.media-amazon.com/images/I/4113gbA7-9L._SL160_.jpg",
        "detailPageURL": "https://www.amazon.com/dp/B003QXZWYW",
        "rating": "4.7",
        "totalReviews": "21597",
        "subtitle": "",
        "isPrimeEligible": "1"
    },
    {
        "ASIN": "B09Q31NDJB",
        "title": "Glow Recipe Plum Plump Hyaluronic Acid Face Cream - Dewy Glow Hydrating Face Moisturizer Plumps & Balances Skin - Vegan Whipped Gel Moisturizer with Polyglutamic Acid & Ice Willowherb (50ml)",
        "price": "$39.00 ($22.94 / Ounce)",
        "listPrice": "",
        "imageUrl": "https://m.media-amazon.com/images/I/31KiLusGxbL._SL160_.jpg",
        "detailPageURL": "https://www.amazon.com/dp/B09Q31NDJB",
        "rating": "4.5",
        "totalReviews": "622",
        "subtitle": "Glow Recipe",
        "isPrimeEligible": "1"
    },
    {
        "ASIN": "B002JDUMFO",
        "title": "L'Oreal Paris Collagen Daily Face Moisturizer, Reduce Wrinkles, Face Cream 1.7 oz",
        "price": "$8.98 ($5.28 / Ounce)",
        "listPrice": "$11.49 ($6.76 / Ounce)",
        "imageUrl": "https://m.media-amazon.com/images/I/41QbilJrm8L._SL160_.jpg",
        "detailPageURL": "https://www.amazon.com/dp/B002JDUMFO",
        "rating": "4.5",
        "totalReviews": "56614",
        "subtitle": "L\u2019Or\u00e9al Paris",
        "isPrimeEligible": "1"
    },
    {
        "ASIN": "B001AZVRII",
        "title": "Dermalogica Active Moist - Oil-Free Lightweight Face Moisturizer - Helps Improve Skin Texture and Combat Surface Dehydration for Women and Men 3.4 Fl Oz",
        "price": "$74.00 ($21.76 / Fl Oz)",
        "listPrice": "",
        "imageUrl": "https://m.media-amazon.com/images/I/31LrwKgfetL._SL160_.jpg",
        "detailPageURL": "https://www.amazon.com/dp/B001AZVRII",
        "rating": "4.7",
        "totalReviews": "2590",
        "subtitle": "",
        "isPrimeEligible": "1"
    },
    {
        "ASIN": "B001B1MZ5U",
        "title": "Dermalogica Intensive Moisture Balance (3.4 Fl Oz) Face Moisturizer with Hyaluronic Acid - Restores Balance to Dry, Depleted Skin for Optimal Barrier Performance",
        "price": "$74.00 ($21.76 / Fl Oz)",
        "listPrice": "",
        "imageUrl": "https://m.media-amazon.com/images/I/31GVwtTdRRL._SL160_.jpg",
        "detailPageURL": "https://www.amazon.com/dp/B001B1MZ5U",
        "rating": "4.7",
        "totalReviews": "2831",
        "subtitle": "",
        "isPrimeEligible": "1"
    },
    {
        "ASIN": "B07XCYBCCN",
        "title": "TULA Skin Care 24-7 Hydrating Day & Night Cream - Anti-Aging Moisturizer for Face, Contains Watermelon & Blueberry Extract, 1.5oz",
        "price": "$46.00 ($30.67 / Ounce)",
        "listPrice": "$54.00 ($36.00 / Ounce)",
        "imageUrl": "https://m.media-amazon.com/images/I/31YLxKT9KcL._SL160_.jpg",
        "detailPageURL": "https://www.amazon.com/dp/B07XCYBCCN",
        "rating": "4.7",
        "totalReviews": "2528",
        "subtitle": "TULA",
        "isPrimeEligible": "1"
    },
    {
        "ASIN": "B01CLTKI4A",
        "title": "COSRX Oil Free Lotion with Birch Sap, Daily Acne Facial Moisturizer, 3.38 fl.oz / 100ml, Hydrating moisturizer for all skin types, Korean skincare, Paraben free",
        "price": "$18.55 ($5.49 / Fl Oz)",
        "listPrice": "",
        "imageUrl": "https://m.media-amazon.com/images/I/31E5dxc6hYL._SL160_.jpg",
        "detailPageURL": "https://www.amazon.com/dp/B01CLTKI4A",
        "rating": "4.6",
        "totalReviews": "4645",
        "subtitle": "COSRX",
        "isPrimeEligible": "1"
    },
    {
        "ASIN": "B003156NH0",
        "title": "Neutrogena Healthy Defense Daily Moisturizer with SPF 50 and Vitamin E, Lightweight Face Lotion with SPF 50 Sunscreen and Antioxidants, Vitamin C & Vitamin E, 1.7 fl. oz (Pack of 2)",
        "price": "$58.00 ($17.06 / Fl Oz)",
        "listPrice": "",
        "imageUrl": "https://m.media-amazon.com/images/I/410qe8Cpw6L._SL160_.jpg",
        "detailPageURL": "https://www.amazon.com/dp/B003156NH0",
        "rating": "4.6",
        "totalReviews": "5114",
        "subtitle": "Neutrogena",
        "isPrimeEligible": "1"
    },
    {
        "ASIN": "B07RW4CHC3",
        "title": "DRMTLGY Tinted Moisturizer with SPF 46. Universal Tint. All-In-One Face Sunscreen and Foundation with Broad Spectrum Protection Against UVA and UVB Rays. 1.7 oz",
        "price": "$27.95 ($16.44 / Ounce)",
        "listPrice": "",
        "imageUrl": "https://m.media-amazon.com/images/I/31O4+lFk4oL._SL160_.jpg",
        "detailPageURL": "https://www.amazon.com/dp/B07RW4CHC3",
        "rating": "4.2",
        "totalReviews": "21352",
        "subtitle": "DRMTLGY",
        "isPrimeEligible": "1"
    },
    {
        "ASIN": "B003QXZWYW",
        "title": "La Roche-Posay Lipikar Balm AP+ Intense Repair Body Lotion for Dry Skin, Body Cream with Shea Butter and Niacinamide, Moisturizer for Dry and Rough Skin, Sensitive Skin Safe, 13.52 Fl Oz (Pack of 1)",
        "price": "$19.99 ($1.48 / Fl Oz)",
        "listPrice": "",
        "imageUrl": "https://m.media-amazon.com/images/I/4113gbA7-9L._SL160_.jpg",
        "detailPageURL": "https://www.amazon.com/dp/B003QXZWYW",
        "rating": "4.7",
        "totalReviews": "21597",
        "subtitle": "",
        "isPrimeEligible": "1"
    },
    {
        "ASIN": "B09Q31NDJB",
        "title": "Glow Recipe Plum Plump Hyaluronic Acid Face Cream - Dewy Glow Hydrating Face Moisturizer Plumps & Balances Skin - Vegan Whipped Gel Moisturizer with Polyglutamic Acid & Ice Willowherb (50ml)",
        "price": "$39.00 ($22.94 / Ounce)",
        "listPrice": "",
        "imageUrl": "https://m.media-amazon.com/images/I/31KiLusGxbL._SL160_.jpg",
        "detailPageURL": "https://www.amazon.com/dp/B09Q31NDJB",
        "rating": "4.5",
        "totalReviews": "622",
        "subtitle": "Glow Recipe",
        "isPrimeEligible": "1"
    },
    {
        "ASIN": "B008RJFO6Q",
        "title": "First Aid Beauty Ultra Repair Face Moisturizer \u2013 Lightweight, Hydrating Face Lotion for All Skin Types, 1.7 Oz",
        "price": "$23.80 ($14.00 / Fl Oz)",
        "listPrice": "$26.00 ($15.29 / Fl Oz)",
        "imageUrl": "https://m.media-amazon.com/images/I/31iPoRCspqL._SL160_.jpg",
        "detailPageURL": "https://www.amazon.com/dp/B008RJFO6Q",
        "rating": "4.6",
        "totalReviews": "1891",
        "subtitle": "First Aid Beauty",
        "isPrimeEligible": "1"
    },
    {
        "ASIN": "B001AZVRII",
        "title": "Dermalogica Active Moist - Oil-Free Lightweight Face Moisturizer - Helps Improve Skin Texture and Combat Surface Dehydration for Women and Men 3.4 Fl Oz",
        "price": "$74.00 ($21.76 / Fl Oz)",
        "listPrice": "",
        "imageUrl": "https://m.media-amazon.com/images/I/31LrwKgfetL._SL160_.jpg",
        "detailPageURL": "https://www.amazon.com/dp/B001AZVRII",
        "rating": "4.7",
        "totalReviews": "2590",
        "subtitle": "",
        "isPrimeEligible": "1"
    },
    {
        "ASIN": "B001B1MZ5U",
        "title": "Dermalogica Intensive Moisture Balance (3.4 Fl Oz) Face Moisturizer with Hyaluronic Acid - Restores Balance to Dry, Depleted Skin for Optimal Barrier Performance",
        "price": "$74.00 ($21.76 / Fl Oz)",
        "listPrice": "",
        "imageUrl": "https://m.media-amazon.com/images/I/31GVwtTdRRL._SL160_.jpg",
        "detailPageURL": "https://www.amazon.com/dp/B001B1MZ5U",
        "rating": "4.7",
        "totalReviews": "2831",
        "subtitle": "",
        "isPrimeEligible": "1"
    },
    {
        "ASIN": "B07XCYBCCN",
        "title": "TULA Skin Care 24-7 Hydrating Day & Night Cream - Anti-Aging Moisturizer for Face, Contains Watermelon & Blueberry Extract, 1.5oz",
        "price": "$46.00 ($30.67 / Ounce)",
        "listPrice": "$54.00 ($36.00 / Ounce)",
        "imageUrl": "https://m.media-amazon.com/images/I/31YLxKT9KcL._SL160_.jpg",
        "detailPageURL": "https://www.amazon.com/dp/B07XCYBCCN",
        "rating": "4.7",
        "totalReviews": "2528",
        "subtitle": "TULA",
        "isPrimeEligible": "1"
    },
    {
        "ASIN": "B01CLTKI4A",
        "title": "COSRX Oil Free Lotion with Birch Sap, Daily Acne Facial Moisturizer, 3.38 fl.oz / 100ml, Hydrating moisturizer for all skin types, Korean skincare, Paraben free",
        "price": "$18.55 ($5.49 / Fl Oz)",
        "listPrice": "",
        "imageUrl": "https://m.media-amazon.com/images/I/31E5dxc6hYL._SL160_.jpg",
        "detailPageURL": "https://www.amazon.com/dp/B01CLTKI4A",
        "rating": "4.6",
        "totalReviews": "4645",
        "subtitle": "COSRX",
        "isPrimeEligible": "1"
    },
    {
        "ASIN": "B003156NH0",
        "title": "Neutrogena Healthy Defense Daily Moisturizer with SPF 50 and Vitamin E, Lightweight Face Lotion with SPF 50 Sunscreen and Antioxidants, Vitamin C & Vitamin E, 1.7 fl. oz (Pack of 2)",
        "price": "$58.00 ($17.06 / Fl Oz)",
        "listPrice": "",
        "imageUrl": "https://m.media-amazon.com/images/I/410qe8Cpw6L._SL160_.jpg",
        "detailPageURL": "https://www.amazon.com/dp/B003156NH0",
        "rating": "4.6",
        "totalReviews": "5114",
        "subtitle": "Neutrogena",
        "isPrimeEligible": "1"
    },
    {
        "ASIN": "B07RW4CHC3",
        "title": "DRMTLGY Tinted Moisturizer with SPF 46. Universal Tint. All-In-One Face Sunscreen and Foundation with Broad Spectrum Protection Against UVA and UVB Rays. 1.7 oz",
        "price": "$27.95 ($16.44 / Ounce)",
        "listPrice": "",
        "imageUrl": "https://m.media-amazon.com/images/I/31O4+lFk4oL._SL160_.jpg",
        "detailPageURL": "https://www.amazon.com/dp/B07RW4CHC3",
        "rating": "4.2",
        "totalReviews": "21352",
        "subtitle": "DRMTLGY",
        "isPrimeEligible": "1"
    },
    {
        "ASIN": "B003QXZWYW",
        "title": "La Roche-Posay Lipikar Balm AP+ Intense Repair Body Lotion for Dry Skin, Body Cream with Shea Butter and Niacinamide, Moisturizer for Dry and Rough Skin, Sensitive Skin Safe, 13.52 Fl Oz (Pack of 1)",
        "price": "$19.99 ($1.48 / Fl Oz)",
        "listPrice": "",
        "imageUrl": "https://m.media-amazon.com/images/I/4113gbA7-9L._SL160_.jpg",
        "detailPageURL": "https://www.amazon.com/dp/B003QXZWYW",
        "rating": "4.7",
        "totalReviews": "21597",
        "subtitle": "",
        "isPrimeEligible": "1"
    },
    {
        "ASIN": "B09Q31NDJB",
        "title": "Glow Recipe Plum Plump Hyaluronic Acid Face Cream - Dewy Glow Hydrating Face Moisturizer Plumps & Balances Skin - Vegan Whipped Gel Moisturizer with Polyglutamic Acid & Ice Willowherb (50ml)",
        "price": "$39.00 ($22.94 / Ounce)",
        "listPrice": "",
        "imageUrl": "https://m.media-amazon.com/images/I/31KiLusGxbL._SL160_.jpg",
        "detailPageURL": "https://www.amazon.com/dp/B09Q31NDJB",
        "rating": "4.5",
        "totalReviews": "622",
        "subtitle": "Glow Recipe",
        "isPrimeEligible": "1"
    },
    {
        "ASIN": "B008RJFO6Q",
        "title": "First Aid Beauty Ultra Repair Face Moisturizer \u2013 Lightweight, Hydrating Face Lotion for All Skin Types, 1.7 Oz",
        "price": "$23.80 ($14.00 / Fl Oz)",
        "listPrice": "$26.00 ($15.29 / Fl Oz)",
        "imageUrl": "https://m.media-amazon.com/images/I/31iPoRCspqL._SL160_.jpg",
        "detailPageURL": "https://www.amazon.com/dp/B008RJFO6Q",
        "rating": "4.6",
        "totalReviews": "1891",
        "subtitle": "First Aid Beauty",
        "isPrimeEligible": "1"
    },
    {
        "ASIN": "B09CDXHG9N",
        "title": "Olay Regenerist Vitamin C + Peptide 24 Brightening Face Moisturizer for Brighter Skin, Lightweight anti-aging cream for dark spots, Includes Olay Whip Travel size for dry, 1.7 oz",
        "price": "$29.99 ($17.64 / Ounce)",
        "listPrice": "$34.99 ($20.58 / Ounce)",
        "imageUrl": "https://m.media-amazon.com/images/I/411tFxz4L-L._SL160_.jpg",
        "detailPageURL": "https://www.amazon.com/dp/B09CDXHG9N",
        "rating": "4.6",
        "totalReviews": "5770",
        "subtitle": "",
        "isPrimeEligible": "1"
    },
    {
        "ASIN": "B001B1MZ5U",
        "title": "Dermalogica Intensive Moisture Balance (3.4 Fl Oz) Face Moisturizer with Hyaluronic Acid - Restores Balance to Dry, Depleted Skin for Optimal Barrier Performance",
        "price": "$74.00 ($21.76 / Fl Oz)",
        "listPrice": "",
        "imageUrl": "https://m.media-amazon.com/images/I/31GVwtTdRRL._SL160_.jpg",
        "detailPageURL": "https://www.amazon.com/dp/B001B1MZ5U",
        "rating": "4.7",
        "totalReviews": "2831",
        "subtitle": "",
        "isPrimeEligible": "1"
    },
    {
        "ASIN": "B07XCYBCCN",
        "title": "TULA Skin Care 24-7 Hydrating Day & Night Cream - Anti-Aging Moisturizer for Face, Contains Watermelon & Blueberry Extract, 1.5oz",
        "price": "$46.00 ($30.67 / Ounce)",
        "listPrice": "$54.00 ($36.00 / Ounce)",
        "imageUrl": "https://m.media-amazon.com/images/I/31YLxKT9KcL._SL160_.jpg",
        "detailPageURL": "https://www.amazon.com/dp/B07XCYBCCN",
        "rating": "4.7",
        "totalReviews": "2528",
        "subtitle": "TULA",
        "isPrimeEligible": "1"
    },
    {
        "ASIN": "B01CLTKI4A",
        "title": "COSRX Oil Free Lotion with Birch Sap, Daily Acne Facial Moisturizer, 3.38 fl.oz / 100ml, Hydrating moisturizer for all skin types, Korean skincare, Paraben free",
        "price": "$18.55 ($5.49 / Fl Oz)",
        "listPrice": "",
        "imageUrl": "https://m.media-amazon.com/images/I/31E5dxc6hYL._SL160_.jpg",
        "detailPageURL": "https://www.amazon.com/dp/B01CLTKI4A",
        "rating": "4.6",
        "totalReviews": "4645",
        "subtitle": "COSRX",
        "isPrimeEligible": "1"
    },
    {
        "ASIN": "B003156NH0",
        "title": "Neutrogena Healthy Defense Daily Moisturizer with SPF 50 and Vitamin E, Lightweight Face Lotion with SPF 50 Sunscreen and Antioxidants, Vitamin C & Vitamin E, 1.7 fl. oz (Pack of 2)",
        "price": "$58.00 ($17.06 / Fl Oz)",
        "listPrice": "",
        "imageUrl": "https://m.media-amazon.com/images/I/410qe8Cpw6L._SL160_.jpg",
        "detailPageURL": "https://www.amazon.com/dp/B003156NH0",
        "rating": "4.6",
        "totalReviews": "5114",
        "subtitle": "Neutrogena",
        "isPrimeEligible": "1"
    },
    {
        "ASIN": "B07RW4CHC3",
        "title": "DRMTLGY Tinted Moisturizer with SPF 46. Universal Tint. All-In-One Face Sunscreen and Foundation with Broad Spectrum Protection Against UVA and UVB Rays. 1.7 oz",
        "price": "$27.95 ($16.44 / Ounce)",
        "listPrice": "",
        "imageUrl": "https://m.media-amazon.com/images/I/31O4+lFk4oL._SL160_.jpg",
        "detailPageURL": "https://www.amazon.com/dp/B07RW4CHC3",
        "rating": "4.2",
        "totalReviews": "21352",
        "subtitle": "DRMTLGY",
        "isPrimeEligible": "1"
    },
    {
        "ASIN": "B003QXZWYW",
        "title": "La Roche-Posay Lipikar Balm AP+ Intense Repair Body Lotion for Dry Skin, Body Cream with Shea Butter and Niacinamide, Moisturizer for Dry and Rough Skin, Sensitive Skin Safe, 13.52 Fl Oz (Pack of 1)",
        "price": "$19.99 ($1.48 / Fl Oz)",
        "listPrice": "",
        "imageUrl": "https://m.media-amazon.com/images/I/4113gbA7-9L._SL160_.jpg",
        "detailPageURL": "https://www.amazon.com/dp/B003QXZWYW",
        "rating": "4.7",
        "totalReviews": "21597",
        "subtitle": "",
        "isPrimeEligible": "1"
    },
    {
        "ASIN": "B09Q31NDJB",
        "title": "Glow Recipe Plum Plump Hyaluronic Acid Face Cream - Dewy Glow Hydrating Face Moisturizer Plumps & Balances Skin - Vegan Whipped Gel Moisturizer with Polyglutamic Acid & Ice Willowherb (50ml)",
        "price": "$39.00 ($22.94 / Ounce)",
        "listPrice": "",
        "imageUrl": "https://m.media-amazon.com/images/I/31KiLusGxbL._SL160_.jpg",
        "detailPageURL": "https://www.amazon.com/dp/B09Q31NDJB",
        "rating": "4.5",
        "totalReviews": "622",
        "subtitle": "Glow Recipe",
        "isPrimeEligible": "1"
    },
    {
        "ASIN": "B008RJFO6Q",
        "title": "First Aid Beauty Ultra Repair Face Moisturizer \u2013 Lightweight, Hydrating Face Lotion for All Skin Types, 1.7 Oz",
        "price": "$23.80 ($14.00 / Fl Oz)",
        "listPrice": "$26.00 ($15.29 / Fl Oz)",
        "imageUrl": "https://m.media-amazon.com/images/I/31iPoRCspqL._SL160_.jpg",
        "detailPageURL": "https://www.amazon.com/dp/B008RJFO6Q",
        "rating": "4.6",
        "totalReviews": "1891",
        "subtitle": "First Aid Beauty",
        "isPrimeEligible": "1"
    },
    {
        "ASIN": "B09CDXHG9N",
        "title": "Olay Regenerist Vitamin C + Peptide 24 Brightening Face Moisturizer for Brighter Skin, Lightweight anti-aging cream for dark spots, Includes Olay Whip Travel size for dry, 1.7 oz",
        "price": "$29.99 ($17.64 / Ounce)",
        "listPrice": "$34.99 ($20.58 / Ounce)",
        "imageUrl": "https://m.media-amazon.com/images/I/411tFxz4L-L._SL160_.jpg",
        "detailPageURL": "https://www.amazon.com/dp/B09CDXHG9N",
        "rating": "4.6",
        "totalReviews": "5770",
        "subtitle": "",
        "isPrimeEligible": "1"
    },
    {
        "ASIN": "B00NR1YQK4",
        "title": "Neutrogena Hydro Boost Hyaluronic Acid Hydrating Face Moisturizer Gel-Cream to Hydrate and Smooth Extra-Dry Skin, 1.7 oz",
        "price": "$17.39 ($10.23 / Ounce)",
        "listPrice": "$26.79 ($15.76 / Ounce)",
        "imageUrl": "https://m.media-amazon.com/images/I/414hANABHGL._SL160_.jpg",
        "detailPageURL": "https://www.amazon.com/dp/B00NR1YQK4",
        "rating": "4.6",
        "totalReviews": "44076",
        "subtitle": "Neutrogena",
        "isPrimeEligible": "1"
    },
    {
        "ASIN": "B07XCYBCCN",
        "title": "TULA Skin Care 24-7 Hydrating Day & Night Cream - Anti-Aging Moisturizer for Face, Contains Watermelon & Blueberry Extract, 1.5oz",
        "price": "$46.00 ($30.67 / Ounce)",
        "listPrice": "$54.00 ($36.00 / Ounce)",
        "imageUrl": "https://m.media-amazon.com/images/I/31YLxKT9KcL._SL160_.jpg",
        "detailPageURL": "https://www.amazon.com/dp/B07XCYBCCN",
        "rating": "4.7",
        "totalReviews": "2528",
        "subtitle": "TULA",
        "isPrimeEligible": "1"
    },
    {
        "ASIN": "B01CLTKI4A",
        "title": "COSRX Oil Free Lotion with Birch Sap, Daily Acne Facial Moisturizer, 3.38 fl.oz / 100ml, Hydrating moisturizer for all skin types, Korean skincare, Paraben free",
        "price": "$18.55 ($5.49 / Fl Oz)",
        "listPrice": "",
        "imageUrl": "https://m.media-amazon.com/images/I/31E5dxc6hYL._SL160_.jpg",
        "detailPageURL": "https://www.amazon.com/dp/B01CLTKI4A",
        "rating": "4.6",
        "totalReviews": "4645",
        "subtitle": "COSRX",
        "isPrimeEligible": "1"
    },
    {
        "ASIN": "B003156NH0",
        "title": "Neutrogena Healthy Defense Daily Moisturizer with SPF 50 and Vitamin E, Lightweight Face Lotion with SPF 50 Sunscreen and Antioxidants, Vitamin C & Vitamin E, 1.7 fl. oz (Pack of 2)",
        "price": "$58.00 ($17.06 / Fl Oz)",
        "listPrice": "",
        "imageUrl": "https://m.media-amazon.com/images/I/410qe8Cpw6L._SL160_.jpg",
        "detailPageURL": "https://www.amazon.com/dp/B003156NH0",
        "rating": "4.6",
        "totalReviews": "5114",
        "subtitle": "Neutrogena",
        "isPrimeEligible": "1"
    },
    {
        "ASIN": "B07RW4CHC3",
        "title": "DRMTLGY Tinted Moisturizer with SPF 46. Universal Tint. All-In-One Face Sunscreen and Foundation with Broad Spectrum Protection Against UVA and UVB Rays. 1.7 oz",
        "price": "$27.95 ($16.44 / Ounce)",
        "listPrice": "",
        "imageUrl": "https://m.media-amazon.com/images/I/31O4+lFk4oL._SL160_.jpg",
        "detailPageURL": "https://www.amazon.com/dp/B07RW4CHC3",
        "rating": "4.2",
        "totalReviews": "21352",
        "subtitle": "DRMTLGY",
        "isPrimeEligible": "1"
    },
    {
        "ASIN": "B003QXZWYW",
        "title": "La Roche-Posay Lipikar Balm AP+ Intense Repair Body Lotion for Dry Skin, Body Cream with Shea Butter and Niacinamide, Moisturizer for Dry and Rough Skin, Sensitive Skin Safe, 13.52 Fl Oz (Pack of 1)",
        "price": "$19.99 ($1.48 / Fl Oz)",
        "listPrice": "",
        "imageUrl": "https://m.media-amazon.com/images/I/4113gbA7-9L._SL160_.jpg",
        "detailPageURL": "https://www.amazon.com/dp/B003QXZWYW",
        "rating": "4.7",
        "totalReviews": "21597",
        "subtitle": "",
        "isPrimeEligible": "1"
    },
    {
        "ASIN": "B09Q31NDJB",
        "title": "Glow Recipe Plum Plump Hyaluronic Acid Face Cream - Dewy Glow Hydrating Face Moisturizer Plumps & Balances Skin - Vegan Whipped Gel Moisturizer with Polyglutamic Acid & Ice Willowherb (50ml)",
        "price": "$39.00 ($22.94 / Ounce)",
        "listPrice": "",
        "imageUrl": "https://m.media-amazon.com/images/I/31KiLusGxbL._SL160_.jpg",
        "detailPageURL": "https://www.amazon.com/dp/B09Q31NDJB",
        "rating": "4.5",
        "totalReviews": "622",
        "subtitle": "Glow Recipe",
        "isPrimeEligible": "1"
    },
    {
        "ASIN": "B008RJFO6Q",
        "title": "First Aid Beauty Ultra Repair Face Moisturizer \u2013 Lightweight, Hydrating Face Lotion for All Skin Types, 1.7 Oz",
        "price": "$23.80 ($14.00 / Fl Oz)",
        "listPrice": "$26.00 ($15.29 / Fl Oz)",
        "imageUrl": "https://m.media-amazon.com/images/I/31iPoRCspqL._SL160_.jpg",
        "detailPageURL": "https://www.amazon.com/dp/B008RJFO6Q",
        "rating": "4.6",
        "totalReviews": "1891",
        "subtitle": "First Aid Beauty",
        "isPrimeEligible": "1"
    },
    {
        "ASIN": "B09CDXHG9N",
        "title": "Olay Regenerist Vitamin C + Peptide 24 Brightening Face Moisturizer for Brighter Skin, Lightweight anti-aging cream for dark spots, Includes Olay Whip Travel size for dry, 1.7 oz",
        "price": "$29.99 ($17.64 / Ounce)",
        "listPrice": "$34.99 ($20.58 / Ounce)",
        "imageUrl": "https://m.media-amazon.com/images/I/411tFxz4L-L._SL160_.jpg",
        "detailPageURL": "https://www.amazon.com/dp/B09CDXHG9N",
        "rating": "4.6",
        "totalReviews": "5770",
        "subtitle": "",
        "isPrimeEligible": "1"
    },
    {
        "ASIN": "B00NR1YQK4",
        "title": "Neutrogena Hydro Boost Hyaluronic Acid Hydrating Face Moisturizer Gel-Cream to Hydrate and Smooth Extra-Dry Skin, 1.7 oz",
        "price": "$17.39 ($10.23 / Ounce)",
        "listPrice": "$26.79 ($15.76 / Ounce)",
        "imageUrl": "https://m.media-amazon.com/images/I/414hANABHGL._SL160_.jpg",
        "detailPageURL": "https://www.amazon.com/dp/B00NR1YQK4",
        "rating": "4.6",
        "totalReviews": "44076",
        "subtitle": "Neutrogena",
        "isPrimeEligible": "1"
    },
    {
        "ASIN": "B0BSZ23FTF",
        "title": "Bubble Skincare Slam Dunk Hydrating Facial Moisturizer - Natural Aloe Juice + Avocado Oil for Skin Hydration and Blue Light Protection - Daily Face Moisturizer for Sensitive Skin (50ml)",
        "price": "$16.29 ($9.58 / Fl Oz)",
        "listPrice": "",
        "imageUrl": "https://m.media-amazon.com/images/I/31VBySNKjNL._SL160_.jpg",
        "detailPageURL": "https://www.amazon.com/dp/B0BSZ23FTF",
        "rating": "4.5",
        "totalReviews": "868",
        "subtitle": "Bubble Skincare",
        "isPrimeEligible": "1"
    },
    {
        "ASIN": "B01CLTKI4A",
        "title": "COSRX Oil Free Lotion with Birch Sap, Daily Acne Facial Moisturizer, 3.38 fl.oz / 100ml, Hydrating moisturizer for all skin types, Korean skincare, Paraben free",
        "price": "$18.55 ($5.49 / Fl Oz)",
        "listPrice": "",
        "imageUrl": "https://m.media-amazon.com/images/I/31E5dxc6hYL._SL160_.jpg",
        "detailPageURL": "https://www.amazon.com/dp/B01CLTKI4A",
        "rating": "4.6",
        "totalReviews": "4645",
        "subtitle": "COSRX",
        "isPrimeEligible": "1"
    },
    {
        "ASIN": "B003156NH0",
        "title": "Neutrogena Healthy Defense Daily Moisturizer with SPF 50 and Vitamin E, Lightweight Face Lotion with SPF 50 Sunscreen and Antioxidants, Vitamin C & Vitamin E, 1.7 fl. oz (Pack of 2)",
        "price": "$58.00 ($17.06 / Fl Oz)",
        "listPrice": "",
        "imageUrl": "https://m.media-amazon.com/images/I/410qe8Cpw6L._SL160_.jpg",
        "detailPageURL": "https://www.amazon.com/dp/B003156NH0",
        "rating": "4.6",
        "totalReviews": "5114",
        "subtitle": "Neutrogena",
        "isPrimeEligible": "1"
    },
    {
        "ASIN": "B07RW4CHC3",
        "title": "DRMTLGY Tinted Moisturizer with SPF 46. Universal Tint. All-In-One Face Sunscreen and Foundation with Broad Spectrum Protection Against UVA and UVB Rays. 1.7 oz",
        "price": "$27.95 ($16.44 / Ounce)",
        "listPrice": "",
        "imageUrl": "https://m.media-amazon.com/images/I/31O4+lFk4oL._SL160_.jpg",
        "detailPageURL": "https://www.amazon.com/dp/B07RW4CHC3",
        "rating": "4.2",
        "totalReviews": "21352",
        "subtitle": "DRMTLGY",
        "isPrimeEligible": "1"
    },
    {
        "ASIN": "B003QXZWYW",
        "title": "La Roche-Posay Lipikar Balm AP+ Intense Repair Body Lotion for Dry Skin, Body Cream with Shea Butter and Niacinamide, Moisturizer for Dry and Rough Skin, Sensitive Skin Safe, 13.52 Fl Oz (Pack of 1)",
        "price": "$19.99 ($1.48 / Fl Oz)",
        "listPrice": "",
        "imageUrl": "https://m.media-amazon.com/images/I/4113gbA7-9L._SL160_.jpg",
        "detailPageURL": "https://www.amazon.com/dp/B003QXZWYW",
        "rating": "4.7",
        "totalReviews": "21597",
        "subtitle": "",
        "isPrimeEligible": "1"
    },
    {
        "ASIN": "B09Q31NDJB",
        "title": "Glow Recipe Plum Plump Hyaluronic Acid Face Cream - Dewy Glow Hydrating Face Moisturizer Plumps & Balances Skin - Vegan Whipped Gel Moisturizer with Polyglutamic Acid & Ice Willowherb (50ml)",
        "price": "$39.00 ($22.94 / Ounce)",
        "listPrice": "",
        "imageUrl": "https://m.media-amazon.com/images/I/31KiLusGxbL._SL160_.jpg",
        "detailPageURL": "https://www.amazon.com/dp/B09Q31NDJB",
        "rating": "4.5",
        "totalReviews": "622",
        "subtitle": "Glow Recipe",
        "isPrimeEligible": "1"
    },
    {
        "ASIN": "B008RJFO6Q",
        "title": "First Aid Beauty Ultra Repair Face Moisturizer \u2013 Lightweight, Hydrating Face Lotion for All Skin Types, 1.7 Oz",
        "price": "$23.80 ($14.00 / Fl Oz)",
        "listPrice": "$26.00 ($15.29 / Fl Oz)",
        "imageUrl": "https://m.media-amazon.com/images/I/31iPoRCspqL._SL160_.jpg",
        "detailPageURL": "https://www.amazon.com/dp/B008RJFO6Q",
        "rating": "4.6",
        "totalReviews": "1891",
        "subtitle": "First Aid Beauty",
        "isPrimeEligible": "1"
    },
    {
        "ASIN": "B09CDXHG9N",
        "title": "Olay Regenerist Vitamin C + Peptide 24 Brightening Face Moisturizer for Brighter Skin, Lightweight anti-aging cream for dark spots, Includes Olay Whip Travel size for dry, 1.7 oz",
        "price": "$29.99 ($17.64 / Ounce)",
        "listPrice": "$34.99 ($20.58 / Ounce)",
        "imageUrl": "https://m.media-amazon.com/images/I/411tFxz4L-L._SL160_.jpg",
        "detailPageURL": "https://www.amazon.com/dp/B09CDXHG9N",
        "rating": "4.6",
        "totalReviews": "5770",
        "subtitle": "",
        "isPrimeEligible": "1"
    },
    {
        "ASIN": "B00NR1YQK4",
        "title": "Neutrogena Hydro Boost Hyaluronic Acid Hydrating Face Moisturizer Gel-Cream to Hydrate and Smooth Extra-Dry Skin, 1.7 oz",
        "price": "$17.39 ($10.23 / Ounce)",
        "listPrice": "$26.79 ($15.76 / Ounce)",
        "imageUrl": "https://m.media-amazon.com/images/I/414hANABHGL._SL160_.jpg",
        "detailPageURL": "https://www.amazon.com/dp/B00NR1YQK4",
        "rating": "4.6",
        "totalReviews": "44076",
        "subtitle": "Neutrogena",
        "isPrimeEligible": "1"
    },
    {
        "ASIN": "B0BSZ23FTF",
        "title": "Bubble Skincare Slam Dunk Hydrating Facial Moisturizer - Natural Aloe Juice + Avocado Oil for Skin Hydration and Blue Light Protection - Daily Face Moisturizer for Sensitive Skin (50ml)",
        "price": "$16.29 ($9.58 / Fl Oz)",
        "listPrice": "",
        "imageUrl": "https://m.media-amazon.com/images/I/31VBySNKjNL._SL160_.jpg",
        "detailPageURL": "https://www.amazon.com/dp/B0BSZ23FTF",
        "rating": "4.5",
        "totalReviews": "868",
        "subtitle": "Bubble Skincare",
        "isPrimeEligible": "1"
    },
    {
        "ASIN": "B07TKP8VZ2",
        "title": "Versed Dew Point Gel Moisturizer - Lightweight Moisturizer Face Cream with Green Tea Extract + Aloe Leaf Juice - Fast Absorbing, Non-Greasy Hybrid Facial Cream for Dry Skin, Vegan (2 fl oz)",
        "price": "$15.97 ($7.98 / Ounce)",
        "listPrice": "$17.99 ($9.00 / Ounce)",
        "imageUrl": "https://m.media-amazon.com/images/I/21wK4E-GdeL._SL160_.jpg",
        "detailPageURL": "https://www.amazon.com/dp/B07TKP8VZ2",
        "rating": "4.6",
        "totalReviews": "1586",
        "subtitle": "Versed",
        "isPrimeEligible": "1"
    },
    {
        "ASIN": "B003156NH0",
        "title": "Neutrogena Healthy Defense Daily Moisturizer with SPF 50 and Vitamin E, Lightweight Face Lotion with SPF 50 Sunscreen and Antioxidants, Vitamin C & Vitamin E, 1.7 fl. oz (Pack of 2)",
        "price": "$58.00 ($17.06 / Fl Oz)",
        "listPrice": "",
        "imageUrl": "https://m.media-amazon.com/images/I/410qe8Cpw6L._SL160_.jpg",
        "detailPageURL": "https://www.amazon.com/dp/B003156NH0",
        "rating": "4.6",
        "totalReviews": "5114",
        "subtitle": "Neutrogena",
        "isPrimeEligible": "1"
    },
    {
        "ASIN": "B07RW4CHC3",
        "title": "DRMTLGY Tinted Moisturizer with SPF 46. Universal Tint. All-In-One Face Sunscreen and Foundation with Broad Spectrum Protection Against UVA and UVB Rays. 1.7 oz",
        "price": "$27.95 ($16.44 / Ounce)",
        "listPrice": "",
        "imageUrl": "https://m.media-amazon.com/images/I/31O4+lFk4oL._SL160_.jpg",
        "detailPageURL": "https://www.amazon.com/dp/B07RW4CHC3",
        "rating": "4.2",
        "totalReviews": "21352",
        "subtitle": "DRMTLGY",
        "isPrimeEligible": "1"
    },
    {
        "ASIN": "B003QXZWYW",
        "title": "La Roche-Posay Lipikar Balm AP+ Intense Repair Body Lotion for Dry Skin, Body Cream with Shea Butter and Niacinamide, Moisturizer for Dry and Rough Skin, Sensitive Skin Safe, 13.52 Fl Oz (Pack of 1)",
        "price": "$19.99 ($1.48 / Fl Oz)",
        "listPrice": "",
        "imageUrl": "https://m.media-amazon.com/images/I/4113gbA7-9L._SL160_.jpg",
        "detailPageURL": "https://www.amazon.com/dp/B003QXZWYW",
        "rating": "4.7",
        "totalReviews": "21597",
        "subtitle": "",
        "isPrimeEligible": "1"
    },
    {
        "ASIN": "B09Q31NDJB",
        "title": "Glow Recipe Plum Plump Hyaluronic Acid Face Cream - Dewy Glow Hydrating Face Moisturizer Plumps & Balances Skin - Vegan Whipped Gel Moisturizer with Polyglutamic Acid & Ice Willowherb (50ml)",
        "price": "$39.00 ($22.94 / Ounce)",
        "listPrice": "",
        "imageUrl": "https://m.media-amazon.com/images/I/31KiLusGxbL._SL160_.jpg",
        "detailPageURL": "https://www.amazon.com/dp/B09Q31NDJB",
        "rating": "4.5",
        "totalReviews": "622",
        "subtitle": "Glow Recipe",
        "isPrimeEligible": "1"
    },
    {
        "ASIN": "B008RJFO6Q",
        "title": "First Aid Beauty Ultra Repair Face Moisturizer \u2013 Lightweight, Hydrating Face Lotion for All Skin Types, 1.7 Oz",
        "price": "$23.80 ($14.00 / Fl Oz)",
        "listPrice": "$26.00 ($15.29 / Fl Oz)",
        "imageUrl": "https://m.media-amazon.com/images/I/31iPoRCspqL._SL160_.jpg",
        "detailPageURL": "https://www.amazon.com/dp/B008RJFO6Q",
        "rating": "4.6",
        "totalReviews": "1891",
        "subtitle": "First Aid Beauty",
        "isPrimeEligible": "1"
    },
    {
        "ASIN": "B09CDXHG9N",
        "title": "Olay Regenerist Vitamin C + Peptide 24 Brightening Face Moisturizer for Brighter Skin, Lightweight anti-aging cream for dark spots, Includes Olay Whip Travel size for dry, 1.7 oz",
        "price": "$29.99 ($17.64 / Ounce)",
        "listPrice": "$34.99 ($20.58 / Ounce)",
        "imageUrl": "https://m.media-amazon.com/images/I/411tFxz4L-L._SL160_.jpg",
        "detailPageURL": "https://www.amazon.com/dp/B09CDXHG9N",
        "rating": "4.6",
        "totalReviews": "5770",
        "subtitle": "",
        "isPrimeEligible": "1"
    },
    {
        "ASIN": "B00NR1YQK4",
        "title": "Neutrogena Hydro Boost Hyaluronic Acid Hydrating Face Moisturizer Gel-Cream to Hydrate and Smooth Extra-Dry Skin, 1.7 oz",
        "price": "$17.39 ($10.23 / Ounce)",
        "listPrice": "$26.79 ($15.76 / Ounce)",
        "imageUrl": "https://m.media-amazon.com/images/I/414hANABHGL._SL160_.jpg",
        "detailPageURL": "https://www.amazon.com/dp/B00NR1YQK4",
        "rating": "4.6",
        "totalReviews": "44076",
        "subtitle": "Neutrogena",
        "isPrimeEligible": "1"
    },
    {
        "ASIN": "B0BSZ23FTF",
        "title": "Bubble Skincare Slam Dunk Hydrating Facial Moisturizer - Natural Aloe Juice + Avocado Oil for Skin Hydration and Blue Light Protection - Daily Face Moisturizer for Sensitive Skin (50ml)",
        "price": "$16.29 ($9.58 / Fl Oz)",
        "listPrice": "",
        "imageUrl": "https://m.media-amazon.com/images/I/31VBySNKjNL._SL160_.jpg",
        "detailPageURL": "https://www.amazon.com/dp/B0BSZ23FTF",
        "rating": "4.5",
        "totalReviews": "868",
        "subtitle": "Bubble Skincare",
        "isPrimeEligible": "1"
    },
    {
        "ASIN": "B07TKP8VZ2",
        "title": "Versed Dew Point Gel Moisturizer - Lightweight Moisturizer Face Cream with Green Tea Extract + Aloe Leaf Juice - Fast Absorbing, Non-Greasy Hybrid Facial Cream for Dry Skin, Vegan (2 fl oz)",
        "price": "$15.97 ($7.98 / Ounce)",
        "listPrice": "$17.99 ($9.00 / Ounce)",
        "imageUrl": "https://m.media-amazon.com/images/I/21wK4E-GdeL._SL160_.jpg",
        "detailPageURL": "https://www.amazon.com/dp/B07TKP8VZ2",
        "rating": "4.6",
        "totalReviews": "1586",
        "subtitle": "Versed",
        "isPrimeEligible": "1"
    },
    {
        "ASIN": "B07934S6WK",
        "title": "Drunk Elephant Protini Polypeptide Cream. Protein Face Moisturizer with Amino Acids (50 mL / 1.69 Fl Oz)",
        "price": "$58.00 ($34.32 / Fl Oz)",
        "listPrice": "",
        "imageUrl": "https://m.media-amazon.com/images/I/31Ok0Lo3qdL._SL160_.jpg",
        "detailPageURL": "https://www.amazon.com/dp/B07934S6WK",
        "rating": "4.3",
        "totalReviews": "3306",
        "subtitle": "Drunk Elephant",
        "isPrimeEligible": "0"
    },
    {
        "ASIN": "B07RW4CHC3",
        "title": "DRMTLGY Tinted Moisturizer with SPF 46. Universal Tint. All-In-One Face Sunscreen and Foundation with Broad Spectrum Protection Against UVA and UVB Rays. 1.7 oz",
        "price": "$27.95 ($16.44 / Ounce)",
        "listPrice": "",
        "imageUrl": "https://m.media-amazon.com/images/I/31O4+lFk4oL._SL160_.jpg",
        "detailPageURL": "https://www.amazon.com/dp/B07RW4CHC3",
        "rating": "4.2",
        "totalReviews": "21352",
        "subtitle": "DRMTLGY",
        "isPrimeEligible": "1"
    },
    {
        "ASIN": "B003QXZWYW",
        "title": "La Roche-Posay Lipikar Balm AP+ Intense Repair Body Lotion for Dry Skin, Body Cream with Shea Butter and Niacinamide, Moisturizer for Dry and Rough Skin, Sensitive Skin Safe, 13.52 Fl Oz (Pack of 1)",
        "price": "$19.99 ($1.48 / Fl Oz)",
        "listPrice": "",
        "imageUrl": "https://m.media-amazon.com/images/I/4113gbA7-9L._SL160_.jpg",
        "detailPageURL": "https://www.amazon.com/dp/B003QXZWYW",
        "rating": "4.7",
        "totalReviews": "21597",
        "subtitle": "",
        "isPrimeEligible": "1"
    },
    {
        "ASIN": "B09Q31NDJB",
        "title": "Glow Recipe Plum Plump Hyaluronic Acid Face Cream - Dewy Glow Hydrating Face Moisturizer Plumps & Balances Skin - Vegan Whipped Gel Moisturizer with Polyglutamic Acid & Ice Willowherb (50ml)",
        "price": "$39.00 ($22.94 / Ounce)",
        "listPrice": "",
        "imageUrl": "https://m.media-amazon.com/images/I/31KiLusGxbL._SL160_.jpg",
        "detailPageURL": "https://www.amazon.com/dp/B09Q31NDJB",
        "rating": "4.5",
        "totalReviews": "622",
        "subtitle": "Glow Recipe",
        "isPrimeEligible": "1"
    },
    {
        "ASIN": "B008RJFO6Q",
        "title": "First Aid Beauty Ultra Repair Face Moisturizer \u2013 Lightweight, Hydrating Face Lotion for All Skin Types, 1.7 Oz",
        "price": "$23.80 ($14.00 / Fl Oz)",
        "listPrice": "$26.00 ($15.29 / Fl Oz)",
        "imageUrl": "https://m.media-amazon.com/images/I/31iPoRCspqL._SL160_.jpg",
        "detailPageURL": "https://www.amazon.com/dp/B008RJFO6Q",
        "rating": "4.6",
        "totalReviews": "1891",
        "subtitle": "First Aid Beauty",
        "isPrimeEligible": "1"
    },
    {
        "ASIN": "B09CDXHG9N",
        "title": "Olay Regenerist Vitamin C + Peptide 24 Brightening Face Moisturizer for Brighter Skin, Lightweight anti-aging cream for dark spots, Includes Olay Whip Travel size for dry, 1.7 oz",
        "price": "$29.99 ($17.64 / Ounce)",
        "listPrice": "$34.99 ($20.58 / Ounce)",
        "imageUrl": "https://m.media-amazon.com/images/I/411tFxz4L-L._SL160_.jpg",
        "detailPageURL": "https://www.amazon.com/dp/B09CDXHG9N",
        "rating": "4.6",
        "totalReviews": "5770",
        "subtitle": "",
        "isPrimeEligible": "1"
    },
    {
        "ASIN": "B00NR1YQK4",
        "title": "Neutrogena Hydro Boost Hyaluronic Acid Hydrating Face Moisturizer Gel-Cream to Hydrate and Smooth Extra-Dry Skin, 1.7 oz",
        "price": "$17.39 ($10.23 / Ounce)",
        "listPrice": "$26.79 ($15.76 / Ounce)",
        "imageUrl": "https://m.media-amazon.com/images/I/414hANABHGL._SL160_.jpg",
        "detailPageURL": "https://www.amazon.com/dp/B00NR1YQK4",
        "rating": "4.6",
        "totalReviews": "44076",
        "subtitle": "Neutrogena",
        "isPrimeEligible": "1"
    },
    {
        "ASIN": "B0BSZ23FTF",
        "title": "Bubble Skincare Slam Dunk Hydrating Facial Moisturizer - Natural Aloe Juice + Avocado Oil for Skin Hydration and Blue Light Protection - Daily Face Moisturizer for Sensitive Skin (50ml)",
        "price": "$16.29 ($9.58 / Fl Oz)",
        "listPrice": "",
        "imageUrl": "https://m.media-amazon.com/images/I/31VBySNKjNL._SL160_.jpg",
        "detailPageURL": "https://www.amazon.com/dp/B0BSZ23FTF",
        "rating": "4.5",
        "totalReviews": "868",
        "subtitle": "Bubble Skincare",
        "isPrimeEligible": "1"
    },
    {
        "ASIN": "B07TKP8VZ2",
        "title": "Versed Dew Point Gel Moisturizer - Lightweight Moisturizer Face Cream with Green Tea Extract + Aloe Leaf Juice - Fast Absorbing, Non-Greasy Hybrid Facial Cream for Dry Skin, Vegan (2 fl oz)",
        "price": "$15.97 ($7.98 / Ounce)",
        "listPrice": "$17.99 ($9.00 / Ounce)",
        "imageUrl": "https://m.media-amazon.com/images/I/21wK4E-GdeL._SL160_.jpg",
        "detailPageURL": "https://www.amazon.com/dp/B07TKP8VZ2",
        "rating": "4.6",
        "totalReviews": "1586",
        "subtitle": "Versed",
        "isPrimeEligible": "1"
    },
    {
        "ASIN": "B07934S6WK",
        "title": "Drunk Elephant Protini Polypeptide Cream. Protein Face Moisturizer with Amino Acids (50 mL / 1.69 Fl Oz)",
        "price": "$58.00 ($34.32 / Fl Oz)",
        "listPrice": "",
        "imageUrl": "https://m.media-amazon.com/images/I/31Ok0Lo3qdL._SL160_.jpg",
        "detailPageURL": "https://www.amazon.com/dp/B07934S6WK",
        "rating": "4.3",
        "totalReviews": "3306",
        "subtitle": "Drunk Elephant",
        "isPrimeEligible": "0"
    },
    {
        "ASIN": "B00464EC1E",
        "title": "EltaMD UV Daily Facial Sunscreen with Zinc Oxide, SPF 40 , Helps Hydrate and Decrease Wrinkles, Lightweight Face Moisturizer Sunscreen, Absorbs into Skin Quickly, 1.7 Oz Pump",
        "price": "$36.00 ($21.18 / Ounce)",
        "listPrice": "",
        "imageUrl": "https://m.media-amazon.com/images/I/410FpPrU9+L._SL160_.jpg",
        "detailPageURL": "https://www.amazon.com/dp/B00464EC1E",
        "rating": "4.7",
        "totalReviews": "16830",
        "subtitle": "",
        "isPrimeEligible": "1"
    },
    {
        "ASIN": "B003QXZWYW",
        "title": "La Roche-Posay Lipikar Balm AP+ Intense Repair Body Lotion for Dry Skin, Body Cream with Shea Butter and Niacinamide, Moisturizer for Dry and Rough Skin, Sensitive Skin Safe, 13.52 Fl Oz (Pack of 1)",
        "price": "$19.99 ($1.48 / Fl Oz)",
        "listPrice": "",
        "imageUrl": "https://m.media-amazon.com/images/I/4113gbA7-9L._SL160_.jpg",
        "detailPageURL": "https://www.amazon.com/dp/B003QXZWYW",
        "rating": "4.7",
        "totalReviews": "21597",
        "subtitle": "",
        "isPrimeEligible": "1"
    },
    {
        "ASIN": "B09Q31NDJB",
        "title": "Glow Recipe Plum Plump Hyaluronic Acid Face Cream - Dewy Glow Hydrating Face Moisturizer Plumps & Balances Skin - Vegan Whipped Gel Moisturizer with Polyglutamic Acid & Ice Willowherb (50ml)",
        "price": "$39.00 ($22.94 / Ounce)",
        "listPrice": "",
        "imageUrl": "https://m.media-amazon.com/images/I/31KiLusGxbL._SL160_.jpg",
        "detailPageURL": "https://www.amazon.com/dp/B09Q31NDJB",
        "rating": "4.5",
        "totalReviews": "622",
        "subtitle": "Glow Recipe",
        "isPrimeEligible": "1"
    },
    {
        "ASIN": "B008RJFO6Q",
        "title": "First Aid Beauty Ultra Repair Face Moisturizer \u2013 Lightweight, Hydrating Face Lotion for All Skin Types, 1.7 Oz",
        "price": "$23.80 ($14.00 / Fl Oz)",
        "listPrice": "$26.00 ($15.29 / Fl Oz)",
        "imageUrl": "https://m.media-amazon.com/images/I/31iPoRCspqL._SL160_.jpg",
        "detailPageURL": "https://www.amazon.com/dp/B008RJFO6Q",
        "rating": "4.6",
        "totalReviews": "1891",
        "subtitle": "First Aid Beauty",
        "isPrimeEligible": "1"
    },
    {
        "ASIN": "B09CDXHG9N",
        "title": "Olay Regenerist Vitamin C + Peptide 24 Brightening Face Moisturizer for Brighter Skin, Lightweight anti-aging cream for dark spots, Includes Olay Whip Travel size for dry, 1.7 oz",
        "price": "$29.99 ($17.64 / Ounce)",
        "listPrice": "$34.99 ($20.58 / Ounce)",
        "imageUrl": "https://m.media-amazon.com/images/I/411tFxz4L-L._SL160_.jpg",
        "detailPageURL": "https://www.amazon.com/dp/B09CDXHG9N",
        "rating": "4.6",
        "totalReviews": "5770",
        "subtitle": "",
        "isPrimeEligible": "1"
    },
    {
        "ASIN": "B00NR1YQK4",
        "title": "Neutrogena Hydro Boost Hyaluronic Acid Hydrating Face Moisturizer Gel-Cream to Hydrate and Smooth Extra-Dry Skin, 1.7 oz",
        "price": "$17.39 ($10.23 / Ounce)",
        "listPrice": "$26.79 ($15.76 / Ounce)",
        "imageUrl": "https://m.media-amazon.com/images/I/414hANABHGL._SL160_.jpg",
        "detailPageURL": "https://www.amazon.com/dp/B00NR1YQK4",
        "rating": "4.6",
        "totalReviews": "44076",
        "subtitle": "Neutrogena",
        "isPrimeEligible": "1"
    },
    {
        "ASIN": "B0BSZ23FTF",
        "title": "Bubble Skincare Slam Dunk Hydrating Facial Moisturizer - Natural Aloe Juice + Avocado Oil for Skin Hydration and Blue Light Protection - Daily Face Moisturizer for Sensitive Skin (50ml)",
        "price": "$16.29 ($9.58 / Fl Oz)",
        "listPrice": "",
        "imageUrl": "https://m.media-amazon.com/images/I/31VBySNKjNL._SL160_.jpg",
        "detailPageURL": "https://www.amazon.com/dp/B0BSZ23FTF",
        "rating": "4.5",
        "totalReviews": "868",
        "subtitle": "Bubble Skincare",
        "isPrimeEligible": "1"
    },
    {
        "ASIN": "B07TKP8VZ2",
        "title": "Versed Dew Point Gel Moisturizer - Lightweight Moisturizer Face Cream with Green Tea Extract + Aloe Leaf Juice - Fast Absorbing, Non-Greasy Hybrid Facial Cream for Dry Skin, Vegan (2 fl oz)",
        "price": "$15.97 ($7.98 / Ounce)",
        "listPrice": "$17.99 ($9.00 / Ounce)",
        "imageUrl": "https://m.media-amazon.com/images/I/21wK4E-GdeL._SL160_.jpg",
        "detailPageURL": "https://www.amazon.com/dp/B07TKP8VZ2",
        "rating": "4.6",
        "totalReviews": "1586",
        "subtitle": "Versed",
        "isPrimeEligible": "1"
    },
    {
        "ASIN": "B07934S6WK",
        "title": "Drunk Elephant Protini Polypeptide Cream. Protein Face Moisturizer with Amino Acids (50 mL / 1.69 Fl Oz)",
        "price": "$58.00 ($34.32 / Fl Oz)",
        "listPrice": "",
        "imageUrl": "https://m.media-amazon.com/images/I/31Ok0Lo3qdL._SL160_.jpg",
        "detailPageURL": "https://www.amazon.com/dp/B07934S6WK",
        "rating": "4.3",
        "totalReviews": "3306",
        "subtitle": "Drunk Elephant",
        "isPrimeEligible": "0"
    },
    {
        "ASIN": "B00464EC1E",
        "title": "EltaMD UV Daily Facial Sunscreen with Zinc Oxide, SPF 40 , Helps Hydrate and Decrease Wrinkles, Lightweight Face Moisturizer Sunscreen, Absorbs into Skin Quickly, 1.7 Oz Pump",
        "price": "$36.00 ($21.18 / Ounce)",
        "listPrice": "",
        "imageUrl": "https://m.media-amazon.com/images/I/410FpPrU9+L._SL160_.jpg",
        "detailPageURL": "https://www.amazon.com/dp/B00464EC1E",
        "rating": "4.7",
        "totalReviews": "16830",
        "subtitle": "",
        "isPrimeEligible": "1"
    },
    {
        "ASIN": "B07BB3FK19",
        "title": "SeoulCeuticals Korean Skin Care 97.5% Snail Mucin Moisturizer Cream - K Beauty Skincare Day & Night Snail Repair Cream Filtrate Cruelty Free 2oz",
        "price": "$15.95 ($7.98 / Ounce)",
        "listPrice": "$24.00 ($12.00 / Ounce)",
        "imageUrl": "https://m.media-amazon.com/images/I/41XSWfsdM2L._SL160_.jpg",
        "detailPageURL": "https://www.amazon.com/dp/B07BB3FK19",
        "rating": "4.3",
        "totalReviews": "19365",
        "subtitle": "SeoulCeuticals",
        "isPrimeEligible": "1"
    },
    {
        "ASIN": "B09Q31NDJB",
        "title": "Glow Recipe Plum Plump Hyaluronic Acid Face Cream - Dewy Glow Hydrating Face Moisturizer Plumps & Balances Skin - Vegan Whipped Gel Moisturizer with Polyglutamic Acid & Ice Willowherb (50ml)",
        "price": "$39.00 ($22.94 / Ounce)",
        "listPrice": "",
        "imageUrl": "https://m.media-amazon.com/images/I/31KiLusGxbL._SL160_.jpg",
        "detailPageURL": "https://www.amazon.com/dp/B09Q31NDJB",
        "rating": "4.5",
        "totalReviews": "622",
        "subtitle": "Glow Recipe",
        "isPrimeEligible": "1"
    },
    {
        "ASIN": "B008RJFO6Q",
        "title": "First Aid Beauty Ultra Repair Face Moisturizer \u2013 Lightweight, Hydrating Face Lotion for All Skin Types, 1.7 Oz",
        "price": "$23.80 ($14.00 / Fl Oz)",
        "listPrice": "$26.00 ($15.29 / Fl Oz)",
        "imageUrl": "https://m.media-amazon.com/images/I/31iPoRCspqL._SL160_.jpg",
        "detailPageURL": "https://www.amazon.com/dp/B008RJFO6Q",
        "rating": "4.6",
        "totalReviews": "1891",
        "subtitle": "First Aid Beauty",
        "isPrimeEligible": "1"
    },
    {
        "ASIN": "B09CDXHG9N",
        "title": "Olay Regenerist Vitamin C + Peptide 24 Brightening Face Moisturizer for Brighter Skin, Lightweight anti-aging cream for dark spots, Includes Olay Whip Travel size for dry, 1.7 oz",
        "price": "$29.99 ($17.64 / Ounce)",
        "listPrice": "$34.99 ($20.58 / Ounce)",
        "imageUrl": "https://m.media-amazon.com/images/I/411tFxz4L-L._SL160_.jpg",
        "detailPageURL": "https://www.amazon.com/dp/B09CDXHG9N",
        "rating": "4.6",
        "totalReviews": "5770",
        "subtitle": "",
        "isPrimeEligible": "1"
    },
    {
        "ASIN": "B00NR1YQK4",
        "title": "Neutrogena Hydro Boost Hyaluronic Acid Hydrating Face Moisturizer Gel-Cream to Hydrate and Smooth Extra-Dry Skin, 1.7 oz",
        "price": "$17.39 ($10.23 / Ounce)",
        "listPrice": "$26.79 ($15.76 / Ounce)",
        "imageUrl": "https://m.media-amazon.com/images/I/414hANABHGL._SL160_.jpg",
        "detailPageURL": "https://www.amazon.com/dp/B00NR1YQK4",
        "rating": "4.6",
        "totalReviews": "44076",
        "subtitle": "Neutrogena",
        "isPrimeEligible": "1"
    },
    {
        "ASIN": "B0BSZ23FTF",
        "title": "Bubble Skincare Slam Dunk Hydrating Facial Moisturizer - Natural Aloe Juice + Avocado Oil for Skin Hydration and Blue Light Protection - Daily Face Moisturizer for Sensitive Skin (50ml)",
        "price": "$16.29 ($9.58 / Fl Oz)",
        "listPrice": "",
        "imageUrl": "https://m.media-amazon.com/images/I/31VBySNKjNL._SL160_.jpg",
        "detailPageURL": "https://www.amazon.com/dp/B0BSZ23FTF",
        "rating": "4.5",
        "totalReviews": "868",
        "subtitle": "Bubble Skincare",
        "isPrimeEligible": "1"
    },
    {
        "ASIN": "B07TKP8VZ2",
        "title": "Versed Dew Point Gel Moisturizer - Lightweight Moisturizer Face Cream with Green Tea Extract + Aloe Leaf Juice - Fast Absorbing, Non-Greasy Hybrid Facial Cream for Dry Skin, Vegan (2 fl oz)",
        "price": "$15.97 ($7.98 / Ounce)",
        "listPrice": "$17.99 ($9.00 / Ounce)",
        "imageUrl": "https://m.media-amazon.com/images/I/21wK4E-GdeL._SL160_.jpg",
        "detailPageURL": "https://www.amazon.com/dp/B07TKP8VZ2",
        "rating": "4.6",
        "totalReviews": "1586",
        "subtitle": "Versed",
        "isPrimeEligible": "1"
    },
    {
        "ASIN": "B07934S6WK",
        "title": "Drunk Elephant Protini Polypeptide Cream. Protein Face Moisturizer with Amino Acids (50 mL / 1.69 Fl Oz)",
        "price": "$58.00 ($34.32 / Fl Oz)",
        "listPrice": "",
        "imageUrl": "https://m.media-amazon.com/images/I/31Ok0Lo3qdL._SL160_.jpg",
        "detailPageURL": "https://www.amazon.com/dp/B07934S6WK",
        "rating": "4.3",
        "totalReviews": "3306",
        "subtitle": "Drunk Elephant",
        "isPrimeEligible": "0"
    },
    {
        "ASIN": "B00464EC1E",
        "title": "EltaMD UV Daily Facial Sunscreen with Zinc Oxide, SPF 40 , Helps Hydrate and Decrease Wrinkles, Lightweight Face Moisturizer Sunscreen, Absorbs into Skin Quickly, 1.7 Oz Pump",
        "price": "$36.00 ($21.18 / Ounce)",
        "listPrice": "",
        "imageUrl": "https://m.media-amazon.com/images/I/410FpPrU9+L._SL160_.jpg",
        "detailPageURL": "https://www.amazon.com/dp/B00464EC1E",
        "rating": "4.7",
        "totalReviews": "16830",
        "subtitle": "",
        "isPrimeEligible": "1"
    },
    {
        "ASIN": "B07BB3FK19",
        "title": "SeoulCeuticals Korean Skin Care 97.5% Snail Mucin Moisturizer Cream - K Beauty Skincare Day & Night Snail Repair Cream Filtrate Cruelty Free 2oz",
        "price": "$15.95 ($7.98 / Ounce)",
        "listPrice": "$24.00 ($12.00 / Ounce)",
        "imageUrl": "https://m.media-amazon.com/images/I/41XSWfsdM2L._SL160_.jpg",
        "detailPageURL": "https://www.amazon.com/dp/B07BB3FK19",
        "rating": "4.3",
        "totalReviews": "19365",
        "subtitle": "SeoulCeuticals",
        "isPrimeEligible": "1"
    },
    {
        "ASIN": "B07HZWXGJ7",
        "title": "Paula's Choice CLEAR Oil-Free Moisturizer, Lightweight Face Moisturizer for Acne-Prone Skin, Pore-Minimizing Niacinamide, Soothing Antioxidants, Ceramides to Calm Redness",
        "price": "$29.00 ($14.50 / Fl Oz)",
        "listPrice": "",
        "imageUrl": "https://m.media-amazon.com/images/I/31zOaZFWvUL._SL160_.jpg",
        "detailPageURL": "https://www.amazon.com/dp/B07HZWXGJ7",
        "rating": "4.6",
        "totalReviews": "1483",
        "subtitle": "Paula's Choice",
        "isPrimeEligible": "1"
    },
    {
        "ASIN": "B008RJFO6Q",
        "title": "First Aid Beauty Ultra Repair Face Moisturizer \u2013 Lightweight, Hydrating Face Lotion for All Skin Types, 1.7 Oz",
        "price": "$23.80 ($14.00 / Fl Oz)",
        "listPrice": "$26.00 ($15.29 / Fl Oz)",
        "imageUrl": "https://m.media-amazon.com/images/I/31iPoRCspqL._SL160_.jpg",
        "detailPageURL": "https://www.amazon.com/dp/B008RJFO6Q",
        "rating": "4.6",
        "totalReviews": "1891",
        "subtitle": "First Aid Beauty",
        "isPrimeEligible": "1"
    },
    {
        "ASIN": "B09CDXHG9N",
        "title": "Olay Regenerist Vitamin C + Peptide 24 Brightening Face Moisturizer for Brighter Skin, Lightweight anti-aging cream for dark spots, Includes Olay Whip Travel size for dry, 1.7 oz",
        "price": "$29.99 ($17.64 / Ounce)",
        "listPrice": "$34.99 ($20.58 / Ounce)",
        "imageUrl": "https://m.media-amazon.com/images/I/411tFxz4L-L._SL160_.jpg",
        "detailPageURL": "https://www.amazon.com/dp/B09CDXHG9N",
        "rating": "4.6",
        "totalReviews": "5770",
        "subtitle": "",
        "isPrimeEligible": "1"
    },
    {
        "ASIN": "B00NR1YQK4",
        "title": "Neutrogena Hydro Boost Hyaluronic Acid Hydrating Face Moisturizer Gel-Cream to Hydrate and Smooth Extra-Dry Skin, 1.7 oz",
        "price": "$17.39 ($10.23 / Ounce)",
        "listPrice": "$26.79 ($15.76 / Ounce)",
        "imageUrl": "https://m.media-amazon.com/images/I/414hANABHGL._SL160_.jpg",
        "detailPageURL": "https://www.amazon.com/dp/B00NR1YQK4",
        "rating": "4.6",
        "totalReviews": "44076",
        "subtitle": "Neutrogena",
        "isPrimeEligible": "1"
    },
    {
        "ASIN": "B0BSZ23FTF",
        "title": "Bubble Skincare Slam Dunk Hydrating Facial Moisturizer - Natural Aloe Juice + Avocado Oil for Skin Hydration and Blue Light Protection - Daily Face Moisturizer for Sensitive Skin (50ml)",
        "price": "$16.29 ($9.58 / Fl Oz)",
        "listPrice": "",
        "imageUrl": "https://m.media-amazon.com/images/I/31VBySNKjNL._SL160_.jpg",
        "detailPageURL": "https://www.amazon.com/dp/B0BSZ23FTF",
        "rating": "4.5",
        "totalReviews": "868",
        "subtitle": "Bubble Skincare",
        "isPrimeEligible": "1"
    },
    {
        "ASIN": "B07TKP8VZ2",
        "title": "Versed Dew Point Gel Moisturizer - Lightweight Moisturizer Face Cream with Green Tea Extract + Aloe Leaf Juice - Fast Absorbing, Non-Greasy Hybrid Facial Cream for Dry Skin, Vegan (2 fl oz)",
        "price": "$15.97 ($7.98 / Ounce)",
        "listPrice": "$17.99 ($9.00 / Ounce)",
        "imageUrl": "https://m.media-amazon.com/images/I/21wK4E-GdeL._SL160_.jpg",
        "detailPageURL": "https://www.amazon.com/dp/B07TKP8VZ2",
        "rating": "4.6",
        "totalReviews": "1586",
        "subtitle": "Versed",
        "isPrimeEligible": "1"
    },
    {
        "ASIN": "B07934S6WK",
        "title": "Drunk Elephant Protini Polypeptide Cream. Protein Face Moisturizer with Amino Acids (50 mL / 1.69 Fl Oz)",
        "price": "$58.00 ($34.32 / Fl Oz)",
        "listPrice": "",
        "imageUrl": "https://m.media-amazon.com/images/I/31Ok0Lo3qdL._SL160_.jpg",
        "detailPageURL": "https://www.amazon.com/dp/B07934S6WK",
        "rating": "4.3",
        "totalReviews": "3306",
        "subtitle": "Drunk Elephant",
        "isPrimeEligible": "0"
    },
    {
        "ASIN": "B00464EC1E",
        "title": "EltaMD UV Daily Facial Sunscreen with Zinc Oxide, SPF 40 , Helps Hydrate and Decrease Wrinkles, Lightweight Face Moisturizer Sunscreen, Absorbs into Skin Quickly, 1.7 Oz Pump",
        "price": "$36.00 ($21.18 / Ounce)",
        "listPrice": "",
        "imageUrl": "https://m.media-amazon.com/images/I/410FpPrU9+L._SL160_.jpg",
        "detailPageURL": "https://www.amazon.com/dp/B00464EC1E",
        "rating": "4.7",
        "totalReviews": "16830",
        "subtitle": "",
        "isPrimeEligible": "1"
    },
    {
        "ASIN": "B07BB3FK19",
        "title": "SeoulCeuticals Korean Skin Care 97.5% Snail Mucin Moisturizer Cream - K Beauty Skincare Day & Night Snail Repair Cream Filtrate Cruelty Free 2oz",
        "price": "$15.95 ($7.98 / Ounce)",
        "listPrice": "$24.00 ($12.00 / Ounce)",
        "imageUrl": "https://m.media-amazon.com/images/I/41XSWfsdM2L._SL160_.jpg",
        "detailPageURL": "https://www.amazon.com/dp/B07BB3FK19",
        "rating": "4.3",
        "totalReviews": "19365",
        "subtitle": "SeoulCeuticals",
        "isPrimeEligible": "1"
    },
    {
        "ASIN": "B07HZWXGJ7",
        "title": "Paula's Choice CLEAR Oil-Free Moisturizer, Lightweight Face Moisturizer for Acne-Prone Skin, Pore-Minimizing Niacinamide, Soothing Antioxidants, Ceramides to Calm Redness",
        "price": "$29.00 ($14.50 / Fl Oz)",
        "listPrice": "",
        "imageUrl": "https://m.media-amazon.com/images/I/31zOaZFWvUL._SL160_.jpg",
        "detailPageURL": "https://www.amazon.com/dp/B07HZWXGJ7",
        "rating": "4.6",
        "totalReviews": "1483",
        "subtitle": "Paula's Choice",
        "isPrimeEligible": "1"
    },
    {
        "ASIN": "B09TZDXTRT",
        "title": "The INKEY List Omega Water Cream Oil-Free Moisturizer + Niacinamide 1.7 oz/ 50 mL",
        "price": "$10.99 ($6.50 / Fl Oz)",
        "listPrice": "",
        "imageUrl": "https://m.media-amazon.com/images/I/41oOsPRDqIL._SL160_.jpg",
        "detailPageURL": "https://www.amazon.com/dp/B09TZDXTRT",
        "rating": "4.4",
        "totalReviews": "850",
        "subtitle": "The INKEY List",
        "isPrimeEligible": "1"
    },
    {
        "ASIN": "B09CDXHG9N",
        "title": "Olay Regenerist Vitamin C + Peptide 24 Brightening Face Moisturizer for Brighter Skin, Lightweight anti-aging cream for dark spots, Includes Olay Whip Travel size for dry, 1.7 oz",
        "price": "$29.99 ($17.64 / Ounce)",
        "listPrice": "$34.99 ($20.58 / Ounce)",
        "imageUrl": "https://m.media-amazon.com/images/I/411tFxz4L-L._SL160_.jpg",
        "detailPageURL": "https://www.amazon.com/dp/B09CDXHG9N",
        "rating": "4.6",
        "totalReviews": "5770",
        "subtitle": "",
        "isPrimeEligible": "1"
    },
    {
        "ASIN": "B00NR1YQK4",
        "title": "Neutrogena Hydro Boost Hyaluronic Acid Hydrating Face Moisturizer Gel-Cream to Hydrate and Smooth Extra-Dry Skin, 1.7 oz",
        "price": "$17.39 ($10.23 / Ounce)",
        "listPrice": "$26.79 ($15.76 / Ounce)",
        "imageUrl": "https://m.media-amazon.com/images/I/414hANABHGL._SL160_.jpg",
        "detailPageURL": "https://www.amazon.com/dp/B00NR1YQK4",
        "rating": "4.6",
        "totalReviews": "44076",
        "subtitle": "Neutrogena",
        "isPrimeEligible": "1"
    },
    {
        "ASIN": "B0BSZ23FTF",
        "title": "Bubble Skincare Slam Dunk Hydrating Facial Moisturizer - Natural Aloe Juice + Avocado Oil for Skin Hydration and Blue Light Protection - Daily Face Moisturizer for Sensitive Skin (50ml)",
        "price": "$16.29 ($9.58 / Fl Oz)",
        "listPrice": "",
        "imageUrl": "https://m.media-amazon.com/images/I/31VBySNKjNL._SL160_.jpg",
        "detailPageURL": "https://www.amazon.com/dp/B0BSZ23FTF",
        "rating": "4.5",
        "totalReviews": "868",
        "subtitle": "Bubble Skincare",
        "isPrimeEligible": "1"
    },
    {
        "ASIN": "B07TKP8VZ2",
        "title": "Versed Dew Point Gel Moisturizer - Lightweight Moisturizer Face Cream with Green Tea Extract + Aloe Leaf Juice - Fast Absorbing, Non-Greasy Hybrid Facial Cream for Dry Skin, Vegan (2 fl oz)",
        "price": "$15.97 ($7.98 / Ounce)",
        "listPrice": "$17.99 ($9.00 / Ounce)",
        "imageUrl": "https://m.media-amazon.com/images/I/21wK4E-GdeL._SL160_.jpg",
        "detailPageURL": "https://www.amazon.com/dp/B07TKP8VZ2",
        "rating": "4.6",
        "totalReviews": "1586",
        "subtitle": "Versed",
        "isPrimeEligible": "1"
    },
    {
        "ASIN": "B07934S6WK",
        "title": "Drunk Elephant Protini Polypeptide Cream. Protein Face Moisturizer with Amino Acids (50 mL / 1.69 Fl Oz)",
        "price": "$58.00 ($34.32 / Fl Oz)",
        "listPrice": "",
        "imageUrl": "https://m.media-amazon.com/images/I/31Ok0Lo3qdL._SL160_.jpg",
        "detailPageURL": "https://www.amazon.com/dp/B07934S6WK",
        "rating": "4.3",
        "totalReviews": "3306",
        "subtitle": "Drunk Elephant",
        "isPrimeEligible": "0"
    },
    {
        "ASIN": "B00464EC1E",
        "title": "EltaMD UV Daily Facial Sunscreen with Zinc Oxide, SPF 40 , Helps Hydrate and Decrease Wrinkles, Lightweight Face Moisturizer Sunscreen, Absorbs into Skin Quickly, 1.7 Oz Pump",
        "price": "$36.00 ($21.18 / Ounce)",
        "listPrice": "",
        "imageUrl": "https://m.media-amazon.com/images/I/410FpPrU9+L._SL160_.jpg",
        "detailPageURL": "https://www.amazon.com/dp/B00464EC1E",
        "rating": "4.7",
        "totalReviews": "16830",
        "subtitle": "",
        "isPrimeEligible": "1"
    },
    {
        "ASIN": "B07BB3FK19",
        "title": "SeoulCeuticals Korean Skin Care 97.5% Snail Mucin Moisturizer Cream - K Beauty Skincare Day & Night Snail Repair Cream Filtrate Cruelty Free 2oz",
        "price": "$15.95 ($7.98 / Ounce)",
        "listPrice": "$24.00 ($12.00 / Ounce)",
        "imageUrl": "https://m.media-amazon.com/images/I/41XSWfsdM2L._SL160_.jpg",
        "detailPageURL": "https://www.amazon.com/dp/B07BB3FK19",
        "rating": "4.3",
        "totalReviews": "19365",
        "subtitle": "SeoulCeuticals",
        "isPrimeEligible": "1"
    },
    {
        "ASIN": "B07HZWXGJ7",
        "title": "Paula's Choice CLEAR Oil-Free Moisturizer, Lightweight Face Moisturizer for Acne-Prone Skin, Pore-Minimizing Niacinamide, Soothing Antioxidants, Ceramides to Calm Redness",
        "price": "$29.00 ($14.50 / Fl Oz)",
        "listPrice": "",
        "imageUrl": "https://m.media-amazon.com/images/I/31zOaZFWvUL._SL160_.jpg",
        "detailPageURL": "https://www.amazon.com/dp/B07HZWXGJ7",
        "rating": "4.6",
        "totalReviews": "1483",
        "subtitle": "Paula's Choice",
        "isPrimeEligible": "1"
    },
    {
        "ASIN": "B09TZDXTRT",
        "title": "The INKEY List Omega Water Cream Oil-Free Moisturizer + Niacinamide 1.7 oz/ 50 mL",
        "price": "$10.99 ($6.50 / Fl Oz)",
        "listPrice": "",
        "imageUrl": "https://m.media-amazon.com/images/I/41oOsPRDqIL._SL160_.jpg",
        "detailPageURL": "https://www.amazon.com/dp/B09TZDXTRT",
        "rating": "4.4",
        "totalReviews": "850",
        "subtitle": "The INKEY List",
        "isPrimeEligible": "1"
    },
    {
        "ASIN": "B07NWXJYVK",
        "title": "Awake Human Natural Face Moisturizer for Sensitive Skin, Gentle Face Cream, Face and Neck Lotion, Daily Facial Moisturizer for Dry Skin, No Added Fragrance",
        "price": "$19.99 ($11.76 / Ounce)",
        "listPrice": "",
        "imageUrl": "https://m.media-amazon.com/images/I/51iZ18pEk+L._SL160_.jpg",
        "detailPageURL": "https://www.amazon.com/dp/B07NWXJYVK",
        "rating": "4.4",
        "totalReviews": "2676",
        "subtitle": "Awake Human",
        "isPrimeEligible": "1"
    },
    {
        "ASIN": "B00NR1YQK4",
        "title": "Neutrogena Hydro Boost Hyaluronic Acid Hydrating Face Moisturizer Gel-Cream to Hydrate and Smooth Extra-Dry Skin, 1.7 oz",
        "price": "$17.39 ($10.23 / Ounce)",
        "listPrice": "$26.79 ($15.76 / Ounce)",
        "imageUrl": "https://m.media-amazon.com/images/I/414hANABHGL._SL160_.jpg",
        "detailPageURL": "https://www.amazon.com/dp/B00NR1YQK4",
        "rating": "4.6",
        "totalReviews": "44076",
        "subtitle": "Neutrogena",
        "isPrimeEligible": "1"
    },
    {
        "ASIN": "B0BSZ23FTF",
        "title": "Bubble Skincare Slam Dunk Hydrating Facial Moisturizer - Natural Aloe Juice + Avocado Oil for Skin Hydration and Blue Light Protection - Daily Face Moisturizer for Sensitive Skin (50ml)",
        "price": "$16.29 ($9.58 / Fl Oz)",
        "listPrice": "",
        "imageUrl": "https://m.media-amazon.com/images/I/31VBySNKjNL._SL160_.jpg",
        "detailPageURL": "https://www.amazon.com/dp/B0BSZ23FTF",
        "rating": "4.5",
        "totalReviews": "868",
        "subtitle": "Bubble Skincare",
        "isPrimeEligible": "1"
    },
    {
        "ASIN": "B07TKP8VZ2",
        "title": "Versed Dew Point Gel Moisturizer - Lightweight Moisturizer Face Cream with Green Tea Extract + Aloe Leaf Juice - Fast Absorbing, Non-Greasy Hybrid Facial Cream for Dry Skin, Vegan (2 fl oz)",
        "price": "$15.97 ($7.98 / Ounce)",
        "listPrice": "$17.99 ($9.00 / Ounce)",
        "imageUrl": "https://m.media-amazon.com/images/I/21wK4E-GdeL._SL160_.jpg",
        "detailPageURL": "https://www.amazon.com/dp/B07TKP8VZ2",
        "rating": "4.6",
        "totalReviews": "1586",
        "subtitle": "Versed",
        "isPrimeEligible": "1"
    },
    {
        "ASIN": "B07934S6WK",
        "title": "Drunk Elephant Protini Polypeptide Cream. Protein Face Moisturizer with Amino Acids (50 mL / 1.69 Fl Oz)",
        "price": "$58.00 ($34.32 / Fl Oz)",
        "listPrice": "",
        "imageUrl": "https://m.media-amazon.com/images/I/31Ok0Lo3qdL._SL160_.jpg",
        "detailPageURL": "https://www.amazon.com/dp/B07934S6WK",
        "rating": "4.3",
        "totalReviews": "3306",
        "subtitle": "Drunk Elephant",
        "isPrimeEligible": "0"
    },
    {
        "ASIN": "B00464EC1E",
        "title": "EltaMD UV Daily Facial Sunscreen with Zinc Oxide, SPF 40 , Helps Hydrate and Decrease Wrinkles, Lightweight Face Moisturizer Sunscreen, Absorbs into Skin Quickly, 1.7 Oz Pump",
        "price": "$36.00 ($21.18 / Ounce)",
        "listPrice": "",
        "imageUrl": "https://m.media-amazon.com/images/I/410FpPrU9+L._SL160_.jpg",
        "detailPageURL": "https://www.amazon.com/dp/B00464EC1E",
        "rating": "4.7",
        "totalReviews": "16830",
        "subtitle": "",
        "isPrimeEligible": "1"
    },
    {
        "ASIN": "B07BB3FK19",
        "title": "SeoulCeuticals Korean Skin Care 97.5% Snail Mucin Moisturizer Cream - K Beauty Skincare Day & Night Snail Repair Cream Filtrate Cruelty Free 2oz",
        "price": "$15.95 ($7.98 / Ounce)",
        "listPrice": "$24.00 ($12.00 / Ounce)",
        "imageUrl": "https://m.media-amazon.com/images/I/41XSWfsdM2L._SL160_.jpg",
        "detailPageURL": "https://www.amazon.com/dp/B07BB3FK19",
        "rating": "4.3",
        "totalReviews": "19365",
        "subtitle": "SeoulCeuticals",
        "isPrimeEligible": "1"
    },
    {
        "ASIN": "B07HZWXGJ7",
        "title": "Paula's Choice CLEAR Oil-Free Moisturizer, Lightweight Face Moisturizer for Acne-Prone Skin, Pore-Minimizing Niacinamide, Soothing Antioxidants, Ceramides to Calm Redness",
        "price": "$29.00 ($14.50 / Fl Oz)",
        "listPrice": "",
        "imageUrl": "https://m.media-amazon.com/images/I/31zOaZFWvUL._SL160_.jpg",
        "detailPageURL": "https://www.amazon.com/dp/B07HZWXGJ7",
        "rating": "4.6",
        "totalReviews": "1483",
        "subtitle": "Paula's Choice",
        "isPrimeEligible": "1"
    },
    {
        "ASIN": "B09TZDXTRT",
        "title": "The INKEY List Omega Water Cream Oil-Free Moisturizer + Niacinamide 1.7 oz/ 50 mL",
        "price": "$10.99 ($6.50 / Fl Oz)",
        "listPrice": "",
        "imageUrl": "https://m.media-amazon.com/images/I/41oOsPRDqIL._SL160_.jpg",
        "detailPageURL": "https://www.amazon.com/dp/B09TZDXTRT",
        "rating": "4.4",
        "totalReviews": "850",
        "subtitle": "The INKEY List",
        "isPrimeEligible": "1"
    },
    {
        "ASIN": "B07NWXJYVK",
        "title": "Awake Human Natural Face Moisturizer for Sensitive Skin, Gentle Face Cream, Face and Neck Lotion, Daily Facial Moisturizer for Dry Skin, No Added Fragrance",
        "price": "$19.99 ($11.76 / Ounce)",
        "listPrice": "",
        "imageUrl": "https://m.media-amazon.com/images/I/51iZ18pEk+L._SL160_.jpg",
        "detailPageURL": "https://www.amazon.com/dp/B07NWXJYVK",
        "rating": "4.4",
        "totalReviews": "2676",
        "subtitle": "Awake Human",
        "isPrimeEligible": "1"
    },
    {
        "ASIN": "B00B4RJP72",
        "title": "La Roche-Posay Mat Oil-Free Mattifying Moisturizer",
        "price": "$35.99 ($25.71 / Fl Oz)",
        "listPrice": "",
        "imageUrl": "https://m.media-amazon.com/images/I/41k8kglLseL._SL160_.jpg",
        "detailPageURL": "https://www.amazon.com/dp/B00B4RJP72",
        "rating": "4.5",
        "totalReviews": "13725",
        "subtitle": "",
        "isPrimeEligible": "1"
    },
    {
        "ASIN": "B0BSZ23FTF",
        "title": "Bubble Skincare Slam Dunk Hydrating Facial Moisturizer - Natural Aloe Juice + Avocado Oil for Skin Hydration and Blue Light Protection - Daily Face Moisturizer for Sensitive Skin (50ml)",
        "price": "$16.29 ($9.58 / Fl Oz)",
        "listPrice": "",
        "imageUrl": "https://m.media-amazon.com/images/I/31VBySNKjNL._SL160_.jpg",
        "detailPageURL": "https://www.amazon.com/dp/B0BSZ23FTF",
        "rating": "4.5",
        "totalReviews": "868",
        "subtitle": "Bubble Skincare",
        "isPrimeEligible": "1"
    },
    {
        "ASIN": "B07TKP8VZ2",
        "title": "Versed Dew Point Gel Moisturizer - Lightweight Moisturizer Face Cream with Green Tea Extract + Aloe Leaf Juice - Fast Absorbing, Non-Greasy Hybrid Facial Cream for Dry Skin, Vegan (2 fl oz)",
        "price": "$15.97 ($7.98 / Ounce)",
        "listPrice": "$17.99 ($9.00 / Ounce)",
        "imageUrl": "https://m.media-amazon.com/images/I/21wK4E-GdeL._SL160_.jpg",
        "detailPageURL": "https://www.amazon.com/dp/B07TKP8VZ2",
        "rating": "4.6",
        "totalReviews": "1586",
        "subtitle": "Versed",
        "isPrimeEligible": "1"
    },
    {
        "ASIN": "B07934S6WK",
        "title": "Drunk Elephant Protini Polypeptide Cream. Protein Face Moisturizer with Amino Acids (50 mL / 1.69 Fl Oz)",
        "price": "$58.00 ($34.32 / Fl Oz)",
        "listPrice": "",
        "imageUrl": "https://m.media-amazon.com/images/I/31Ok0Lo3qdL._SL160_.jpg",
        "detailPageURL": "https://www.amazon.com/dp/B07934S6WK",
        "rating": "4.3",
        "totalReviews": "3306",
        "subtitle": "Drunk Elephant",
        "isPrimeEligible": "0"
    },
    {
        "ASIN": "B00464EC1E",
        "title": "EltaMD UV Daily Facial Sunscreen with Zinc Oxide, SPF 40 , Helps Hydrate and Decrease Wrinkles, Lightweight Face Moisturizer Sunscreen, Absorbs into Skin Quickly, 1.7 Oz Pump",
        "price": "$36.00 ($21.18 / Ounce)",
        "listPrice": "",
        "imageUrl": "https://m.media-amazon.com/images/I/410FpPrU9+L._SL160_.jpg",
        "detailPageURL": "https://www.amazon.com/dp/B00464EC1E",
        "rating": "4.7",
        "totalReviews": "16830",
        "subtitle": "",
        "isPrimeEligible": "1"
    },
    {
        "ASIN": "B07BB3FK19",
        "title": "SeoulCeuticals Korean Skin Care 97.5% Snail Mucin Moisturizer Cream - K Beauty Skincare Day & Night Snail Repair Cream Filtrate Cruelty Free 2oz",
        "price": "$15.95 ($7.98 / Ounce)",
        "listPrice": "$24.00 ($12.00 / Ounce)",
        "imageUrl": "https://m.media-amazon.com/images/I/41XSWfsdM2L._SL160_.jpg",
        "detailPageURL": "https://www.amazon.com/dp/B07BB3FK19",
        "rating": "4.3",
        "totalReviews": "19365",
        "subtitle": "SeoulCeuticals",
        "isPrimeEligible": "1"
    },
    {
        "ASIN": "B07HZWXGJ7",
        "title": "Paula's Choice CLEAR Oil-Free Moisturizer, Lightweight Face Moisturizer for Acne-Prone Skin, Pore-Minimizing Niacinamide, Soothing Antioxidants, Ceramides to Calm Redness",
        "price": "$29.00 ($14.50 / Fl Oz)",
        "listPrice": "",
        "imageUrl": "https://m.media-amazon.com/images/I/31zOaZFWvUL._SL160_.jpg",
        "detailPageURL": "https://www.amazon.com/dp/B07HZWXGJ7",
        "rating": "4.6",
        "totalReviews": "1483",
        "subtitle": "Paula's Choice",
        "isPrimeEligible": "1"
    },
    {
        "ASIN": "B09TZDXTRT",
        "title": "The INKEY List Omega Water Cream Oil-Free Moisturizer + Niacinamide 1.7 oz/ 50 mL",
        "price": "$10.99 ($6.50 / Fl Oz)",
        "listPrice": "",
        "imageUrl": "https://m.media-amazon.com/images/I/41oOsPRDqIL._SL160_.jpg",
        "detailPageURL": "https://www.amazon.com/dp/B09TZDXTRT",
        "rating": "4.4",
        "totalReviews": "850",
        "subtitle": "The INKEY List",
        "isPrimeEligible": "1"
    },
    {
        "ASIN": "B07NWXJYVK",
        "title": "Awake Human Natural Face Moisturizer for Sensitive Skin, Gentle Face Cream, Face and Neck Lotion, Daily Facial Moisturizer for Dry Skin, No Added Fragrance",
        "price": "$19.99 ($11.76 / Ounce)",
        "listPrice": "",
        "imageUrl": "https://m.media-amazon.com/images/I/51iZ18pEk+L._SL160_.jpg",
        "detailPageURL": "https://www.amazon.com/dp/B07NWXJYVK",
        "rating": "4.4",
        "totalReviews": "2676",
        "subtitle": "Awake Human",
        "isPrimeEligible": "1"
    },
    {
        "ASIN": "B00B4RJP72",
        "title": "La Roche-Posay Mat Oil-Free Mattifying Moisturizer",
        "price": "$35.99 ($25.71 / Fl Oz)",
        "listPrice": "",
        "imageUrl": "https://m.media-amazon.com/images/I/41k8kglLseL._SL160_.jpg",
        "detailPageURL": "https://www.amazon.com/dp/B00B4RJP72",
        "rating": "4.5",
        "totalReviews": "13725",
        "subtitle": "",
        "isPrimeEligible": "1"
    },
    {
        "ASIN": "B08ZD7Z497",
        "title": "Mighty Patch Hero Cosmetics Clear Collective Clarifying Prebiotic Moisturizer - Hydrating Daily Face Moisturizer to Purify, Smooth and Soften Skin (2.36 fl oz)",
        "price": "$12.99 ($5.50 / Fl Oz)",
        "listPrice": "",
        "imageUrl": "https://m.media-amazon.com/images/I/21dZCaUANLS._SL160_.jpg",
        "detailPageURL": "https://www.amazon.com/dp/B08ZD7Z497",
        "rating": "4.4",
        "totalReviews": "2574",
        "subtitle": "Mighty Patch",
        "isPrimeEligible": "1"
    },
    {
        "ASIN": "B07TKP8VZ2",
        "title": "Versed Dew Point Gel Moisturizer - Lightweight Moisturizer Face Cream with Green Tea Extract + Aloe Leaf Juice - Fast Absorbing, Non-Greasy Hybrid Facial Cream for Dry Skin, Vegan (2 fl oz)",
        "price": "$15.97 ($7.98 / Ounce)",
        "listPrice": "$17.99 ($9.00 / Ounce)",
        "imageUrl": "https://m.media-amazon.com/images/I/21wK4E-GdeL._SL160_.jpg",
        "detailPageURL": "https://www.amazon.com/dp/B07TKP8VZ2",
        "rating": "4.6",
        "totalReviews": "1586",
        "subtitle": "Versed",
        "isPrimeEligible": "1"
    },
    {
        "ASIN": "B07934S6WK",
        "title": "Drunk Elephant Protini Polypeptide Cream. Protein Face Moisturizer with Amino Acids (50 mL / 1.69 Fl Oz)",
        "price": "$58.00 ($34.32 / Fl Oz)",
        "listPrice": "",
        "imageUrl": "https://m.media-amazon.com/images/I/31Ok0Lo3qdL._SL160_.jpg",
        "detailPageURL": "https://www.amazon.com/dp/B07934S6WK",
        "rating": "4.3",
        "totalReviews": "3306",
        "subtitle": "Drunk Elephant",
        "isPrimeEligible": "0"
    },
    {
        "ASIN": "B00464EC1E",
        "title": "EltaMD UV Daily Facial Sunscreen with Zinc Oxide, SPF 40 , Helps Hydrate and Decrease Wrinkles, Lightweight Face Moisturizer Sunscreen, Absorbs into Skin Quickly, 1.7 Oz Pump",
        "price": "$36.00 ($21.18 / Ounce)",
        "listPrice": "",
        "imageUrl": "https://m.media-amazon.com/images/I/410FpPrU9+L._SL160_.jpg",
        "detailPageURL": "https://www.amazon.com/dp/B00464EC1E",
        "rating": "4.7",
        "totalReviews": "16830",
        "subtitle": "",
        "isPrimeEligible": "1"
    },
    {
        "ASIN": "B07BB3FK19",
        "title": "SeoulCeuticals Korean Skin Care 97.5% Snail Mucin Moisturizer Cream - K Beauty Skincare Day & Night Snail Repair Cream Filtrate Cruelty Free 2oz",
        "price": "$15.95 ($7.98 / Ounce)",
        "listPrice": "$24.00 ($12.00 / Ounce)",
        "imageUrl": "https://m.media-amazon.com/images/I/41XSWfsdM2L._SL160_.jpg",
        "detailPageURL": "https://www.amazon.com/dp/B07BB3FK19",
        "rating": "4.3",
        "totalReviews": "19365",
        "subtitle": "SeoulCeuticals",
        "isPrimeEligible": "1"
    },
    {
        "ASIN": "B07HZWXGJ7",
        "title": "Paula's Choice CLEAR Oil-Free Moisturizer, Lightweight Face Moisturizer for Acne-Prone Skin, Pore-Minimizing Niacinamide, Soothing Antioxidants, Ceramides to Calm Redness",
        "price": "$29.00 ($14.50 / Fl Oz)",
        "listPrice": "",
        "imageUrl": "https://m.media-amazon.com/images/I/31zOaZFWvUL._SL160_.jpg",
        "detailPageURL": "https://www.amazon.com/dp/B07HZWXGJ7",
        "rating": "4.6",
        "totalReviews": "1483",
        "subtitle": "Paula's Choice",
        "isPrimeEligible": "1"
    },
    {
        "ASIN": "B09TZDXTRT",
        "title": "The INKEY List Omega Water Cream Oil-Free Moisturizer + Niacinamide 1.7 oz/ 50 mL",
        "price": "$10.99 ($6.50 / Fl Oz)",
        "listPrice": "",
        "imageUrl": "https://m.media-amazon.com/images/I/41oOsPRDqIL._SL160_.jpg",
        "detailPageURL": "https://www.amazon.com/dp/B09TZDXTRT",
        "rating": "4.4",
        "totalReviews": "850",
        "subtitle": "The INKEY List",
        "isPrimeEligible": "1"
    },
    {
        "ASIN": "B07NWXJYVK",
        "title": "Awake Human Natural Face Moisturizer for Sensitive Skin, Gentle Face Cream, Face and Neck Lotion, Daily Facial Moisturizer for Dry Skin, No Added Fragrance",
        "price": "$19.99 ($11.76 / Ounce)",
        "listPrice": "",
        "imageUrl": "https://m.media-amazon.com/images/I/51iZ18pEk+L._SL160_.jpg",
        "detailPageURL": "https://www.amazon.com/dp/B07NWXJYVK",
        "rating": "4.4",
        "totalReviews": "2676",
        "subtitle": "Awake Human",
        "isPrimeEligible": "1"
    },
    {
        "ASIN": "B00B4RJP72",
        "title": "La Roche-Posay Mat Oil-Free Mattifying Moisturizer",
        "price": "$35.99 ($25.71 / Fl Oz)",
        "listPrice": "",
        "imageUrl": "https://m.media-amazon.com/images/I/41k8kglLseL._SL160_.jpg",
        "detailPageURL": "https://www.amazon.com/dp/B00B4RJP72",
        "rating": "4.5",
        "totalReviews": "13725",
        "subtitle": "",
        "isPrimeEligible": "1"
    },
    {
        "ASIN": "B08ZD7Z497",
        "title": "Mighty Patch Hero Cosmetics Clear Collective Clarifying Prebiotic Moisturizer - Hydrating Daily Face Moisturizer to Purify, Smooth and Soften Skin (2.36 fl oz)",
        "price": "$12.99 ($5.50 / Fl Oz)",
        "listPrice": "",
        "imageUrl": "https://m.media-amazon.com/images/I/21dZCaUANLS._SL160_.jpg",
        "detailPageURL": "https://www.amazon.com/dp/B08ZD7Z497",
        "rating": "4.4",
        "totalReviews": "2574",
        "subtitle": "Mighty Patch",
        "isPrimeEligible": "1"
    },
    {
        "ASIN": "B000NWGCZ2",
        "title": "Vanicream Moisturizing Skin Cream with Pump Dispenser - 16 fl oz (1 lb) - Moisturizer Formulated Without Common Irritants for Those with Sensitive Skin",
        "price": "$13.43 ($0.84 / Fl Oz)",
        "listPrice": "$16.43 ($1.03 / Fl Oz)",
        "imageUrl": "https://m.media-amazon.com/images/I/316CeWcqtRL._SL160_.jpg",
        "detailPageURL": "https://www.amazon.com/dp/B000NWGCZ2",
        "rating": "4.7",
        "totalReviews": "36989",
        "subtitle": "Vanicream",
        "isPrimeEligible": "1"
    },
    {
        "ASIN": "B07934S6WK",
        "title": "Drunk Elephant Protini Polypeptide Cream. Protein Face Moisturizer with Amino Acids (50 mL / 1.69 Fl Oz)",
        "price": "$58.00 ($34.32 / Fl Oz)",
        "listPrice": "",
        "imageUrl": "https://m.media-amazon.com/images/I/31Ok0Lo3qdL._SL160_.jpg",
        "detailPageURL": "https://www.amazon.com/dp/B07934S6WK",
        "rating": "4.3",
        "totalReviews": "3306",
        "subtitle": "Drunk Elephant",
        "isPrimeEligible": "0"
    },
    {
        "ASIN": "B00464EC1E",
        "title": "EltaMD UV Daily Facial Sunscreen with Zinc Oxide, SPF 40 , Helps Hydrate and Decrease Wrinkles, Lightweight Face Moisturizer Sunscreen, Absorbs into Skin Quickly, 1.7 Oz Pump",
        "price": "$36.00 ($21.18 / Ounce)",
        "listPrice": "",
        "imageUrl": "https://m.media-amazon.com/images/I/410FpPrU9+L._SL160_.jpg",
        "detailPageURL": "https://www.amazon.com/dp/B00464EC1E",
        "rating": "4.7",
        "totalReviews": "16830",
        "subtitle": "",
        "isPrimeEligible": "1"
    },
    {
        "ASIN": "B07BB3FK19",
        "title": "SeoulCeuticals Korean Skin Care 97.5% Snail Mucin Moisturizer Cream - K Beauty Skincare Day & Night Snail Repair Cream Filtrate Cruelty Free 2oz",
        "price": "$15.95 ($7.98 / Ounce)",
        "listPrice": "$24.00 ($12.00 / Ounce)",
        "imageUrl": "https://m.media-amazon.com/images/I/41XSWfsdM2L._SL160_.jpg",
        "detailPageURL": "https://www.amazon.com/dp/B07BB3FK19",
        "rating": "4.3",
        "totalReviews": "19365",
        "subtitle": "SeoulCeuticals",
        "isPrimeEligible": "1"
    },
    {
        "ASIN": "B07HZWXGJ7",
        "title": "Paula's Choice CLEAR Oil-Free Moisturizer, Lightweight Face Moisturizer for Acne-Prone Skin, Pore-Minimizing Niacinamide, Soothing Antioxidants, Ceramides to Calm Redness",
        "price": "$29.00 ($14.50 / Fl Oz)",
        "listPrice": "",
        "imageUrl": "https://m.media-amazon.com/images/I/31zOaZFWvUL._SL160_.jpg",
        "detailPageURL": "https://www.amazon.com/dp/B07HZWXGJ7",
        "rating": "4.6",
        "totalReviews": "1483",
        "subtitle": "Paula's Choice",
        "isPrimeEligible": "1"
    },
    {
        "ASIN": "B09TZDXTRT",
        "title": "The INKEY List Omega Water Cream Oil-Free Moisturizer + Niacinamide 1.7 oz/ 50 mL",
        "price": "$10.99 ($6.50 / Fl Oz)",
        "listPrice": "",
        "imageUrl": "https://m.media-amazon.com/images/I/41oOsPRDqIL._SL160_.jpg",
        "detailPageURL": "https://www.amazon.com/dp/B09TZDXTRT",
        "rating": "4.4",
        "totalReviews": "850",
        "subtitle": "The INKEY List",
        "isPrimeEligible": "1"
    },
    {
        "ASIN": "B07NWXJYVK",
        "title": "Awake Human Natural Face Moisturizer for Sensitive Skin, Gentle Face Cream, Face and Neck Lotion, Daily Facial Moisturizer for Dry Skin, No Added Fragrance",
        "price": "$19.99 ($11.76 / Ounce)",
        "listPrice": "",
        "imageUrl": "https://m.media-amazon.com/images/I/51iZ18pEk+L._SL160_.jpg",
        "detailPageURL": "https://www.amazon.com/dp/B07NWXJYVK",
        "rating": "4.4",
        "totalReviews": "2676",
        "subtitle": "Awake Human",
        "isPrimeEligible": "1"
    },
    {
        "ASIN": "B00B4RJP72",
        "title": "La Roche-Posay Mat Oil-Free Mattifying Moisturizer",
        "price": "$35.99 ($25.71 / Fl Oz)",
        "listPrice": "",
        "imageUrl": "https://m.media-amazon.com/images/I/41k8kglLseL._SL160_.jpg",
        "detailPageURL": "https://www.amazon.com/dp/B00B4RJP72",
        "rating": "4.5",
        "totalReviews": "13725",
        "subtitle": "",
        "isPrimeEligible": "1"
    },
    {
        "ASIN": "B08ZD7Z497",
        "title": "Mighty Patch Hero Cosmetics Clear Collective Clarifying Prebiotic Moisturizer - Hydrating Daily Face Moisturizer to Purify, Smooth and Soften Skin (2.36 fl oz)",
        "price": "$12.99 ($5.50 / Fl Oz)",
        "listPrice": "",
        "imageUrl": "https://m.media-amazon.com/images/I/21dZCaUANLS._SL160_.jpg",
        "detailPageURL": "https://www.amazon.com/dp/B08ZD7Z497",
        "rating": "4.4",
        "totalReviews": "2574",
        "subtitle": "Mighty Patch",
        "isPrimeEligible": "1"
    },
    {
        "ASIN": "B000NWGCZ2",
        "title": "Vanicream Moisturizing Skin Cream with Pump Dispenser - 16 fl oz (1 lb) - Moisturizer Formulated Without Common Irritants for Those with Sensitive Skin",
        "price": "$13.43 ($0.84 / Fl Oz)",
        "listPrice": "$16.43 ($1.03 / Fl Oz)",
        "imageUrl": "https://m.media-amazon.com/images/I/316CeWcqtRL._SL160_.jpg",
        "detailPageURL": "https://www.amazon.com/dp/B000NWGCZ2",
        "rating": "4.7",
        "totalReviews": "36989",
        "subtitle": "Vanicream",
        "isPrimeEligible": "1"
    },
    {
        "ASIN": "B000QXGBOU",
        "title": "Clinique Dramatically Different Moisturising Gel with Pump 4.2oz / 125ml",
        "price": "$18.00 ($4.29 / Fl Oz)",
        "listPrice": "$30.00 ($7.14 / Fl Oz)",
        "imageUrl": "https://m.media-amazon.com/images/I/51LCLpDYpbL._SL160_.jpg",
        "detailPageURL": "https://www.amazon.com/dp/B000QXGBOU",
        "rating": "4.7",
        "totalReviews": "2258",
        "subtitle": "Clinique",
        "isPrimeEligible": "1"
    },
    {
        "ASIN": "B00464EC1E",
        "title": "EltaMD UV Daily Facial Sunscreen with Zinc Oxide, SPF 40 , Helps Hydrate and Decrease Wrinkles, Lightweight Face Moisturizer Sunscreen, Absorbs into Skin Quickly, 1.7 Oz Pump",
        "price": "$36.00 ($21.18 / Ounce)",
        "listPrice": "",
        "imageUrl": "https://m.media-amazon.com/images/I/410FpPrU9+L._SL160_.jpg",
        "detailPageURL": "https://www.amazon.com/dp/B00464EC1E",
        "rating": "4.7",
        "totalReviews": "16830",
        "subtitle": "",
        "isPrimeEligible": "1"
    },
    {
        "ASIN": "B07BB3FK19",
        "title": "SeoulCeuticals Korean Skin Care 97.5% Snail Mucin Moisturizer Cream - K Beauty Skincare Day & Night Snail Repair Cream Filtrate Cruelty Free 2oz",
        "price": "$15.95 ($7.98 / Ounce)",
        "listPrice": "$24.00 ($12.00 / Ounce)",
        "imageUrl": "https://m.media-amazon.com/images/I/41XSWfsdM2L._SL160_.jpg",
        "detailPageURL": "https://www.amazon.com/dp/B07BB3FK19",
        "rating": "4.3",
        "totalReviews": "19365",
        "subtitle": "SeoulCeuticals",
        "isPrimeEligible": "1"
    },
    {
        "ASIN": "B07HZWXGJ7",
        "title": "Paula's Choice CLEAR Oil-Free Moisturizer, Lightweight Face Moisturizer for Acne-Prone Skin, Pore-Minimizing Niacinamide, Soothing Antioxidants, Ceramides to Calm Redness",
        "price": "$29.00 ($14.50 / Fl Oz)",
        "listPrice": "",
        "imageUrl": "https://m.media-amazon.com/images/I/31zOaZFWvUL._SL160_.jpg",
        "detailPageURL": "https://www.amazon.com/dp/B07HZWXGJ7",
        "rating": "4.6",
        "totalReviews": "1483",
        "subtitle": "Paula's Choice",
        "isPrimeEligible": "1"
    },
    {
        "ASIN": "B09TZDXTRT",
        "title": "The INKEY List Omega Water Cream Oil-Free Moisturizer + Niacinamide 1.7 oz/ 50 mL",
        "price": "$10.99 ($6.50 / Fl Oz)",
        "listPrice": "",
        "imageUrl": "https://m.media-amazon.com/images/I/41oOsPRDqIL._SL160_.jpg",
        "detailPageURL": "https://www.amazon.com/dp/B09TZDXTRT",
        "rating": "4.4",
        "totalReviews": "850",
        "subtitle": "The INKEY List",
        "isPrimeEligible": "1"
    },
    {
        "ASIN": "B07NWXJYVK",
        "title": "Awake Human Natural Face Moisturizer for Sensitive Skin, Gentle Face Cream, Face and Neck Lotion, Daily Facial Moisturizer for Dry Skin, No Added Fragrance",
        "price": "$19.99 ($11.76 / Ounce)",
        "listPrice": "",
        "imageUrl": "https://m.media-amazon.com/images/I/51iZ18pEk+L._SL160_.jpg",
        "detailPageURL": "https://www.amazon.com/dp/B07NWXJYVK",
        "rating": "4.4",
        "totalReviews": "2676",
        "subtitle": "Awake Human",
        "isPrimeEligible": "1"
    },
    {
        "ASIN": "B00B4RJP72",
        "title": "La Roche-Posay Mat Oil-Free Mattifying Moisturizer",
        "price": "$35.99 ($25.71 / Fl Oz)",
        "listPrice": "",
        "imageUrl": "https://m.media-amazon.com/images/I/41k8kglLseL._SL160_.jpg",
        "detailPageURL": "https://www.amazon.com/dp/B00B4RJP72",
        "rating": "4.5",
        "totalReviews": "13725",
        "subtitle": "",
        "isPrimeEligible": "1"
    },
    {
        "ASIN": "B08ZD7Z497",
        "title": "Mighty Patch Hero Cosmetics Clear Collective Clarifying Prebiotic Moisturizer - Hydrating Daily Face Moisturizer to Purify, Smooth and Soften Skin (2.36 fl oz)",
        "price": "$12.99 ($5.50 / Fl Oz)",
        "listPrice": "",
        "imageUrl": "https://m.media-amazon.com/images/I/21dZCaUANLS._SL160_.jpg",
        "detailPageURL": "https://www.amazon.com/dp/B08ZD7Z497",
        "rating": "4.4",
        "totalReviews": "2574",
        "subtitle": "Mighty Patch",
        "isPrimeEligible": "1"
    },
    {
        "ASIN": "B000NWGCZ2",
        "title": "Vanicream Moisturizing Skin Cream with Pump Dispenser - 16 fl oz (1 lb) - Moisturizer Formulated Without Common Irritants for Those with Sensitive Skin",
        "price": "$13.43 ($0.84 / Fl Oz)",
        "listPrice": "$16.43 ($1.03 / Fl Oz)",
        "imageUrl": "https://m.media-amazon.com/images/I/316CeWcqtRL._SL160_.jpg",
        "detailPageURL": "https://www.amazon.com/dp/B000NWGCZ2",
        "rating": "4.7",
        "totalReviews": "36989",
        "subtitle": "Vanicream",
        "isPrimeEligible": "1"
    },
    {
        "ASIN": "B000QXGBOU",
        "title": "Clinique Dramatically Different Moisturising Gel with Pump 4.2oz / 125ml",
        "price": "$18.00 ($4.29 / Fl Oz)",
        "listPrice": "$30.00 ($7.14 / Fl Oz)",
        "imageUrl": "https://m.media-amazon.com/images/I/51LCLpDYpbL._SL160_.jpg",
        "detailPageURL": "https://www.amazon.com/dp/B000QXGBOU",
        "rating": "4.7",
        "totalReviews": "2258",
        "subtitle": "Clinique",
        "isPrimeEligible": "1"
    },
    {
        "ASIN": "B0C3LXWJJ7",
        "title": "MAREE Face Moisturizer - Collagen Cream for Women - Anti-Wrinkle Eye Balm with Retinol, Hyaluronic Acid - Day & Night Cream for Face & Under Eye - Instant Face Lift Cream with Hydrating Effect - 1.7oz",
        "price": "$19.95 ($11.74 / Fl Oz)",
        "listPrice": "",
        "imageUrl": "https://m.media-amazon.com/images/I/51v9a26xaEL._SL160_.jpg",
        "detailPageURL": "https://www.amazon.com/dp/B0C3LXWJJ7",
        "rating": "4.5",
        "totalReviews": "433",
        "subtitle": "MAREE",
        "isPrimeEligible": "1"
    },
    {
        "ASIN": "B07BB3FK19",
        "title": "SeoulCeuticals Korean Skin Care 97.5% Snail Mucin Moisturizer Cream - K Beauty Skincare Day & Night Snail Repair Cream Filtrate Cruelty Free 2oz",
        "price": "$15.95 ($7.98 / Ounce)",
        "listPrice": "$24.00 ($12.00 / Ounce)",
        "imageUrl": "https://m.media-amazon.com/images/I/41XSWfsdM2L._SL160_.jpg",
        "detailPageURL": "https://www.amazon.com/dp/B07BB3FK19",
        "rating": "4.3",
        "totalReviews": "19365",
        "subtitle": "SeoulCeuticals",
        "isPrimeEligible": "1"
    },
    {
        "ASIN": "B07HZWXGJ7",
        "title": "Paula's Choice CLEAR Oil-Free Moisturizer, Lightweight Face Moisturizer for Acne-Prone Skin, Pore-Minimizing Niacinamide, Soothing Antioxidants, Ceramides to Calm Redness",
        "price": "$29.00 ($14.50 / Fl Oz)",
        "listPrice": "",
        "imageUrl": "https://m.media-amazon.com/images/I/31zOaZFWvUL._SL160_.jpg",
        "detailPageURL": "https://www.amazon.com/dp/B07HZWXGJ7",
        "rating": "4.6",
        "totalReviews": "1483",
        "subtitle": "Paula's Choice",
        "isPrimeEligible": "1"
    },
    {
        "ASIN": "B09TZDXTRT",
        "title": "The INKEY List Omega Water Cream Oil-Free Moisturizer + Niacinamide 1.7 oz/ 50 mL",
        "price": "$10.99 ($6.50 / Fl Oz)",
        "listPrice": "",
        "imageUrl": "https://m.media-amazon.com/images/I/41oOsPRDqIL._SL160_.jpg",
        "detailPageURL": "https://www.amazon.com/dp/B09TZDXTRT",
        "rating": "4.4",
        "totalReviews": "850",
        "subtitle": "The INKEY List",
        "isPrimeEligible": "1"
    },
    {
        "ASIN": "B07NWXJYVK",
        "title": "Awake Human Natural Face Moisturizer for Sensitive Skin, Gentle Face Cream, Face and Neck Lotion, Daily Facial Moisturizer for Dry Skin, No Added Fragrance",
        "price": "$19.99 ($11.76 / Ounce)",
        "listPrice": "",
        "imageUrl": "https://m.media-amazon.com/images/I/51iZ18pEk+L._SL160_.jpg",
        "detailPageURL": "https://www.amazon.com/dp/B07NWXJYVK",
        "rating": "4.4",
        "totalReviews": "2676",
        "subtitle": "Awake Human",
        "isPrimeEligible": "1"
    },
    {
        "ASIN": "B00B4RJP72",
        "title": "La Roche-Posay Mat Oil-Free Mattifying Moisturizer",
        "price": "$35.99 ($25.71 / Fl Oz)",
        "listPrice": "",
        "imageUrl": "https://m.media-amazon.com/images/I/41k8kglLseL._SL160_.jpg",
        "detailPageURL": "https://www.amazon.com/dp/B00B4RJP72",
        "rating": "4.5",
        "totalReviews": "13725",
        "subtitle": "",
        "isPrimeEligible": "1"
    },
    {
        "ASIN": "B08ZD7Z497",
        "title": "Mighty Patch Hero Cosmetics Clear Collective Clarifying Prebiotic Moisturizer - Hydrating Daily Face Moisturizer to Purify, Smooth and Soften Skin (2.36 fl oz)",
        "price": "$12.99 ($5.50 / Fl Oz)",
        "listPrice": "",
        "imageUrl": "https://m.media-amazon.com/images/I/21dZCaUANLS._SL160_.jpg",
        "detailPageURL": "https://www.amazon.com/dp/B08ZD7Z497",
        "rating": "4.4",
        "totalReviews": "2574",
        "subtitle": "Mighty Patch",
        "isPrimeEligible": "1"
    },
    {
        "ASIN": "B000NWGCZ2",
        "title": "Vanicream Moisturizing Skin Cream with Pump Dispenser - 16 fl oz (1 lb) - Moisturizer Formulated Without Common Irritants for Those with Sensitive Skin",
        "price": "$13.43 ($0.84 / Fl Oz)",
        "listPrice": "$16.43 ($1.03 / Fl Oz)",
        "imageUrl": "https://m.media-amazon.com/images/I/316CeWcqtRL._SL160_.jpg",
        "detailPageURL": "https://www.amazon.com/dp/B000NWGCZ2",
        "rating": "4.7",
        "totalReviews": "36989",
        "subtitle": "Vanicream",
        "isPrimeEligible": "1"
    },
    {
        "ASIN": "B000QXGBOU",
        "title": "Clinique Dramatically Different Moisturising Gel with Pump 4.2oz / 125ml",
        "price": "$18.00 ($4.29 / Fl Oz)",
        "listPrice": "$30.00 ($7.14 / Fl Oz)",
        "imageUrl": "https://m.media-amazon.com/images/I/51LCLpDYpbL._SL160_.jpg",
        "detailPageURL": "https://www.amazon.com/dp/B000QXGBOU",
        "rating": "4.7",
        "totalReviews": "2258",
        "subtitle": "Clinique",
        "isPrimeEligible": "1"
    },
    {
        "ASIN": "B0C3LXWJJ7",
        "title": "MAREE Face Moisturizer - Collagen Cream for Women - Anti-Wrinkle Eye Balm with Retinol, Hyaluronic Acid - Day & Night Cream for Face & Under Eye - Instant Face Lift Cream with Hydrating Effect - 1.7oz",
        "price": "$19.95 ($11.74 / Fl Oz)",
        "listPrice": "",
        "imageUrl": "https://m.media-amazon.com/images/I/51v9a26xaEL._SL160_.jpg",
        "detailPageURL": "https://www.amazon.com/dp/B0C3LXWJJ7",
        "rating": "4.5",
        "totalReviews": "433",
        "subtitle": "MAREE",
        "isPrimeEligible": "1"
    },
    {
        "ASIN": "B097NNR535",
        "title": "Neutrogena Hydro Boost Hyaluronic Acid Facial Moisturizer with Broad Spectrum SPF 50 Sunscreen, Daily Water Gel Face Moisturizer to Hydrate & Soothe Dry Skin, Fragrance-Free, 1.7 fl. oz",
        "price": "$16.69 ($9.82 / Fl Oz)",
        "listPrice": "$26.79 ($15.76 / Fl Oz)",
        "imageUrl": "https://m.media-amazon.com/images/I/410N+f6echL._SL160_.jpg",
        "detailPageURL": "https://www.amazon.com/dp/B097NNR535",
        "rating": "4.4",
        "totalReviews": "5320",
        "subtitle": "Neutrogena",
        "isPrimeEligible": "1"
    },
    {
        "ASIN": "B07HZWXGJ7",
        "title": "Paula's Choice CLEAR Oil-Free Moisturizer, Lightweight Face Moisturizer for Acne-Prone Skin, Pore-Minimizing Niacinamide, Soothing Antioxidants, Ceramides to Calm Redness",
        "price": "$29.00 ($14.50 / Fl Oz)",
        "listPrice": "",
        "imageUrl": "https://m.media-amazon.com/images/I/31zOaZFWvUL._SL160_.jpg",
        "detailPageURL": "https://www.amazon.com/dp/B07HZWXGJ7",
        "rating": "4.6",
        "totalReviews": "1483",
        "subtitle": "Paula's Choice",
        "isPrimeEligible": "1"
    },
    {
        "ASIN": "B09TZDXTRT",
        "title": "The INKEY List Omega Water Cream Oil-Free Moisturizer + Niacinamide 1.7 oz/ 50 mL",
        "price": "$10.99 ($6.50 / Fl Oz)",
        "listPrice": "",
        "imageUrl": "https://m.media-amazon.com/images/I/41oOsPRDqIL._SL160_.jpg",
        "detailPageURL": "https://www.amazon.com/dp/B09TZDXTRT",
        "rating": "4.4",
        "totalReviews": "850",
        "subtitle": "The INKEY List",
        "isPrimeEligible": "1"
    },
    {
        "ASIN": "B07NWXJYVK",
        "title": "Awake Human Natural Face Moisturizer for Sensitive Skin, Gentle Face Cream, Face and Neck Lotion, Daily Facial Moisturizer for Dry Skin, No Added Fragrance",
        "price": "$19.99 ($11.76 / Ounce)",
        "listPrice": "",
        "imageUrl": "https://m.media-amazon.com/images/I/51iZ18pEk+L._SL160_.jpg",
        "detailPageURL": "https://www.amazon.com/dp/B07NWXJYVK",
        "rating": "4.4",
        "totalReviews": "2676",
        "subtitle": "Awake Human",
        "isPrimeEligible": "1"
    },
    {
        "ASIN": "B00B4RJP72",
        "title": "La Roche-Posay Mat Oil-Free Mattifying Moisturizer",
        "price": "$35.99 ($25.71 / Fl Oz)",
        "listPrice": "",
        "imageUrl": "https://m.media-amazon.com/images/I/41k8kglLseL._SL160_.jpg",
        "detailPageURL": "https://www.amazon.com/dp/B00B4RJP72",
        "rating": "4.5",
        "totalReviews": "13725",
        "subtitle": "",
        "isPrimeEligible": "1"
    },
    {
        "ASIN": "B08ZD7Z497",
        "title": "Mighty Patch Hero Cosmetics Clear Collective Clarifying Prebiotic Moisturizer - Hydrating Daily Face Moisturizer to Purify, Smooth and Soften Skin (2.36 fl oz)",
        "price": "$12.99 ($5.50 / Fl Oz)",
        "listPrice": "",
        "imageUrl": "https://m.media-amazon.com/images/I/21dZCaUANLS._SL160_.jpg",
        "detailPageURL": "https://www.amazon.com/dp/B08ZD7Z497",
        "rating": "4.4",
        "totalReviews": "2574",
        "subtitle": "Mighty Patch",
        "isPrimeEligible": "1"
    },
    {
        "ASIN": "B000NWGCZ2",
        "title": "Vanicream Moisturizing Skin Cream with Pump Dispenser - 16 fl oz (1 lb) - Moisturizer Formulated Without Common Irritants for Those with Sensitive Skin",
        "price": "$13.43 ($0.84 / Fl Oz)",
        "listPrice": "$16.43 ($1.03 / Fl Oz)",
        "imageUrl": "https://m.media-amazon.com/images/I/316CeWcqtRL._SL160_.jpg",
        "detailPageURL": "https://www.amazon.com/dp/B000NWGCZ2",
        "rating": "4.7",
        "totalReviews": "36989",
        "subtitle": "Vanicream",
        "isPrimeEligible": "1"
    },
    {
        "ASIN": "B000QXGBOU",
        "title": "Clinique Dramatically Different Moisturising Gel with Pump 4.2oz / 125ml",
        "price": "$18.00 ($4.29 / Fl Oz)",
        "listPrice": "$30.00 ($7.14 / Fl Oz)",
        "imageUrl": "https://m.media-amazon.com/images/I/51LCLpDYpbL._SL160_.jpg",
        "detailPageURL": "https://www.amazon.com/dp/B000QXGBOU",
        "rating": "4.7",
        "totalReviews": "2258",
        "subtitle": "Clinique",
        "isPrimeEligible": "1"
    },
    {
        "ASIN": "B0C3LXWJJ7",
        "title": "MAREE Face Moisturizer - Collagen Cream for Women - Anti-Wrinkle Eye Balm with Retinol, Hyaluronic Acid - Day & Night Cream for Face & Under Eye - Instant Face Lift Cream with Hydrating Effect - 1.7oz",
        "price": "$19.95 ($11.74 / Fl Oz)",
        "listPrice": "",
        "imageUrl": "https://m.media-amazon.com/images/I/51v9a26xaEL._SL160_.jpg",
        "detailPageURL": "https://www.amazon.com/dp/B0C3LXWJJ7",
        "rating": "4.5",
        "totalReviews": "433",
        "subtitle": "MAREE",
        "isPrimeEligible": "1"
    },
    {
        "ASIN": "B097NNR535",
        "title": "Neutrogena Hydro Boost Hyaluronic Acid Facial Moisturizer with Broad Spectrum SPF 50 Sunscreen, Daily Water Gel Face Moisturizer to Hydrate & Soothe Dry Skin, Fragrance-Free, 1.7 fl. oz",
        "price": "$16.69 ($9.82 / Fl Oz)",
        "listPrice": "$26.79 ($15.76 / Fl Oz)",
        "imageUrl": "https://m.media-amazon.com/images/I/410N+f6echL._SL160_.jpg",
        "detailPageURL": "https://www.amazon.com/dp/B097NNR535",
        "rating": "4.4",
        "totalReviews": "5320",
        "subtitle": "Neutrogena",
        "isPrimeEligible": "1"
    },
    {
        "ASIN": "B00CWY8OC8",
        "title": "RoC Multi Correxion 5 in 1 Anti-Aging Daily Face Moisturizer with Broad Spectrum SPF 30 & Shea Butter, Skin Care Treatment for Women & Men, 1.7 Ounces (Packaging May Vary)",
        "price": "$17.90 ($10.53 / Ounce)",
        "listPrice": "$29.99 ($17.64 / Ounce)",
        "imageUrl": "https://m.media-amazon.com/images/I/41lRB-JVbbL._SL160_.jpg",
        "detailPageURL": "https://www.amazon.com/dp/B00CWY8OC8",
        "rating": "4.5",
        "totalReviews": "6963",
        "subtitle": "RoC",
        "isPrimeEligible": "1"
    },
    {
        "ASIN": "B09TZDXTRT",
        "title": "The INKEY List Omega Water Cream Oil-Free Moisturizer + Niacinamide 1.7 oz/ 50 mL",
        "price": "$10.99 ($6.50 / Fl Oz)",
        "listPrice": "",
        "imageUrl": "https://m.media-amazon.com/images/I/41oOsPRDqIL._SL160_.jpg",
        "detailPageURL": "https://www.amazon.com/dp/B09TZDXTRT",
        "rating": "4.4",
        "totalReviews": "850",
        "subtitle": "The INKEY List",
        "isPrimeEligible": "1"
    },
    {
        "ASIN": "B07NWXJYVK",
        "title": "Awake Human Natural Face Moisturizer for Sensitive Skin, Gentle Face Cream, Face and Neck Lotion, Daily Facial Moisturizer for Dry Skin, No Added Fragrance",
        "price": "$19.99 ($11.76 / Ounce)",
        "listPrice": "",
        "imageUrl": "https://m.media-amazon.com/images/I/51iZ18pEk+L._SL160_.jpg",
        "detailPageURL": "https://www.amazon.com/dp/B07NWXJYVK",
        "rating": "4.4",
        "totalReviews": "2676",
        "subtitle": "Awake Human",
        "isPrimeEligible": "1"
    },
    {
        "ASIN": "B00B4RJP72",
        "title": "La Roche-Posay Mat Oil-Free Mattifying Moisturizer",
        "price": "$35.99 ($25.71 / Fl Oz)",
        "listPrice": "",
        "imageUrl": "https://m.media-amazon.com/images/I/41k8kglLseL._SL160_.jpg",
        "detailPageURL": "https://www.amazon.com/dp/B00B4RJP72",
        "rating": "4.5",
        "totalReviews": "13725",
        "subtitle": "",
        "isPrimeEligible": "1"
    },
    {
        "ASIN": "B08ZD7Z497",
        "title": "Mighty Patch Hero Cosmetics Clear Collective Clarifying Prebiotic Moisturizer - Hydrating Daily Face Moisturizer to Purify, Smooth and Soften Skin (2.36 fl oz)",
        "price": "$12.99 ($5.50 / Fl Oz)",
        "listPrice": "",
        "imageUrl": "https://m.media-amazon.com/images/I/21dZCaUANLS._SL160_.jpg",
        "detailPageURL": "https://www.amazon.com/dp/B08ZD7Z497",
        "rating": "4.4",
        "totalReviews": "2574",
        "subtitle": "Mighty Patch",
        "isPrimeEligible": "1"
    },
    {
        "ASIN": "B000NWGCZ2",
        "title": "Vanicream Moisturizing Skin Cream with Pump Dispenser - 16 fl oz (1 lb) - Moisturizer Formulated Without Common Irritants for Those with Sensitive Skin",
        "price": "$13.43 ($0.84 / Fl Oz)",
        "listPrice": "$16.43 ($1.03 / Fl Oz)",
        "imageUrl": "https://m.media-amazon.com/images/I/316CeWcqtRL._SL160_.jpg",
        "detailPageURL": "https://www.amazon.com/dp/B000NWGCZ2",
        "rating": "4.7",
        "totalReviews": "36989",
        "subtitle": "Vanicream",
        "isPrimeEligible": "1"
    },
    {
        "ASIN": "B000QXGBOU",
        "title": "Clinique Dramatically Different Moisturising Gel with Pump 4.2oz / 125ml",
        "price": "$18.00 ($4.29 / Fl Oz)",
        "listPrice": "$30.00 ($7.14 / Fl Oz)",
        "imageUrl": "https://m.media-amazon.com/images/I/51LCLpDYpbL._SL160_.jpg",
        "detailPageURL": "https://www.amazon.com/dp/B000QXGBOU",
        "rating": "4.7",
        "totalReviews": "2258",
        "subtitle": "Clinique",
        "isPrimeEligible": "1"
    },
    {
        "ASIN": "B0C3LXWJJ7",
        "title": "MAREE Face Moisturizer - Collagen Cream for Women - Anti-Wrinkle Eye Balm with Retinol, Hyaluronic Acid - Day & Night Cream for Face & Under Eye - Instant Face Lift Cream with Hydrating Effect - 1.7oz",
        "price": "$19.95 ($11.74 / Fl Oz)",
        "listPrice": "",
        "imageUrl": "https://m.media-amazon.com/images/I/51v9a26xaEL._SL160_.jpg",
        "detailPageURL": "https://www.amazon.com/dp/B0C3LXWJJ7",
        "rating": "4.5",
        "totalReviews": "433",
        "subtitle": "MAREE",
        "isPrimeEligible": "1"
    },
    {
        "ASIN": "B097NNR535",
        "title": "Neutrogena Hydro Boost Hyaluronic Acid Facial Moisturizer with Broad Spectrum SPF 50 Sunscreen, Daily Water Gel Face Moisturizer to Hydrate & Soothe Dry Skin, Fragrance-Free, 1.7 fl. oz",
        "price": "$16.69 ($9.82 / Fl Oz)",
        "listPrice": "$26.79 ($15.76 / Fl Oz)",
        "imageUrl": "https://m.media-amazon.com/images/I/410N+f6echL._SL160_.jpg",
        "detailPageURL": "https://www.amazon.com/dp/B097NNR535",
        "rating": "4.4",
        "totalReviews": "5320",
        "subtitle": "Neutrogena",
        "isPrimeEligible": "1"
    },
    {
        "ASIN": "B00CWY8OC8",
        "title": "RoC Multi Correxion 5 in 1 Anti-Aging Daily Face Moisturizer with Broad Spectrum SPF 30 & Shea Butter, Skin Care Treatment for Women & Men, 1.7 Ounces (Packaging May Vary)",
        "price": "$17.90 ($10.53 / Ounce)",
        "listPrice": "$29.99 ($17.64 / Ounce)",
        "imageUrl": "https://m.media-amazon.com/images/I/41lRB-JVbbL._SL160_.jpg",
        "detailPageURL": "https://www.amazon.com/dp/B00CWY8OC8",
        "rating": "4.5",
        "totalReviews": "6963",
        "subtitle": "RoC",
        "isPrimeEligible": "1"
    },
    {
        "ASIN": "B000HP9M3E",
        "title": "Jack Black Double-Duty Face Moisturizer SPF 20, 3.3 fl. Oz (Pack of 1)",
        "price": "$30.00 ($9.09 / Fl Oz)",
        "listPrice": "",
        "imageUrl": "https://m.media-amazon.com/images/I/41GKoCcUXiL._SL160_.jpg",
        "detailPageURL": "https://www.amazon.com/dp/B000HP9M3E",
        "rating": "4.7",
        "totalReviews": "8174",
        "subtitle": "",
        "isPrimeEligible": "1"
    },
    {
        "ASIN": "B07NWXJYVK",
        "title": "Awake Human Natural Face Moisturizer for Sensitive Skin, Gentle Face Cream, Face and Neck Lotion, Daily Facial Moisturizer for Dry Skin, No Added Fragrance",
        "price": "$19.99 ($11.76 / Ounce)",
        "listPrice": "",
        "imageUrl": "https://m.media-amazon.com/images/I/51iZ18pEk+L._SL160_.jpg",
        "detailPageURL": "https://www.amazon.com/dp/B07NWXJYVK",
        "rating": "4.4",
        "totalReviews": "2676",
        "subtitle": "Awake Human",
        "isPrimeEligible": "1"
    },
    {
        "ASIN": "B00B4RJP72",
        "title": "La Roche-Posay Mat Oil-Free Mattifying Moisturizer",
        "price": "$35.99 ($25.71 / Fl Oz)",
        "listPrice": "",
        "imageUrl": "https://m.media-amazon.com/images/I/41k8kglLseL._SL160_.jpg",
        "detailPageURL": "https://www.amazon.com/dp/B00B4RJP72",
        "rating": "4.5",
        "totalReviews": "13725",
        "subtitle": "",
        "isPrimeEligible": "1"
    },
    {
        "ASIN": "B08ZD7Z497",
        "title": "Mighty Patch Hero Cosmetics Clear Collective Clarifying Prebiotic Moisturizer - Hydrating Daily Face Moisturizer to Purify, Smooth and Soften Skin (2.36 fl oz)",
        "price": "$12.99 ($5.50 / Fl Oz)",
        "listPrice": "",
        "imageUrl": "https://m.media-amazon.com/images/I/21dZCaUANLS._SL160_.jpg",
        "detailPageURL": "https://www.amazon.com/dp/B08ZD7Z497",
        "rating": "4.4",
        "totalReviews": "2574",
        "subtitle": "Mighty Patch",
        "isPrimeEligible": "1"
    },
    {
        "ASIN": "B000NWGCZ2",
        "title": "Vanicream Moisturizing Skin Cream with Pump Dispenser - 16 fl oz (1 lb) - Moisturizer Formulated Without Common Irritants for Those with Sensitive Skin",
        "price": "$13.43 ($0.84 / Fl Oz)",
        "listPrice": "$16.43 ($1.03 / Fl Oz)",
        "imageUrl": "https://m.media-amazon.com/images/I/316CeWcqtRL._SL160_.jpg",
        "detailPageURL": "https://www.amazon.com/dp/B000NWGCZ2",
        "rating": "4.7",
        "totalReviews": "36989",
        "subtitle": "Vanicream",
        "isPrimeEligible": "1"
    },
    {
        "ASIN": "B000QXGBOU",
        "title": "Clinique Dramatically Different Moisturising Gel with Pump 4.2oz / 125ml",
        "price": "$18.00 ($4.29 / Fl Oz)",
        "listPrice": "$30.00 ($7.14 / Fl Oz)",
        "imageUrl": "https://m.media-amazon.com/images/I/51LCLpDYpbL._SL160_.jpg",
        "detailPageURL": "https://www.amazon.com/dp/B000QXGBOU",
        "rating": "4.7",
        "totalReviews": "2258",
        "subtitle": "Clinique",
        "isPrimeEligible": "1"
    },
    {
        "ASIN": "B0C3LXWJJ7",
        "title": "MAREE Face Moisturizer - Collagen Cream for Women - Anti-Wrinkle Eye Balm with Retinol, Hyaluronic Acid - Day & Night Cream for Face & Under Eye - Instant Face Lift Cream with Hydrating Effect - 1.7oz",
        "price": "$19.95 ($11.74 / Fl Oz)",
        "listPrice": "",
        "imageUrl": "https://m.media-amazon.com/images/I/51v9a26xaEL._SL160_.jpg",
        "detailPageURL": "https://www.amazon.com/dp/B0C3LXWJJ7",
        "rating": "4.5",
        "totalReviews": "433",
        "subtitle": "MAREE",
        "isPrimeEligible": "1"
    },
    {
        "ASIN": "B097NNR535",
        "title": "Neutrogena Hydro Boost Hyaluronic Acid Facial Moisturizer with Broad Spectrum SPF 50 Sunscreen, Daily Water Gel Face Moisturizer to Hydrate & Soothe Dry Skin, Fragrance-Free, 1.7 fl. oz",
        "price": "$16.69 ($9.82 / Fl Oz)",
        "listPrice": "$26.79 ($15.76 / Fl Oz)",
        "imageUrl": "https://m.media-amazon.com/images/I/410N+f6echL._SL160_.jpg",
        "detailPageURL": "https://www.amazon.com/dp/B097NNR535",
        "rating": "4.4",
        "totalReviews": "5320",
        "subtitle": "Neutrogena",
        "isPrimeEligible": "1"
    },
    {
        "ASIN": "B00CWY8OC8",
        "title": "RoC Multi Correxion 5 in 1 Anti-Aging Daily Face Moisturizer with Broad Spectrum SPF 30 & Shea Butter, Skin Care Treatment for Women & Men, 1.7 Ounces (Packaging May Vary)",
        "price": "$17.90 ($10.53 / Ounce)",
        "listPrice": "$29.99 ($17.64 / Ounce)",
        "imageUrl": "https://m.media-amazon.com/images/I/41lRB-JVbbL._SL160_.jpg",
        "detailPageURL": "https://www.amazon.com/dp/B00CWY8OC8",
        "rating": "4.5",
        "totalReviews": "6963",
        "subtitle": "RoC",
        "isPrimeEligible": "1"
    },
    {
        "ASIN": "B000HP9M3E",
        "title": "Jack Black Double-Duty Face Moisturizer SPF 20, 3.3 fl. Oz (Pack of 1)",
        "price": "$30.00 ($9.09 / Fl Oz)",
        "listPrice": "",
        "imageUrl": "https://m.media-amazon.com/images/I/41GKoCcUXiL._SL160_.jpg",
        "detailPageURL": "https://www.amazon.com/dp/B000HP9M3E",
        "rating": "4.7",
        "totalReviews": "8174",
        "subtitle": "",
        "isPrimeEligible": "1"
    },
    {
        "ASIN": "B08C6YB69N",
        "title": "ROVECTIN] Clean Lotus Water Cream- Gentle and Vegan Moisturizer For Skin Purifying (2.1 fl.oz, 60ml)",
        "price": "$20.00 ($10.00 / Fl Oz)",
        "listPrice": "$22.00 ($11.00 / Fl Oz)",
        "imageUrl": "https://m.media-amazon.com/images/I/21gNwgWgDsL._SL160_.jpg",
        "detailPageURL": "https://www.amazon.com/dp/B08C6YB69N",
        "rating": "4.6",
        "totalReviews": "1702",
        "subtitle": "ROVECTIN",
        "isPrimeEligible": "1"
    },
    {
        "ASIN": "B00B4RJP72",
        "title": "La Roche-Posay Mat Oil-Free Mattifying Moisturizer",
        "price": "$35.99 ($25.71 / Fl Oz)",
        "listPrice": "",
        "imageUrl": "https://m.media-amazon.com/images/I/41k8kglLseL._SL160_.jpg",
        "detailPageURL": "https://www.amazon.com/dp/B00B4RJP72",
        "rating": "4.5",
        "totalReviews": "13725",
        "subtitle": "",
        "isPrimeEligible": "1"
    },
    {
        "ASIN": "B08ZD7Z497",
        "title": "Mighty Patch Hero Cosmetics Clear Collective Clarifying Prebiotic Moisturizer - Hydrating Daily Face Moisturizer to Purify, Smooth and Soften Skin (2.36 fl oz)",
        "price": "$12.99 ($5.50 / Fl Oz)",
        "listPrice": "",
        "imageUrl": "https://m.media-amazon.com/images/I/21dZCaUANLS._SL160_.jpg",
        "detailPageURL": "https://www.amazon.com/dp/B08ZD7Z497",
        "rating": "4.4",
        "totalReviews": "2574",
        "subtitle": "Mighty Patch",
        "isPrimeEligible": "1"
    },
    {
        "ASIN": "B000NWGCZ2",
        "title": "Vanicream Moisturizing Skin Cream with Pump Dispenser - 16 fl oz (1 lb) - Moisturizer Formulated Without Common Irritants for Those with Sensitive Skin",
        "price": "$13.43 ($0.84 / Fl Oz)",
        "listPrice": "$16.43 ($1.03 / Fl Oz)",
        "imageUrl": "https://m.media-amazon.com/images/I/316CeWcqtRL._SL160_.jpg",
        "detailPageURL": "https://www.amazon.com/dp/B000NWGCZ2",
        "rating": "4.7",
        "totalReviews": "36989",
        "subtitle": "Vanicream",
        "isPrimeEligible": "1"
    },
    {
        "ASIN": "B000QXGBOU",
        "title": "Clinique Dramatically Different Moisturising Gel with Pump 4.2oz / 125ml",
        "price": "$18.00 ($4.29 / Fl Oz)",
        "listPrice": "$30.00 ($7.14 / Fl Oz)",
        "imageUrl": "https://m.media-amazon.com/images/I/51LCLpDYpbL._SL160_.jpg",
        "detailPageURL": "https://www.amazon.com/dp/B000QXGBOU",
        "rating": "4.7",
        "totalReviews": "2258",
        "subtitle": "Clinique",
        "isPrimeEligible": "1"
    },
    {
        "ASIN": "B0C3LXWJJ7",
        "title": "MAREE Face Moisturizer - Collagen Cream for Women - Anti-Wrinkle Eye Balm with Retinol, Hyaluronic Acid - Day & Night Cream for Face & Under Eye - Instant Face Lift Cream with Hydrating Effect - 1.7oz",
        "price": "$19.95 ($11.74 / Fl Oz)",
        "listPrice": "",
        "imageUrl": "https://m.media-amazon.com/images/I/51v9a26xaEL._SL160_.jpg",
        "detailPageURL": "https://www.amazon.com/dp/B0C3LXWJJ7",
        "rating": "4.5",
        "totalReviews": "433",
        "subtitle": "MAREE",
        "isPrimeEligible": "1"
    },
    {
        "ASIN": "B097NNR535",
        "title": "Neutrogena Hydro Boost Hyaluronic Acid Facial Moisturizer with Broad Spectrum SPF 50 Sunscreen, Daily Water Gel Face Moisturizer to Hydrate & Soothe Dry Skin, Fragrance-Free, 1.7 fl. oz",
        "price": "$16.69 ($9.82 / Fl Oz)",
        "listPrice": "$26.79 ($15.76 / Fl Oz)",
        "imageUrl": "https://m.media-amazon.com/images/I/410N+f6echL._SL160_.jpg",
        "detailPageURL": "https://www.amazon.com/dp/B097NNR535",
        "rating": "4.4",
        "totalReviews": "5320",
        "subtitle": "Neutrogena",
        "isPrimeEligible": "1"
    },
    {
        "ASIN": "B00CWY8OC8",
        "title": "RoC Multi Correxion 5 in 1 Anti-Aging Daily Face Moisturizer with Broad Spectrum SPF 30 & Shea Butter, Skin Care Treatment for Women & Men, 1.7 Ounces (Packaging May Vary)",
        "price": "$17.90 ($10.53 / Ounce)",
        "listPrice": "$29.99 ($17.64 / Ounce)",
        "imageUrl": "https://m.media-amazon.com/images/I/41lRB-JVbbL._SL160_.jpg",
        "detailPageURL": "https://www.amazon.com/dp/B00CWY8OC8",
        "rating": "4.5",
        "totalReviews": "6963",
        "subtitle": "RoC",
        "isPrimeEligible": "1"
    },
    {
        "ASIN": "B000HP9M3E",
        "title": "Jack Black Double-Duty Face Moisturizer SPF 20, 3.3 fl. Oz (Pack of 1)",
        "price": "$30.00 ($9.09 / Fl Oz)",
        "listPrice": "",
        "imageUrl": "https://m.media-amazon.com/images/I/41GKoCcUXiL._SL160_.jpg",
        "detailPageURL": "https://www.amazon.com/dp/B000HP9M3E",
        "rating": "4.7",
        "totalReviews": "8174",
        "subtitle": "",
        "isPrimeEligible": "1"
    },
    {
        "ASIN": "B08C6YB69N",
        "title": "ROVECTIN] Clean Lotus Water Cream- Gentle and Vegan Moisturizer For Skin Purifying (2.1 fl.oz, 60ml)",
        "price": "$20.00 ($10.00 / Fl Oz)",
        "listPrice": "$22.00 ($11.00 / Fl Oz)",
        "imageUrl": "https://m.media-amazon.com/images/I/21gNwgWgDsL._SL160_.jpg",
        "detailPageURL": "https://www.amazon.com/dp/B08C6YB69N",
        "rating": "4.6",
        "totalReviews": "1702",
        "subtitle": "ROVECTIN",
        "isPrimeEligible": "1"
    },
    {
        "ASIN": "B017W3J8TQ",
        "title": "Neutrogena Hydro Boost Hyaluronic Acid Hydrating Water Gel Daily Face Moisturizer for Dry Skin, Oil-Free, Non-Comedogenic Face Lotion, 1.7 fl. oz",
        "price": "$16.09 ($9.46 / Ounce)",
        "listPrice": "$16.97 ($9.98 / Ounce)",
        "imageUrl": "https://m.media-amazon.com/images/I/41uNU9+Dv-L._SL160_.jpg",
        "detailPageURL": "https://www.amazon.com/dp/B017W3J8TQ",
        "rating": "4.6",
        "totalReviews": "9441",
        "subtitle": "Neutrogena",
        "isPrimeEligible": "1"
    },
    {
        "ASIN": "B08ZD7Z497",
        "title": "Mighty Patch Hero Cosmetics Clear Collective Clarifying Prebiotic Moisturizer - Hydrating Daily Face Moisturizer to Purify, Smooth and Soften Skin (2.36 fl oz)",
        "price": "$12.99 ($5.50 / Fl Oz)",
        "listPrice": "",
        "imageUrl": "https://m.media-amazon.com/images/I/21dZCaUANLS._SL160_.jpg",
        "detailPageURL": "https://www.amazon.com/dp/B08ZD7Z497",
        "rating": "4.4",
        "totalReviews": "2574",
        "subtitle": "Mighty Patch",
        "isPrimeEligible": "1"
    },
    {
        "ASIN": "B000NWGCZ2",
        "title": "Vanicream Moisturizing Skin Cream with Pump Dispenser - 16 fl oz (1 lb) - Moisturizer Formulated Without Common Irritants for Those with Sensitive Skin",
        "price": "$13.43 ($0.84 / Fl Oz)",
        "listPrice": "$16.43 ($1.03 / Fl Oz)",
        "imageUrl": "https://m.media-amazon.com/images/I/316CeWcqtRL._SL160_.jpg",
        "detailPageURL": "https://www.amazon.com/dp/B000NWGCZ2",
        "rating": "4.7",
        "totalReviews": "36989",
        "subtitle": "Vanicream",
        "isPrimeEligible": "1"
    },
    {
        "ASIN": "B000QXGBOU",
        "title": "Clinique Dramatically Different Moisturising Gel with Pump 4.2oz / 125ml",
        "price": "$18.00 ($4.29 / Fl Oz)",
        "listPrice": "$30.00 ($7.14 / Fl Oz)",
        "imageUrl": "https://m.media-amazon.com/images/I/51LCLpDYpbL._SL160_.jpg",
        "detailPageURL": "https://www.amazon.com/dp/B000QXGBOU",
        "rating": "4.7",
        "totalReviews": "2258",
        "subtitle": "Clinique",
        "isPrimeEligible": "1"
    },
    {
        "ASIN": "B0C3LXWJJ7",
        "title": "MAREE Face Moisturizer - Collagen Cream for Women - Anti-Wrinkle Eye Balm with Retinol, Hyaluronic Acid - Day & Night Cream for Face & Under Eye - Instant Face Lift Cream with Hydrating Effect - 1.7oz",
        "price": "$19.95 ($11.74 / Fl Oz)",
        "listPrice": "",
        "imageUrl": "https://m.media-amazon.com/images/I/51v9a26xaEL._SL160_.jpg",
        "detailPageURL": "https://www.amazon.com/dp/B0C3LXWJJ7",
        "rating": "4.5",
        "totalReviews": "433",
        "subtitle": "MAREE",
        "isPrimeEligible": "1"
    },
    {
        "ASIN": "B097NNR535",
        "title": "Neutrogena Hydro Boost Hyaluronic Acid Facial Moisturizer with Broad Spectrum SPF 50 Sunscreen, Daily Water Gel Face Moisturizer to Hydrate & Soothe Dry Skin, Fragrance-Free, 1.7 fl. oz",
        "price": "$16.69 ($9.82 / Fl Oz)",
        "listPrice": "$26.79 ($15.76 / Fl Oz)",
        "imageUrl": "https://m.media-amazon.com/images/I/410N+f6echL._SL160_.jpg",
        "detailPageURL": "https://www.amazon.com/dp/B097NNR535",
        "rating": "4.4",
        "totalReviews": "5320",
        "subtitle": "Neutrogena",
        "isPrimeEligible": "1"
    },
    {
        "ASIN": "B00CWY8OC8",
        "title": "RoC Multi Correxion 5 in 1 Anti-Aging Daily Face Moisturizer with Broad Spectrum SPF 30 & Shea Butter, Skin Care Treatment for Women & Men, 1.7 Ounces (Packaging May Vary)",
        "price": "$17.90 ($10.53 / Ounce)",
        "listPrice": "$29.99 ($17.64 / Ounce)",
        "imageUrl": "https://m.media-amazon.com/images/I/41lRB-JVbbL._SL160_.jpg",
        "detailPageURL": "https://www.amazon.com/dp/B00CWY8OC8",
        "rating": "4.5",
        "totalReviews": "6963",
        "subtitle": "RoC",
        "isPrimeEligible": "1"
    },
    {
        "ASIN": "B000HP9M3E",
        "title": "Jack Black Double-Duty Face Moisturizer SPF 20, 3.3 fl. Oz (Pack of 1)",
        "price": "$30.00 ($9.09 / Fl Oz)",
        "listPrice": "",
        "imageUrl": "https://m.media-amazon.com/images/I/41GKoCcUXiL._SL160_.jpg",
        "detailPageURL": "https://www.amazon.com/dp/B000HP9M3E",
        "rating": "4.7",
        "totalReviews": "8174",
        "subtitle": "",
        "isPrimeEligible": "1"
    },
    {
        "ASIN": "B08C6YB69N",
        "title": "ROVECTIN] Clean Lotus Water Cream- Gentle and Vegan Moisturizer For Skin Purifying (2.1 fl.oz, 60ml)",
        "price": "$20.00 ($10.00 / Fl Oz)",
        "listPrice": "$22.00 ($11.00 / Fl Oz)",
        "imageUrl": "https://m.media-amazon.com/images/I/21gNwgWgDsL._SL160_.jpg",
        "detailPageURL": "https://www.amazon.com/dp/B08C6YB69N",
        "rating": "4.6",
        "totalReviews": "1702",
        "subtitle": "ROVECTIN",
        "isPrimeEligible": "1"
    },
    {
        "ASIN": "B017W3J8TQ",
        "title": "Neutrogena Hydro Boost Hyaluronic Acid Hydrating Water Gel Daily Face Moisturizer for Dry Skin, Oil-Free, Non-Comedogenic Face Lotion, 1.7 fl. oz",
        "price": "$16.09 ($9.46 / Ounce)",
        "listPrice": "$16.97 ($9.98 / Ounce)",
        "imageUrl": "https://m.media-amazon.com/images/I/41uNU9+Dv-L._SL160_.jpg",
        "detailPageURL": "https://www.amazon.com/dp/B017W3J8TQ",
        "rating": "4.6",
        "totalReviews": "9441",
        "subtitle": "Neutrogena",
        "isPrimeEligible": "1"
    },
    {
        "ASIN": "B01MG4PSK4",
        "title": "Cetaphil Daily Hydrating Lotion for Face, With Hyaluronic Acid, 3 fl oz, Lasting 24 Hr Hydration, for Combination Skin, No Added Fragrance, Non-Comedogenic",
        "price": "$14.22 ($4.74 / Fl Oz)",
        "listPrice": "$14.97 ($4.99 / Fl Oz)",
        "imageUrl": "https://m.media-amazon.com/images/I/31RMyMAQq6L._SL160_.jpg",
        "detailPageURL": "https://www.amazon.com/dp/B01MG4PSK4",
        "rating": "4.6",
        "totalReviews": "23750",
        "subtitle": "Cetaphil",
        "isPrimeEligible": "1"
    },
    {
        "ASIN": "B000NWGCZ2",
        "title": "Vanicream Moisturizing Skin Cream with Pump Dispenser - 16 fl oz (1 lb) - Moisturizer Formulated Without Common Irritants for Those with Sensitive Skin",
        "price": "$13.43 ($0.84 / Fl Oz)",
        "listPrice": "$16.43 ($1.03 / Fl Oz)",
        "imageUrl": "https://m.media-amazon.com/images/I/316CeWcqtRL._SL160_.jpg",
        "detailPageURL": "https://www.amazon.com/dp/B000NWGCZ2",
        "rating": "4.7",
        "totalReviews": "36989",
        "subtitle": "Vanicream",
        "isPrimeEligible": "1"
    },
    {
        "ASIN": "B000QXGBOU",
        "title": "Clinique Dramatically Different Moisturising Gel with Pump 4.2oz / 125ml",
        "price": "$18.00 ($4.29 / Fl Oz)",
        "listPrice": "$30.00 ($7.14 / Fl Oz)",
        "imageUrl": "https://m.media-amazon.com/images/I/51LCLpDYpbL._SL160_.jpg",
        "detailPageURL": "https://www.amazon.com/dp/B000QXGBOU",
        "rating": "4.7",
        "totalReviews": "2258",
        "subtitle": "Clinique",
        "isPrimeEligible": "1"
    },
    {
        "ASIN": "B0C3LXWJJ7",
        "title": "MAREE Face Moisturizer - Collagen Cream for Women - Anti-Wrinkle Eye Balm with Retinol, Hyaluronic Acid - Day & Night Cream for Face & Under Eye - Instant Face Lift Cream with Hydrating Effect - 1.7oz",
        "price": "$19.95 ($11.74 / Fl Oz)",
        "listPrice": "",
        "imageUrl": "https://m.media-amazon.com/images/I/51v9a26xaEL._SL160_.jpg",
        "detailPageURL": "https://www.amazon.com/dp/B0C3LXWJJ7",
        "rating": "4.5",
        "totalReviews": "433",
        "subtitle": "MAREE",
        "isPrimeEligible": "1"
    },
    {
        "ASIN": "B097NNR535",
        "title": "Neutrogena Hydro Boost Hyaluronic Acid Facial Moisturizer with Broad Spectrum SPF 50 Sunscreen, Daily Water Gel Face Moisturizer to Hydrate & Soothe Dry Skin, Fragrance-Free, 1.7 fl. oz",
        "price": "$16.69 ($9.82 / Fl Oz)",
        "listPrice": "$26.79 ($15.76 / Fl Oz)",
        "imageUrl": "https://m.media-amazon.com/images/I/410N+f6echL._SL160_.jpg",
        "detailPageURL": "https://www.amazon.com/dp/B097NNR535",
        "rating": "4.4",
        "totalReviews": "5320",
        "subtitle": "Neutrogena",
        "isPrimeEligible": "1"
    },
    {
        "ASIN": "B00CWY8OC8",
        "title": "RoC Multi Correxion 5 in 1 Anti-Aging Daily Face Moisturizer with Broad Spectrum SPF 30 & Shea Butter, Skin Care Treatment for Women & Men, 1.7 Ounces (Packaging May Vary)",
        "price": "$17.90 ($10.53 / Ounce)",
        "listPrice": "$29.99 ($17.64 / Ounce)",
        "imageUrl": "https://m.media-amazon.com/images/I/41lRB-JVbbL._SL160_.jpg",
        "detailPageURL": "https://www.amazon.com/dp/B00CWY8OC8",
        "rating": "4.5",
        "totalReviews": "6963",
        "subtitle": "RoC",
        "isPrimeEligible": "1"
    },
    {
        "ASIN": "B000HP9M3E",
        "title": "Jack Black Double-Duty Face Moisturizer SPF 20, 3.3 fl. Oz (Pack of 1)",
        "price": "$30.00 ($9.09 / Fl Oz)",
        "listPrice": "",
        "imageUrl": "https://m.media-amazon.com/images/I/41GKoCcUXiL._SL160_.jpg",
        "detailPageURL": "https://www.amazon.com/dp/B000HP9M3E",
        "rating": "4.7",
        "totalReviews": "8174",
        "subtitle": "",
        "isPrimeEligible": "1"
    },
    {
        "ASIN": "B08C6YB69N",
        "title": "ROVECTIN] Clean Lotus Water Cream- Gentle and Vegan Moisturizer For Skin Purifying (2.1 fl.oz, 60ml)",
        "price": "$20.00 ($10.00 / Fl Oz)",
        "listPrice": "$22.00 ($11.00 / Fl Oz)",
        "imageUrl": "https://m.media-amazon.com/images/I/21gNwgWgDsL._SL160_.jpg",
        "detailPageURL": "https://www.amazon.com/dp/B08C6YB69N",
        "rating": "4.6",
        "totalReviews": "1702",
        "subtitle": "ROVECTIN",
        "isPrimeEligible": "1"
    },
    {
        "ASIN": "B017W3J8TQ",
        "title": "Neutrogena Hydro Boost Hyaluronic Acid Hydrating Water Gel Daily Face Moisturizer for Dry Skin, Oil-Free, Non-Comedogenic Face Lotion, 1.7 fl. oz",
        "price": "$16.09 ($9.46 / Ounce)",
        "listPrice": "$16.97 ($9.98 / Ounce)",
        "imageUrl": "https://m.media-amazon.com/images/I/41uNU9+Dv-L._SL160_.jpg",
        "detailPageURL": "https://www.amazon.com/dp/B017W3J8TQ",
        "rating": "4.6",
        "totalReviews": "9441",
        "subtitle": "Neutrogena",
        "isPrimeEligible": "1"
    },
    {
        "ASIN": "B01MG4PSK4",
        "title": "Cetaphil Daily Hydrating Lotion for Face, With Hyaluronic Acid, 3 fl oz, Lasting 24 Hr Hydration, for Combination Skin, No Added Fragrance, Non-Comedogenic",
        "price": "$14.22 ($4.74 / Fl Oz)",
        "listPrice": "$14.97 ($4.99 / Fl Oz)",
        "imageUrl": "https://m.media-amazon.com/images/I/31RMyMAQq6L._SL160_.jpg",
        "detailPageURL": "https://www.amazon.com/dp/B01MG4PSK4",
        "rating": "4.6",
        "totalReviews": "23750",
        "subtitle": "Cetaphil",
        "isPrimeEligible": "1"
    },
    {
        "ASIN": "B085JNJG9V",
        "title": "belif The True Cream Aqua Bomb | Rich yet Weightless Face Moisturizer for Combination to Oily Skin | Antioxidants, Lady Mantle & Oat Husk | Daily Hydrating Facial Cream Minimizes Pores",
        "price": "$38.00 ($22.35 / Fl Oz)",
        "listPrice": "",
        "imageUrl": "https://m.media-amazon.com/images/I/41uFtT2rh-L._SL160_.jpg",
        "detailPageURL": "https://www.amazon.com/dp/B085JNJG9V",
        "rating": "4.8",
        "totalReviews": "2972",
        "subtitle": "",
        "isPrimeEligible": "1"
    },
    {
        "ASIN": "B000QXGBOU",
        "title": "Clinique Dramatically Different Moisturising Gel with Pump 4.2oz / 125ml",
        "price": "$18.00 ($4.29 / Fl Oz)",
        "listPrice": "$30.00 ($7.14 / Fl Oz)",
        "imageUrl": "https://m.media-amazon.com/images/I/51LCLpDYpbL._SL160_.jpg",
        "detailPageURL": "https://www.amazon.com/dp/B000QXGBOU",
        "rating": "4.7",
        "totalReviews": "2258",
        "subtitle": "Clinique",
        "isPrimeEligible": "1"
    },
    {
        "ASIN": "B0C3LXWJJ7",
        "title": "MAREE Face Moisturizer - Collagen Cream for Women - Anti-Wrinkle Eye Balm with Retinol, Hyaluronic Acid - Day & Night Cream for Face & Under Eye - Instant Face Lift Cream with Hydrating Effect - 1.7oz",
        "price": "$19.95 ($11.74 / Fl Oz)",
        "listPrice": "",
        "imageUrl": "https://m.media-amazon.com/images/I/51v9a26xaEL._SL160_.jpg",
        "detailPageURL": "https://www.amazon.com/dp/B0C3LXWJJ7",
        "rating": "4.5",
        "totalReviews": "433",
        "subtitle": "MAREE",
        "isPrimeEligible": "1"
    },
    {
        "ASIN": "B097NNR535",
        "title": "Neutrogena Hydro Boost Hyaluronic Acid Facial Moisturizer with Broad Spectrum SPF 50 Sunscreen, Daily Water Gel Face Moisturizer to Hydrate & Soothe Dry Skin, Fragrance-Free, 1.7 fl. oz",
        "price": "$16.69 ($9.82 / Fl Oz)",
        "listPrice": "$26.79 ($15.76 / Fl Oz)",
        "imageUrl": "https://m.media-amazon.com/images/I/410N+f6echL._SL160_.jpg",
        "detailPageURL": "https://www.amazon.com/dp/B097NNR535",
        "rating": "4.4",
        "totalReviews": "5320",
        "subtitle": "Neutrogena",
        "isPrimeEligible": "1"
    },
    {
        "ASIN": "B00CWY8OC8",
        "title": "RoC Multi Correxion 5 in 1 Anti-Aging Daily Face Moisturizer with Broad Spectrum SPF 30 & Shea Butter, Skin Care Treatment for Women & Men, 1.7 Ounces (Packaging May Vary)",
        "price": "$17.90 ($10.53 / Ounce)",
        "listPrice": "$29.99 ($17.64 / Ounce)",
        "imageUrl": "https://m.media-amazon.com/images/I/41lRB-JVbbL._SL160_.jpg",
        "detailPageURL": "https://www.amazon.com/dp/B00CWY8OC8",
        "rating": "4.5",
        "totalReviews": "6963",
        "subtitle": "RoC",
        "isPrimeEligible": "1"
    },
    {
        "ASIN": "B000HP9M3E",
        "title": "Jack Black Double-Duty Face Moisturizer SPF 20, 3.3 fl. Oz (Pack of 1)",
        "price": "$30.00 ($9.09 / Fl Oz)",
        "listPrice": "",
        "imageUrl": "https://m.media-amazon.com/images/I/41GKoCcUXiL._SL160_.jpg",
        "detailPageURL": "https://www.amazon.com/dp/B000HP9M3E",
        "rating": "4.7",
        "totalReviews": "8174",
        "subtitle": "",
        "isPrimeEligible": "1"
    },
    {
        "ASIN": "B08C6YB69N",
        "title": "ROVECTIN] Clean Lotus Water Cream- Gentle and Vegan Moisturizer For Skin Purifying (2.1 fl.oz, 60ml)",
        "price": "$20.00 ($10.00 / Fl Oz)",
        "listPrice": "$22.00 ($11.00 / Fl Oz)",
        "imageUrl": "https://m.media-amazon.com/images/I/21gNwgWgDsL._SL160_.jpg",
        "detailPageURL": "https://www.amazon.com/dp/B08C6YB69N",
        "rating": "4.6",
        "totalReviews": "1702",
        "subtitle": "ROVECTIN",
        "isPrimeEligible": "1"
    },
    {
        "ASIN": "B017W3J8TQ",
        "title": "Neutrogena Hydro Boost Hyaluronic Acid Hydrating Water Gel Daily Face Moisturizer for Dry Skin, Oil-Free, Non-Comedogenic Face Lotion, 1.7 fl. oz",
        "price": "$16.09 ($9.46 / Ounce)",
        "listPrice": "$16.97 ($9.98 / Ounce)",
        "imageUrl": "https://m.media-amazon.com/images/I/41uNU9+Dv-L._SL160_.jpg",
        "detailPageURL": "https://www.amazon.com/dp/B017W3J8TQ",
        "rating": "4.6",
        "totalReviews": "9441",
        "subtitle": "Neutrogena",
        "isPrimeEligible": "1"
    },
    {
        "ASIN": "B01MG4PSK4",
        "title": "Cetaphil Daily Hydrating Lotion for Face, With Hyaluronic Acid, 3 fl oz, Lasting 24 Hr Hydration, for Combination Skin, No Added Fragrance, Non-Comedogenic",
        "price": "$14.22 ($4.74 / Fl Oz)",
        "listPrice": "$14.97 ($4.99 / Fl Oz)",
        "imageUrl": "https://m.media-amazon.com/images/I/31RMyMAQq6L._SL160_.jpg",
        "detailPageURL": "https://www.amazon.com/dp/B01MG4PSK4",
        "rating": "4.6",
        "totalReviews": "23750",
        "subtitle": "Cetaphil",
        "isPrimeEligible": "1"
    },
    {
        "ASIN": "B085JNJG9V",
        "title": "belif The True Cream Aqua Bomb | Rich yet Weightless Face Moisturizer for Combination to Oily Skin | Antioxidants, Lady Mantle & Oat Husk | Daily Hydrating Facial Cream Minimizes Pores",
        "price": "$38.00 ($22.35 / Fl Oz)",
        "listPrice": "",
        "imageUrl": "https://m.media-amazon.com/images/I/41uFtT2rh-L._SL160_.jpg",
        "detailPageURL": "https://www.amazon.com/dp/B085JNJG9V",
        "rating": "4.8",
        "totalReviews": "2972",
        "subtitle": "",
        "isPrimeEligible": "1"
    },
    {
        "ASIN": "B004D2C57M",
        "title": "Neutrogena Rapid Wrinkle Repair Retinol Face Moisturizer with SPF 30 Sunscreen, Daily Anti-Aging Face Cream with Retinol & Hyaluronic Acid to Fight Fine Lines, Wrinkles, & Dark Spots, 1 fl. oz",
        "price": "$17.18",
        "listPrice": "$29.49",
        "imageUrl": "https://m.media-amazon.com/images/I/410334WLDrL._SL160_.jpg",
        "detailPageURL": "https://www.amazon.com/dp/B004D2C57M",
        "rating": "4.4",
        "totalReviews": "15966",
        "subtitle": "Neutrogena",
        "isPrimeEligible": "1"
    },
    {
        "ASIN": "B0C3LXWJJ7",
        "title": "MAREE Face Moisturizer - Collagen Cream for Women - Anti-Wrinkle Eye Balm with Retinol, Hyaluronic Acid - Day & Night Cream for Face & Under Eye - Instant Face Lift Cream with Hydrating Effect - 1.7oz",
        "price": "$19.95 ($11.74 / Fl Oz)",
        "listPrice": "",
        "imageUrl": "https://m.media-amazon.com/images/I/51v9a26xaEL._SL160_.jpg",
        "detailPageURL": "https://www.amazon.com/dp/B0C3LXWJJ7",
        "rating": "4.5",
        "totalReviews": "433",
        "subtitle": "MAREE",
        "isPrimeEligible": "1"
    },
    {
        "ASIN": "B097NNR535",
        "title": "Neutrogena Hydro Boost Hyaluronic Acid Facial Moisturizer with Broad Spectrum SPF 50 Sunscreen, Daily Water Gel Face Moisturizer to Hydrate & Soothe Dry Skin, Fragrance-Free, 1.7 fl. oz",
        "price": "$16.69 ($9.82 / Fl Oz)",
        "listPrice": "$26.79 ($15.76 / Fl Oz)",
        "imageUrl": "https://m.media-amazon.com/images/I/410N+f6echL._SL160_.jpg",
        "detailPageURL": "https://www.amazon.com/dp/B097NNR535",
        "rating": "4.4",
        "totalReviews": "5320",
        "subtitle": "Neutrogena",
        "isPrimeEligible": "1"
    },
    {
        "ASIN": "B00CWY8OC8",
        "title": "RoC Multi Correxion 5 in 1 Anti-Aging Daily Face Moisturizer with Broad Spectrum SPF 30 & Shea Butter, Skin Care Treatment for Women & Men, 1.7 Ounces (Packaging May Vary)",
        "price": "$17.90 ($10.53 / Ounce)",
        "listPrice": "$29.99 ($17.64 / Ounce)",
        "imageUrl": "https://m.media-amazon.com/images/I/41lRB-JVbbL._SL160_.jpg",
        "detailPageURL": "https://www.amazon.com/dp/B00CWY8OC8",
        "rating": "4.5",
        "totalReviews": "6963",
        "subtitle": "RoC",
        "isPrimeEligible": "1"
    },
    {
        "ASIN": "B000HP9M3E",
        "title": "Jack Black Double-Duty Face Moisturizer SPF 20, 3.3 fl. Oz (Pack of 1)",
        "price": "$30.00 ($9.09 / Fl Oz)",
        "listPrice": "",
        "imageUrl": "https://m.media-amazon.com/images/I/41GKoCcUXiL._SL160_.jpg",
        "detailPageURL": "https://www.amazon.com/dp/B000HP9M3E",
        "rating": "4.7",
        "totalReviews": "8174",
        "subtitle": "",
        "isPrimeEligible": "1"
    },
    {
        "ASIN": "B08C6YB69N",
        "title": "ROVECTIN] Clean Lotus Water Cream- Gentle and Vegan Moisturizer For Skin Purifying (2.1 fl.oz, 60ml)",
        "price": "$20.00 ($10.00 / Fl Oz)",
        "listPrice": "$22.00 ($11.00 / Fl Oz)",
        "imageUrl": "https://m.media-amazon.com/images/I/21gNwgWgDsL._SL160_.jpg",
        "detailPageURL": "https://www.amazon.com/dp/B08C6YB69N",
        "rating": "4.6",
        "totalReviews": "1702",
        "subtitle": "ROVECTIN",
        "isPrimeEligible": "1"
    },
    {
        "ASIN": "B017W3J8TQ",
        "title": "Neutrogena Hydro Boost Hyaluronic Acid Hydrating Water Gel Daily Face Moisturizer for Dry Skin, Oil-Free, Non-Comedogenic Face Lotion, 1.7 fl. oz",
        "price": "$16.09 ($9.46 / Ounce)",
        "listPrice": "$16.97 ($9.98 / Ounce)",
        "imageUrl": "https://m.media-amazon.com/images/I/41uNU9+Dv-L._SL160_.jpg",
        "detailPageURL": "https://www.amazon.com/dp/B017W3J8TQ",
        "rating": "4.6",
        "totalReviews": "9441",
        "subtitle": "Neutrogena",
        "isPrimeEligible": "1"
    },
    {
        "ASIN": "B01MG4PSK4",
        "title": "Cetaphil Daily Hydrating Lotion for Face, With Hyaluronic Acid, 3 fl oz, Lasting 24 Hr Hydration, for Combination Skin, No Added Fragrance, Non-Comedogenic",
        "price": "$14.22 ($4.74 / Fl Oz)",
        "listPrice": "$14.97 ($4.99 / Fl Oz)",
        "imageUrl": "https://m.media-amazon.com/images/I/31RMyMAQq6L._SL160_.jpg",
        "detailPageURL": "https://www.amazon.com/dp/B01MG4PSK4",
        "rating": "4.6",
        "totalReviews": "23750",
        "subtitle": "Cetaphil",
        "isPrimeEligible": "1"
    },
    {
        "ASIN": "B085JNJG9V",
        "title": "belif The True Cream Aqua Bomb | Rich yet Weightless Face Moisturizer for Combination to Oily Skin | Antioxidants, Lady Mantle & Oat Husk | Daily Hydrating Facial Cream Minimizes Pores",
        "price": "$38.00 ($22.35 / Fl Oz)",
        "listPrice": "",
        "imageUrl": "https://m.media-amazon.com/images/I/41uFtT2rh-L._SL160_.jpg",
        "detailPageURL": "https://www.amazon.com/dp/B085JNJG9V",
        "rating": "4.8",
        "totalReviews": "2972",
        "subtitle": "",
        "isPrimeEligible": "1"
    },
    {
        "ASIN": "B004D2C57M",
        "title": "Neutrogena Rapid Wrinkle Repair Retinol Face Moisturizer with SPF 30 Sunscreen, Daily Anti-Aging Face Cream with Retinol & Hyaluronic Acid to Fight Fine Lines, Wrinkles, & Dark Spots, 1 fl. oz",
        "price": "$17.18",
        "listPrice": "$29.49",
        "imageUrl": "https://m.media-amazon.com/images/I/410334WLDrL._SL160_.jpg",
        "detailPageURL": "https://www.amazon.com/dp/B004D2C57M",
        "rating": "4.4",
        "totalReviews": "15966",
        "subtitle": "Neutrogena",
        "isPrimeEligible": "1"
    },
    {
        "ASIN": "B01D1DQSIA",
        "title": "e.l.f. SKIN Daily Hydration Moisturizer, Ultra-Hydrating Formula, Infused with Aloe, Jojoba Oil & Shea Butter, Vegan & Cruelty-Free, 2.53 Fl Oz",
        "price": "$8.00 ($3.16 / Fl Oz)",
        "listPrice": "",
        "imageUrl": "https://m.media-amazon.com/images/I/215fzobsWPL._SL160_.jpg",
        "detailPageURL": "https://www.amazon.com/dp/B01D1DQSIA",
        "rating": "4.6",
        "totalReviews": "7272",
        "subtitle": "e.l.f.",
        "isPrimeEligible": "1"
    },
    {
        "ASIN": "B097NNR535",
        "title": "Neutrogena Hydro Boost Hyaluronic Acid Facial Moisturizer with Broad Spectrum SPF 50 Sunscreen, Daily Water Gel Face Moisturizer to Hydrate & Soothe Dry Skin, Fragrance-Free, 1.7 fl. oz",
        "price": "$16.69 ($9.82 / Fl Oz)",
        "listPrice": "$26.79 ($15.76 / Fl Oz)",
        "imageUrl": "https://m.media-amazon.com/images/I/410N+f6echL._SL160_.jpg",
        "detailPageURL": "https://www.amazon.com/dp/B097NNR535",
        "rating": "4.4",
        "totalReviews": "5320",
        "subtitle": "Neutrogena",
        "isPrimeEligible": "1"
    },
    {
        "ASIN": "B00CWY8OC8",
        "title": "RoC Multi Correxion 5 in 1 Anti-Aging Daily Face Moisturizer with Broad Spectrum SPF 30 & Shea Butter, Skin Care Treatment for Women & Men, 1.7 Ounces (Packaging May Vary)",
        "price": "$17.90 ($10.53 / Ounce)",
        "listPrice": "$29.99 ($17.64 / Ounce)",
        "imageUrl": "https://m.media-amazon.com/images/I/41lRB-JVbbL._SL160_.jpg",
        "detailPageURL": "https://www.amazon.com/dp/B00CWY8OC8",
        "rating": "4.5",
        "totalReviews": "6963",
        "subtitle": "RoC",
        "isPrimeEligible": "1"
    },
    {
        "ASIN": "B000HP9M3E",
        "title": "Jack Black Double-Duty Face Moisturizer SPF 20, 3.3 fl. Oz (Pack of 1)",
        "price": "$30.00 ($9.09 / Fl Oz)",
        "listPrice": "",
        "imageUrl": "https://m.media-amazon.com/images/I/41GKoCcUXiL._SL160_.jpg",
        "detailPageURL": "https://www.amazon.com/dp/B000HP9M3E",
        "rating": "4.7",
        "totalReviews": "8174",
        "subtitle": "",
        "isPrimeEligible": "1"
    },
    {
        "ASIN": "B08C6YB69N",
        "title": "ROVECTIN] Clean Lotus Water Cream- Gentle and Vegan Moisturizer For Skin Purifying (2.1 fl.oz, 60ml)",
        "price": "$20.00 ($10.00 / Fl Oz)",
        "listPrice": "$22.00 ($11.00 / Fl Oz)",
        "imageUrl": "https://m.media-amazon.com/images/I/21gNwgWgDsL._SL160_.jpg",
        "detailPageURL": "https://www.amazon.com/dp/B08C6YB69N",
        "rating": "4.6",
        "totalReviews": "1702",
        "subtitle": "ROVECTIN",
        "isPrimeEligible": "1"
    },
    {
        "ASIN": "B017W3J8TQ",
        "title": "Neutrogena Hydro Boost Hyaluronic Acid Hydrating Water Gel Daily Face Moisturizer for Dry Skin, Oil-Free, Non-Comedogenic Face Lotion, 1.7 fl. oz",
        "price": "$16.09 ($9.46 / Ounce)",
        "listPrice": "$16.97 ($9.98 / Ounce)",
        "imageUrl": "https://m.media-amazon.com/images/I/41uNU9+Dv-L._SL160_.jpg",
        "detailPageURL": "https://www.amazon.com/dp/B017W3J8TQ",
        "rating": "4.6",
        "totalReviews": "9441",
        "subtitle": "Neutrogena",
        "isPrimeEligible": "1"
    },
    {
        "ASIN": "B01MG4PSK4",
        "title": "Cetaphil Daily Hydrating Lotion for Face, With Hyaluronic Acid, 3 fl oz, Lasting 24 Hr Hydration, for Combination Skin, No Added Fragrance, Non-Comedogenic",
        "price": "$14.22 ($4.74 / Fl Oz)",
        "listPrice": "$14.97 ($4.99 / Fl Oz)",
        "imageUrl": "https://m.media-amazon.com/images/I/31RMyMAQq6L._SL160_.jpg",
        "detailPageURL": "https://www.amazon.com/dp/B01MG4PSK4",
        "rating": "4.6",
        "totalReviews": "23750",
        "subtitle": "Cetaphil",
        "isPrimeEligible": "1"
    },
    {
        "ASIN": "B085JNJG9V",
        "title": "belif The True Cream Aqua Bomb | Rich yet Weightless Face Moisturizer for Combination to Oily Skin | Antioxidants, Lady Mantle & Oat Husk | Daily Hydrating Facial Cream Minimizes Pores",
        "price": "$38.00 ($22.35 / Fl Oz)",
        "listPrice": "",
        "imageUrl": "https://m.media-amazon.com/images/I/41uFtT2rh-L._SL160_.jpg",
        "detailPageURL": "https://www.amazon.com/dp/B085JNJG9V",
        "rating": "4.8",
        "totalReviews": "2972",
        "subtitle": "",
        "isPrimeEligible": "1"
    },
    {
        "ASIN": "B004D2C57M",
        "title": "Neutrogena Rapid Wrinkle Repair Retinol Face Moisturizer with SPF 30 Sunscreen, Daily Anti-Aging Face Cream with Retinol & Hyaluronic Acid to Fight Fine Lines, Wrinkles, & Dark Spots, 1 fl. oz",
        "price": "$17.18",
        "listPrice": "$29.49",
        "imageUrl": "https://m.media-amazon.com/images/I/410334WLDrL._SL160_.jpg",
        "detailPageURL": "https://www.amazon.com/dp/B004D2C57M",
        "rating": "4.4",
        "totalReviews": "15966",
        "subtitle": "Neutrogena",
        "isPrimeEligible": "1"
    },
    {
        "ASIN": "B01D1DQSIA",
        "title": "e.l.f. SKIN Daily Hydration Moisturizer, Ultra-Hydrating Formula, Infused with Aloe, Jojoba Oil & Shea Butter, Vegan & Cruelty-Free, 2.53 Fl Oz",
        "price": "$8.00 ($3.16 / Fl Oz)",
        "listPrice": "",
        "imageUrl": "https://m.media-amazon.com/images/I/215fzobsWPL._SL160_.jpg",
        "detailPageURL": "https://www.amazon.com/dp/B01D1DQSIA",
        "rating": "4.6",
        "totalReviews": "7272",
        "subtitle": "e.l.f.",
        "isPrimeEligible": "1"
    },
    {
        "ASIN": "B0825QX28D",
        "title": "L'Oreal Paris Revitalift Triple Power Anti-Aging Face Moisturizer, Pro Retinol, Hyaluronic Acid & Vitamin C, Reduce Wrinkles, Fragrance Free 1.7 Oz",
        "price": "$20.16 ($11.86 / Ounce)",
        "listPrice": "$27.99 ($16.46 / Ounce)",
        "imageUrl": "https://m.media-amazon.com/images/I/41MwJSi3NHL._SL160_.jpg",
        "detailPageURL": "https://www.amazon.com/dp/B0825QX28D",
        "rating": "4.5",
        "totalReviews": "38638",
        "subtitle": "L\u2019Or\u00e9al Paris",
        "isPrimeEligible": "1"
    },
    {
        "ASIN": "B00CWY8OC8",
        "title": "RoC Multi Correxion 5 in 1 Anti-Aging Daily Face Moisturizer with Broad Spectrum SPF 30 & Shea Butter, Skin Care Treatment for Women & Men, 1.7 Ounces (Packaging May Vary)",
        "price": "$17.90 ($10.53 / Ounce)",
        "listPrice": "$29.99 ($17.64 / Ounce)",
        "imageUrl": "https://m.media-amazon.com/images/I/41lRB-JVbbL._SL160_.jpg",
        "detailPageURL": "https://www.amazon.com/dp/B00CWY8OC8",
        "rating": "4.5",
        "totalReviews": "6963",
        "subtitle": "RoC",
        "isPrimeEligible": "1"
    },
    {
        "ASIN": "B000HP9M3E",
        "title": "Jack Black Double-Duty Face Moisturizer SPF 20, 3.3 fl. Oz (Pack of 1)",
        "price": "$30.00 ($9.09 / Fl Oz)",
        "listPrice": "",
        "imageUrl": "https://m.media-amazon.com/images/I/41GKoCcUXiL._SL160_.jpg",
        "detailPageURL": "https://www.amazon.com/dp/B000HP9M3E",
        "rating": "4.7",
        "totalReviews": "8174",
        "subtitle": "",
        "isPrimeEligible": "1"
    },
    {
        "ASIN": "B08C6YB69N",
        "title": "ROVECTIN] Clean Lotus Water Cream- Gentle and Vegan Moisturizer For Skin Purifying (2.1 fl.oz, 60ml)",
        "price": "$20.00 ($10.00 / Fl Oz)",
        "listPrice": "$22.00 ($11.00 / Fl Oz)",
        "imageUrl": "https://m.media-amazon.com/images/I/21gNwgWgDsL._SL160_.jpg",
        "detailPageURL": "https://www.amazon.com/dp/B08C6YB69N",
        "rating": "4.6",
        "totalReviews": "1702",
        "subtitle": "ROVECTIN",
        "isPrimeEligible": "1"
    },
    {
        "ASIN": "B017W3J8TQ",
        "title": "Neutrogena Hydro Boost Hyaluronic Acid Hydrating Water Gel Daily Face Moisturizer for Dry Skin, Oil-Free, Non-Comedogenic Face Lotion, 1.7 fl. oz",
        "price": "$16.09 ($9.46 / Ounce)",
        "listPrice": "$16.97 ($9.98 / Ounce)",
        "imageUrl": "https://m.media-amazon.com/images/I/41uNU9+Dv-L._SL160_.jpg",
        "detailPageURL": "https://www.amazon.com/dp/B017W3J8TQ",
        "rating": "4.6",
        "totalReviews": "9441",
        "subtitle": "Neutrogena",
        "isPrimeEligible": "1"
    },
    {
        "ASIN": "B01MG4PSK4",
        "title": "Cetaphil Daily Hydrating Lotion for Face, With Hyaluronic Acid, 3 fl oz, Lasting 24 Hr Hydration, for Combination Skin, No Added Fragrance, Non-Comedogenic",
        "price": "$14.22 ($4.74 / Fl Oz)",
        "listPrice": "$14.97 ($4.99 / Fl Oz)",
        "imageUrl": "https://m.media-amazon.com/images/I/31RMyMAQq6L._SL160_.jpg",
        "detailPageURL": "https://www.amazon.com/dp/B01MG4PSK4",
        "rating": "4.6",
        "totalReviews": "23750",
        "subtitle": "Cetaphil",
        "isPrimeEligible": "1"
    },
    {
        "ASIN": "B085JNJG9V",
        "title": "belif The True Cream Aqua Bomb | Rich yet Weightless Face Moisturizer for Combination to Oily Skin | Antioxidants, Lady Mantle & Oat Husk | Daily Hydrating Facial Cream Minimizes Pores",
        "price": "$38.00 ($22.35 / Fl Oz)",
        "listPrice": "",
        "imageUrl": "https://m.media-amazon.com/images/I/41uFtT2rh-L._SL160_.jpg",
        "detailPageURL": "https://www.amazon.com/dp/B085JNJG9V",
        "rating": "4.8",
        "totalReviews": "2972",
        "subtitle": "",
        "isPrimeEligible": "1"
    },
    {
        "ASIN": "B004D2C57M",
        "title": "Neutrogena Rapid Wrinkle Repair Retinol Face Moisturizer with SPF 30 Sunscreen, Daily Anti-Aging Face Cream with Retinol & Hyaluronic Acid to Fight Fine Lines, Wrinkles, & Dark Spots, 1 fl. oz",
        "price": "$17.18",
        "listPrice": "$29.49",
        "imageUrl": "https://m.media-amazon.com/images/I/410334WLDrL._SL160_.jpg",
        "detailPageURL": "https://www.amazon.com/dp/B004D2C57M",
        "rating": "4.4",
        "totalReviews": "15966",
        "subtitle": "Neutrogena",
        "isPrimeEligible": "1"
    },
    {
        "ASIN": "B01D1DQSIA",
        "title": "e.l.f. SKIN Daily Hydration Moisturizer, Ultra-Hydrating Formula, Infused with Aloe, Jojoba Oil & Shea Butter, Vegan & Cruelty-Free, 2.53 Fl Oz",
        "price": "$8.00 ($3.16 / Fl Oz)",
        "listPrice": "",
        "imageUrl": "https://m.media-amazon.com/images/I/215fzobsWPL._SL160_.jpg",
        "detailPageURL": "https://www.amazon.com/dp/B01D1DQSIA",
        "rating": "4.6",
        "totalReviews": "7272",
        "subtitle": "e.l.f.",
        "isPrimeEligible": "1"
    },
    {
        "ASIN": "B0825QX28D",
        "title": "L'Oreal Paris Revitalift Triple Power Anti-Aging Face Moisturizer, Pro Retinol, Hyaluronic Acid & Vitamin C, Reduce Wrinkles, Fragrance Free 1.7 Oz",
        "price": "$20.16 ($11.86 / Ounce)",
        "listPrice": "$27.99 ($16.46 / Ounce)",
        "imageUrl": "https://m.media-amazon.com/images/I/41MwJSi3NHL._SL160_.jpg",
        "detailPageURL": "https://www.amazon.com/dp/B0825QX28D",
        "rating": "4.5",
        "totalReviews": "38638",
        "subtitle": "L\u2019Or\u00e9al Paris",
        "isPrimeEligible": "1"
    },
    {
        "ASIN": "B003Z4QHP0",
        "title": "Acure Brightening Day Cream Set - Radiant Skin Day Cream with Cica & Argan Oil - Moisturizes, Evens Tone - 100% Vegan Formula - All Skin Types - Soothing & Nourishing Ingredients - 1.7 Fl Oz",
        "price": "$15.57 ($9.16 / Fl Oz)",
        "listPrice": "$19.99 ($11.76 / Fl Oz)",
        "imageUrl": "https://m.media-amazon.com/images/I/41DFJVlff1L._SL160_.jpg",
        "detailPageURL": "https://www.amazon.com/dp/B003Z4QHP0",
        "rating": "4.4",
        "totalReviews": "2849",
        "subtitle": "Acure",
        "isPrimeEligible": "1"
    },
    {
        "ASIN": "B000HP9M3E",
        "title": "Jack Black Double-Duty Face Moisturizer SPF 20, 3.3 fl. Oz (Pack of 1)",
        "price": "$30.00 ($9.09 / Fl Oz)",
        "listPrice": "",
        "imageUrl": "https://m.media-amazon.com/images/I/41GKoCcUXiL._SL160_.jpg",
        "detailPageURL": "https://www.amazon.com/dp/B000HP9M3E",
        "rating": "4.7",
        "totalReviews": "8174",
        "subtitle": "",
        "isPrimeEligible": "1"
    },
    {
        "ASIN": "B08C6YB69N",
        "title": "ROVECTIN] Clean Lotus Water Cream- Gentle and Vegan Moisturizer For Skin Purifying (2.1 fl.oz, 60ml)",
        "price": "$20.00 ($10.00 / Fl Oz)",
        "listPrice": "$22.00 ($11.00 / Fl Oz)",
        "imageUrl": "https://m.media-amazon.com/images/I/21gNwgWgDsL._SL160_.jpg",
        "detailPageURL": "https://www.amazon.com/dp/B08C6YB69N",
        "rating": "4.6",
        "totalReviews": "1702",
        "subtitle": "ROVECTIN",
        "isPrimeEligible": "1"
    },
    {
        "ASIN": "B017W3J8TQ",
        "title": "Neutrogena Hydro Boost Hyaluronic Acid Hydrating Water Gel Daily Face Moisturizer for Dry Skin, Oil-Free, Non-Comedogenic Face Lotion, 1.7 fl. oz",
        "price": "$16.09 ($9.46 / Ounce)",
        "listPrice": "$16.97 ($9.98 / Ounce)",
        "imageUrl": "https://m.media-amazon.com/images/I/41uNU9+Dv-L._SL160_.jpg",
        "detailPageURL": "https://www.amazon.com/dp/B017W3J8TQ",
        "rating": "4.6",
        "totalReviews": "9441",
        "subtitle": "Neutrogena",
        "isPrimeEligible": "1"
    },
    {
        "ASIN": "B01MG4PSK4",
        "title": "Cetaphil Daily Hydrating Lotion for Face, With Hyaluronic Acid, 3 fl oz, Lasting 24 Hr Hydration, for Combination Skin, No Added Fragrance, Non-Comedogenic",
        "price": "$14.22 ($4.74 / Fl Oz)",
        "listPrice": "$14.97 ($4.99 / Fl Oz)",
        "imageUrl": "https://m.media-amazon.com/images/I/31RMyMAQq6L._SL160_.jpg",
        "detailPageURL": "https://www.amazon.com/dp/B01MG4PSK4",
        "rating": "4.6",
        "totalReviews": "23750",
        "subtitle": "Cetaphil",
        "isPrimeEligible": "1"
    },
    {
        "ASIN": "B085JNJG9V",
        "title": "belif The True Cream Aqua Bomb | Rich yet Weightless Face Moisturizer for Combination to Oily Skin | Antioxidants, Lady Mantle & Oat Husk | Daily Hydrating Facial Cream Minimizes Pores",
        "price": "$38.00 ($22.35 / Fl Oz)",
        "listPrice": "",
        "imageUrl": "https://m.media-amazon.com/images/I/41uFtT2rh-L._SL160_.jpg",
        "detailPageURL": "https://www.amazon.com/dp/B085JNJG9V",
        "rating": "4.8",
        "totalReviews": "2972",
        "subtitle": "",
        "isPrimeEligible": "1"
    },
    {
        "ASIN": "B004D2C57M",
        "title": "Neutrogena Rapid Wrinkle Repair Retinol Face Moisturizer with SPF 30 Sunscreen, Daily Anti-Aging Face Cream with Retinol & Hyaluronic Acid to Fight Fine Lines, Wrinkles, & Dark Spots, 1 fl. oz",
        "price": "$17.18",
        "listPrice": "$29.49",
        "imageUrl": "https://m.media-amazon.com/images/I/410334WLDrL._SL160_.jpg",
        "detailPageURL": "https://www.amazon.com/dp/B004D2C57M",
        "rating": "4.4",
        "totalReviews": "15966",
        "subtitle": "Neutrogena",
        "isPrimeEligible": "1"
    },
    {
        "ASIN": "B01D1DQSIA",
        "title": "e.l.f. SKIN Daily Hydration Moisturizer, Ultra-Hydrating Formula, Infused with Aloe, Jojoba Oil & Shea Butter, Vegan & Cruelty-Free, 2.53 Fl Oz",
        "price": "$8.00 ($3.16 / Fl Oz)",
        "listPrice": "",
        "imageUrl": "https://m.media-amazon.com/images/I/215fzobsWPL._SL160_.jpg",
        "detailPageURL": "https://www.amazon.com/dp/B01D1DQSIA",
        "rating": "4.6",
        "totalReviews": "7272",
        "subtitle": "e.l.f.",
        "isPrimeEligible": "1"
    },
    {
        "ASIN": "B0825QX28D",
        "title": "L'Oreal Paris Revitalift Triple Power Anti-Aging Face Moisturizer, Pro Retinol, Hyaluronic Acid & Vitamin C, Reduce Wrinkles, Fragrance Free 1.7 Oz",
        "price": "$20.16 ($11.86 / Ounce)",
        "listPrice": "$27.99 ($16.46 / Ounce)",
        "imageUrl": "https://m.media-amazon.com/images/I/41MwJSi3NHL._SL160_.jpg",
        "detailPageURL": "https://www.amazon.com/dp/B0825QX28D",
        "rating": "4.5",
        "totalReviews": "38638",
        "subtitle": "L\u2019Or\u00e9al Paris",
        "isPrimeEligible": "1"
    },
    {
        "ASIN": "B003Z4QHP0",
        "title": "Acure Brightening Day Cream Set - Radiant Skin Day Cream with Cica & Argan Oil - Moisturizes, Evens Tone - 100% Vegan Formula - All Skin Types - Soothing & Nourishing Ingredients - 1.7 Fl Oz",
        "price": "$15.57 ($9.16 / Fl Oz)",
        "listPrice": "$19.99 ($11.76 / Fl Oz)",
        "imageUrl": "https://m.media-amazon.com/images/I/41DFJVlff1L._SL160_.jpg",
        "detailPageURL": "https://www.amazon.com/dp/B003Z4QHP0",
        "rating": "4.4",
        "totalReviews": "2849",
        "subtitle": "Acure",
        "isPrimeEligible": "1"
    },
    {
        "ASIN": "B0BBSP2JNQ",
        "title": "SimplyVital Face Moisturizer Collagen Cream - Anti Aging Neck and D\u00e9collet\u00e9 - Made in USA Day & Night Face Cream - Moisturizing, Lifting & Recovery - 1.7oz",
        "price": "$22.89 ($13.46 / Fl Oz)",
        "listPrice": "",
        "imageUrl": "https://m.media-amazon.com/images/I/51K4Sj98LsL._SL160_.jpg",
        "detailPageURL": "https://www.amazon.com/dp/B0BBSP2JNQ",
        "rating": "4.4",
        "totalReviews": "5009",
        "subtitle": "SimplyVital",
        "isPrimeEligible": "1"
    },
    {
        "ASIN": "B08C6YB69N",
        "title": "ROVECTIN] Clean Lotus Water Cream- Gentle and Vegan Moisturizer For Skin Purifying (2.1 fl.oz, 60ml)",
        "price": "$20.00 ($10.00 / Fl Oz)",
        "listPrice": "$22.00 ($11.00 / Fl Oz)",
        "imageUrl": "https://m.media-amazon.com/images/I/21gNwgWgDsL._SL160_.jpg",
        "detailPageURL": "https://www.amazon.com/dp/B08C6YB69N",
        "rating": "4.6",
        "totalReviews": "1702",
        "subtitle": "ROVECTIN",
        "isPrimeEligible": "1"
    },
    {
        "ASIN": "B017W3J8TQ",
        "title": "Neutrogena Hydro Boost Hyaluronic Acid Hydrating Water Gel Daily Face Moisturizer for Dry Skin, Oil-Free, Non-Comedogenic Face Lotion, 1.7 fl. oz",
        "price": "$16.09 ($9.46 / Ounce)",
        "listPrice": "$16.97 ($9.98 / Ounce)",
        "imageUrl": "https://m.media-amazon.com/images/I/41uNU9+Dv-L._SL160_.jpg",
        "detailPageURL": "https://www.amazon.com/dp/B017W3J8TQ",
        "rating": "4.6",
        "totalReviews": "9441",
        "subtitle": "Neutrogena",
        "isPrimeEligible": "1"
    },
    {
        "ASIN": "B01MG4PSK4",
        "title": "Cetaphil Daily Hydrating Lotion for Face, With Hyaluronic Acid, 3 fl oz, Lasting 24 Hr Hydration, for Combination Skin, No Added Fragrance, Non-Comedogenic",
        "price": "$14.22 ($4.74 / Fl Oz)",
        "listPrice": "$14.97 ($4.99 / Fl Oz)",
        "imageUrl": "https://m.media-amazon.com/images/I/31RMyMAQq6L._SL160_.jpg",
        "detailPageURL": "https://www.amazon.com/dp/B01MG4PSK4",
        "rating": "4.6",
        "totalReviews": "23750",
        "subtitle": "Cetaphil",
        "isPrimeEligible": "1"
    },
    {
        "ASIN": "B085JNJG9V",
        "title": "belif The True Cream Aqua Bomb | Rich yet Weightless Face Moisturizer for Combination to Oily Skin | Antioxidants, Lady Mantle & Oat Husk | Daily Hydrating Facial Cream Minimizes Pores",
        "price": "$38.00 ($22.35 / Fl Oz)",
        "listPrice": "",
        "imageUrl": "https://m.media-amazon.com/images/I/41uFtT2rh-L._SL160_.jpg",
        "detailPageURL": "https://www.amazon.com/dp/B085JNJG9V",
        "rating": "4.8",
        "totalReviews": "2972",
        "subtitle": "",
        "isPrimeEligible": "1"
    },
    {
        "ASIN": "B004D2C57M",
        "title": "Neutrogena Rapid Wrinkle Repair Retinol Face Moisturizer with SPF 30 Sunscreen, Daily Anti-Aging Face Cream with Retinol & Hyaluronic Acid to Fight Fine Lines, Wrinkles, & Dark Spots, 1 fl. oz",
        "price": "$17.18",
        "listPrice": "$29.49",
        "imageUrl": "https://m.media-amazon.com/images/I/410334WLDrL._SL160_.jpg",
        "detailPageURL": "https://www.amazon.com/dp/B004D2C57M",
        "rating": "4.4",
        "totalReviews": "15966",
        "subtitle": "Neutrogena",
        "isPrimeEligible": "1"
    },
    {
        "ASIN": "B01D1DQSIA",
        "title": "e.l.f. SKIN Daily Hydration Moisturizer, Ultra-Hydrating Formula, Infused with Aloe, Jojoba Oil & Shea Butter, Vegan & Cruelty-Free, 2.53 Fl Oz",
        "price": "$8.00 ($3.16 / Fl Oz)",
        "listPrice": "",
        "imageUrl": "https://m.media-amazon.com/images/I/215fzobsWPL._SL160_.jpg",
        "detailPageURL": "https://www.amazon.com/dp/B01D1DQSIA",
        "rating": "4.6",
        "totalReviews": "7272",
        "subtitle": "e.l.f.",
        "isPrimeEligible": "1"
    },
    {
        "ASIN": "B0825QX28D",
        "title": "L'Oreal Paris Revitalift Triple Power Anti-Aging Face Moisturizer, Pro Retinol, Hyaluronic Acid & Vitamin C, Reduce Wrinkles, Fragrance Free 1.7 Oz",
        "price": "$20.16 ($11.86 / Ounce)",
        "listPrice": "$27.99 ($16.46 / Ounce)",
        "imageUrl": "https://m.media-amazon.com/images/I/41MwJSi3NHL._SL160_.jpg",
        "detailPageURL": "https://www.amazon.com/dp/B0825QX28D",
        "rating": "4.5",
        "totalReviews": "38638",
        "subtitle": "L\u2019Or\u00e9al Paris",
        "isPrimeEligible": "1"
    },
    {
        "ASIN": "B003Z4QHP0",
        "title": "Acure Brightening Day Cream Set - Radiant Skin Day Cream with Cica & Argan Oil - Moisturizes, Evens Tone - 100% Vegan Formula - All Skin Types - Soothing & Nourishing Ingredients - 1.7 Fl Oz",
        "price": "$15.57 ($9.16 / Fl Oz)",
        "listPrice": "$19.99 ($11.76 / Fl Oz)",
        "imageUrl": "https://m.media-amazon.com/images/I/41DFJVlff1L._SL160_.jpg",
        "detailPageURL": "https://www.amazon.com/dp/B003Z4QHP0",
        "rating": "4.4",
        "totalReviews": "2849",
        "subtitle": "Acure",
        "isPrimeEligible": "1"
    },
    {
        "ASIN": "B0BBSP2JNQ",
        "title": "SimplyVital Face Moisturizer Collagen Cream - Anti Aging Neck and D\u00e9collet\u00e9 - Made in USA Day & Night Face Cream - Moisturizing, Lifting & Recovery - 1.7oz",
        "price": "$22.89 ($13.46 / Fl Oz)",
        "listPrice": "",
        "imageUrl": "https://m.media-amazon.com/images/I/51K4Sj98LsL._SL160_.jpg",
        "detailPageURL": "https://www.amazon.com/dp/B0BBSP2JNQ",
        "rating": "4.4",
        "totalReviews": "5009",
        "subtitle": "SimplyVital",
        "isPrimeEligible": "1"
    },
    {
        "ASIN": "B01DC6XTYC",
        "title": "Kleem Organics Retinol Cream for Face - Anti Aging Face Cream with Hyaluronic Acid & Collagen - Retinol Face Moisturizer for Wrinkles, Dark Spots, and Uneven Skin Texture - Crema Retinol Para La Cara",
        "price": "$26.97 ($15.86 / Ounce)",
        "listPrice": "$35.00 ($20.59 / Ounce)",
        "imageUrl": "https://m.media-amazon.com/images/I/41bXMkI7-1L._SL160_.jpg",
        "detailPageURL": "https://www.amazon.com/dp/B01DC6XTYC",
        "rating": "4.4",
        "totalReviews": "27603",
        "subtitle": "Kleem Organics",
        "isPrimeEligible": "1"
    },
    {
        "ASIN": "B017W3J8TQ",
        "title": "Neutrogena Hydro Boost Hyaluronic Acid Hydrating Water Gel Daily Face Moisturizer for Dry Skin, Oil-Free, Non-Comedogenic Face Lotion, 1.7 fl. oz",
        "price": "$16.09 ($9.46 / Ounce)",
        "listPrice": "$16.97 ($9.98 / Ounce)",
        "imageUrl": "https://m.media-amazon.com/images/I/41uNU9+Dv-L._SL160_.jpg",
        "detailPageURL": "https://www.amazon.com/dp/B017W3J8TQ",
        "rating": "4.6",
        "totalReviews": "9441",
        "subtitle": "Neutrogena",
        "isPrimeEligible": "1"
    },
    {
        "ASIN": "B01MG4PSK4",
        "title": "Cetaphil Daily Hydrating Lotion for Face, With Hyaluronic Acid, 3 fl oz, Lasting 24 Hr Hydration, for Combination Skin, No Added Fragrance, Non-Comedogenic",
        "price": "$14.22 ($4.74 / Fl Oz)",
        "listPrice": "$14.97 ($4.99 / Fl Oz)",
        "imageUrl": "https://m.media-amazon.com/images/I/31RMyMAQq6L._SL160_.jpg",
        "detailPageURL": "https://www.amazon.com/dp/B01MG4PSK4",
        "rating": "4.6",
        "totalReviews": "23750",
        "subtitle": "Cetaphil",
        "isPrimeEligible": "1"
    },
    {
        "ASIN": "B085JNJG9V",
        "title": "belif The True Cream Aqua Bomb | Rich yet Weightless Face Moisturizer for Combination to Oily Skin | Antioxidants, Lady Mantle & Oat Husk | Daily Hydrating Facial Cream Minimizes Pores",
        "price": "$38.00 ($22.35 / Fl Oz)",
        "listPrice": "",
        "imageUrl": "https://m.media-amazon.com/images/I/41uFtT2rh-L._SL160_.jpg",
        "detailPageURL": "https://www.amazon.com/dp/B085JNJG9V",
        "rating": "4.8",
        "totalReviews": "2972",
        "subtitle": "",
        "isPrimeEligible": "1"
    },
    {
        "ASIN": "B004D2C57M",
        "title": "Neutrogena Rapid Wrinkle Repair Retinol Face Moisturizer with SPF 30 Sunscreen, Daily Anti-Aging Face Cream with Retinol & Hyaluronic Acid to Fight Fine Lines, Wrinkles, & Dark Spots, 1 fl. oz",
        "price": "$17.18",
        "listPrice": "$29.49",
        "imageUrl": "https://m.media-amazon.com/images/I/410334WLDrL._SL160_.jpg",
        "detailPageURL": "https://www.amazon.com/dp/B004D2C57M",
        "rating": "4.4",
        "totalReviews": "15966",
        "subtitle": "Neutrogena",
        "isPrimeEligible": "1"
    },
    {
        "ASIN": "B01D1DQSIA",
        "title": "e.l.f. SKIN Daily Hydration Moisturizer, Ultra-Hydrating Formula, Infused with Aloe, Jojoba Oil & Shea Butter, Vegan & Cruelty-Free, 2.53 Fl Oz",
        "price": "$8.00 ($3.16 / Fl Oz)",
        "listPrice": "",
        "imageUrl": "https://m.media-amazon.com/images/I/215fzobsWPL._SL160_.jpg",
        "detailPageURL": "https://www.amazon.com/dp/B01D1DQSIA",
        "rating": "4.6",
        "totalReviews": "7272",
        "subtitle": "e.l.f.",
        "isPrimeEligible": "1"
    },
    {
        "ASIN": "B0825QX28D",
        "title": "L'Oreal Paris Revitalift Triple Power Anti-Aging Face Moisturizer, Pro Retinol, Hyaluronic Acid & Vitamin C, Reduce Wrinkles, Fragrance Free 1.7 Oz",
        "price": "$20.16 ($11.86 / Ounce)",
        "listPrice": "$27.99 ($16.46 / Ounce)",
        "imageUrl": "https://m.media-amazon.com/images/I/41MwJSi3NHL._SL160_.jpg",
        "detailPageURL": "https://www.amazon.com/dp/B0825QX28D",
        "rating": "4.5",
        "totalReviews": "38638",
        "subtitle": "L\u2019Or\u00e9al Paris",
        "isPrimeEligible": "1"
    },
    {
        "ASIN": "B003Z4QHP0",
        "title": "Acure Brightening Day Cream Set - Radiant Skin Day Cream with Cica & Argan Oil - Moisturizes, Evens Tone - 100% Vegan Formula - All Skin Types - Soothing & Nourishing Ingredients - 1.7 Fl Oz",
        "price": "$15.57 ($9.16 / Fl Oz)",
        "listPrice": "$19.99 ($11.76 / Fl Oz)",
        "imageUrl": "https://m.media-amazon.com/images/I/41DFJVlff1L._SL160_.jpg",
        "detailPageURL": "https://www.amazon.com/dp/B003Z4QHP0",
        "rating": "4.4",
        "totalReviews": "2849",
        "subtitle": "Acure",
        "isPrimeEligible": "1"
    },
    {
        "ASIN": "B0BBSP2JNQ",
        "title": "SimplyVital Face Moisturizer Collagen Cream - Anti Aging Neck and D\u00e9collet\u00e9 - Made in USA Day & Night Face Cream - Moisturizing, Lifting & Recovery - 1.7oz",
        "price": "$22.89 ($13.46 / Fl Oz)",
        "listPrice": "",
        "imageUrl": "https://m.media-amazon.com/images/I/51K4Sj98LsL._SL160_.jpg",
        "detailPageURL": "https://www.amazon.com/dp/B0BBSP2JNQ",
        "rating": "4.4",
        "totalReviews": "5009",
        "subtitle": "SimplyVital",
        "isPrimeEligible": "1"
    },
    {
        "ASIN": "B01DC6XTYC",
        "title": "Kleem Organics Retinol Cream for Face - Anti Aging Face Cream with Hyaluronic Acid & Collagen - Retinol Face Moisturizer for Wrinkles, Dark Spots, and Uneven Skin Texture - Crema Retinol Para La Cara",
        "price": "$26.97 ($15.86 / Ounce)",
        "listPrice": "$35.00 ($20.59 / Ounce)",
        "imageUrl": "https://m.media-amazon.com/images/I/41bXMkI7-1L._SL160_.jpg",
        "detailPageURL": "https://www.amazon.com/dp/B01DC6XTYC",
        "rating": "4.4",
        "totalReviews": "27603",
        "subtitle": "Kleem Organics",
        "isPrimeEligible": "1"
    },
    {
        "ASIN": "B09YDCCJBJ",
        "title": "AESTURA ATOBARRIER365 Cream with Ceramide, Korean Skin Barrier Repair Moisturizer, 100-hour Lasting Hydration for Dry & Sensitive Skin, Cruelty Free, Hypoallergenic, Korean Skin Care, 2.7 Fl Oz",
        "price": "$31.99 ($11.80 / Fl Oz)",
        "listPrice": "",
        "imageUrl": "https://m.media-amazon.com/images/I/21EqFAjAiwL._SL160_.jpg",
        "detailPageURL": "https://www.amazon.com/dp/B09YDCCJBJ",
        "rating": "4.6",
        "totalReviews": "444",
        "subtitle": "AESTURA",
        "isPrimeEligible": "1"
    },
    {
        "ASIN": "B01MG4PSK4",
        "title": "Cetaphil Daily Hydrating Lotion for Face, With Hyaluronic Acid, 3 fl oz, Lasting 24 Hr Hydration, for Combination Skin, No Added Fragrance, Non-Comedogenic",
        "price": "$14.22 ($4.74 / Fl Oz)",
        "listPrice": "$14.97 ($4.99 / Fl Oz)",
        "imageUrl": "https://m.media-amazon.com/images/I/31RMyMAQq6L._SL160_.jpg",
        "detailPageURL": "https://www.amazon.com/dp/B01MG4PSK4",
        "rating": "4.6",
        "totalReviews": "23750",
        "subtitle": "Cetaphil",
        "isPrimeEligible": "1"
    },
    {
        "ASIN": "B085JNJG9V",
        "title": "belif The True Cream Aqua Bomb | Rich yet Weightless Face Moisturizer for Combination to Oily Skin | Antioxidants, Lady Mantle & Oat Husk | Daily Hydrating Facial Cream Minimizes Pores",
        "price": "$38.00 ($22.35 / Fl Oz)",
        "listPrice": "",
        "imageUrl": "https://m.media-amazon.com/images/I/41uFtT2rh-L._SL160_.jpg",
        "detailPageURL": "https://www.amazon.com/dp/B085JNJG9V",
        "rating": "4.8",
        "totalReviews": "2972",
        "subtitle": "",
        "isPrimeEligible": "1"
    },
    {
        "ASIN": "B004D2C57M",
        "title": "Neutrogena Rapid Wrinkle Repair Retinol Face Moisturizer with SPF 30 Sunscreen, Daily Anti-Aging Face Cream with Retinol & Hyaluronic Acid to Fight Fine Lines, Wrinkles, & Dark Spots, 1 fl. oz",
        "price": "$17.18",
        "listPrice": "$29.49",
        "imageUrl": "https://m.media-amazon.com/images/I/410334WLDrL._SL160_.jpg",
        "detailPageURL": "https://www.amazon.com/dp/B004D2C57M",
        "rating": "4.4",
        "totalReviews": "15966",
        "subtitle": "Neutrogena",
        "isPrimeEligible": "1"
    },
    {
        "ASIN": "B01D1DQSIA",
        "title": "e.l.f. SKIN Daily Hydration Moisturizer, Ultra-Hydrating Formula, Infused with Aloe, Jojoba Oil & Shea Butter, Vegan & Cruelty-Free, 2.53 Fl Oz",
        "price": "$8.00 ($3.16 / Fl Oz)",
        "listPrice": "",
        "imageUrl": "https://m.media-amazon.com/images/I/215fzobsWPL._SL160_.jpg",
        "detailPageURL": "https://www.amazon.com/dp/B01D1DQSIA",
        "rating": "4.6",
        "totalReviews": "7272",
        "subtitle": "e.l.f.",
        "isPrimeEligible": "1"
    },
    {
        "ASIN": "B0825QX28D",
        "title": "L'Oreal Paris Revitalift Triple Power Anti-Aging Face Moisturizer, Pro Retinol, Hyaluronic Acid & Vitamin C, Reduce Wrinkles, Fragrance Free 1.7 Oz",
        "price": "$20.16 ($11.86 / Ounce)",
        "listPrice": "$27.99 ($16.46 / Ounce)",
        "imageUrl": "https://m.media-amazon.com/images/I/41MwJSi3NHL._SL160_.jpg",
        "detailPageURL": "https://www.amazon.com/dp/B0825QX28D",
        "rating": "4.5",
        "totalReviews": "38638",
        "subtitle": "L\u2019Or\u00e9al Paris",
        "isPrimeEligible": "1"
    },
    {
        "ASIN": "B003Z4QHP0",
        "title": "Acure Brightening Day Cream Set - Radiant Skin Day Cream with Cica & Argan Oil - Moisturizes, Evens Tone - 100% Vegan Formula - All Skin Types - Soothing & Nourishing Ingredients - 1.7 Fl Oz",
        "price": "$15.57 ($9.16 / Fl Oz)",
        "listPrice": "$19.99 ($11.76 / Fl Oz)",
        "imageUrl": "https://m.media-amazon.com/images/I/41DFJVlff1L._SL160_.jpg",
        "detailPageURL": "https://www.amazon.com/dp/B003Z4QHP0",
        "rating": "4.4",
        "totalReviews": "2849",
        "subtitle": "Acure",
        "isPrimeEligible": "1"
    },
    {
        "ASIN": "B0BBSP2JNQ",
        "title": "SimplyVital Face Moisturizer Collagen Cream - Anti Aging Neck and D\u00e9collet\u00e9 - Made in USA Day & Night Face Cream - Moisturizing, Lifting & Recovery - 1.7oz",
        "price": "$22.89 ($13.46 / Fl Oz)",
        "listPrice": "",
        "imageUrl": "https://m.media-amazon.com/images/I/51K4Sj98LsL._SL160_.jpg",
        "detailPageURL": "https://www.amazon.com/dp/B0BBSP2JNQ",
        "rating": "4.4",
        "totalReviews": "5009",
        "subtitle": "SimplyVital",
        "isPrimeEligible": "1"
    },
    {
        "ASIN": "B01DC6XTYC",
        "title": "Kleem Organics Retinol Cream for Face - Anti Aging Face Cream with Hyaluronic Acid & Collagen - Retinol Face Moisturizer for Wrinkles, Dark Spots, and Uneven Skin Texture - Crema Retinol Para La Cara",
        "price": "$26.97 ($15.86 / Ounce)",
        "listPrice": "$35.00 ($20.59 / Ounce)",
        "imageUrl": "https://m.media-amazon.com/images/I/41bXMkI7-1L._SL160_.jpg",
        "detailPageURL": "https://www.amazon.com/dp/B01DC6XTYC",
        "rating": "4.4",
        "totalReviews": "27603",
        "subtitle": "Kleem Organics",
        "isPrimeEligible": "1"
    },
    {
        "ASIN": "B09YDCCJBJ",
        "title": "AESTURA ATOBARRIER365 Cream with Ceramide, Korean Skin Barrier Repair Moisturizer, 100-hour Lasting Hydration for Dry & Sensitive Skin, Cruelty Free, Hypoallergenic, Korean Skin Care, 2.7 Fl Oz",
        "price": "$31.99 ($11.80 / Fl Oz)",
        "listPrice": "",
        "imageUrl": "https://m.media-amazon.com/images/I/21EqFAjAiwL._SL160_.jpg",
        "detailPageURL": "https://www.amazon.com/dp/B09YDCCJBJ",
        "rating": "4.6",
        "totalReviews": "444",
        "subtitle": "AESTURA",
        "isPrimeEligible": "1"
    },
    {
        "ASIN": "B07G25KZ5J",
        "title": "Glow Recipe Mini Watermelon Pink Juice Oil-Free Moisturizer 0.85 oz/ 25 mL",
        "price": "$21.00 ($24.71 / Fl Oz)",
        "listPrice": "",
        "imageUrl": "https://m.media-amazon.com/images/I/31A2Vpg0bCL._SL160_.jpg",
        "detailPageURL": "https://www.amazon.com/dp/B07G25KZ5J",
        "rating": "4.6",
        "totalReviews": "3074",
        "subtitle": "Glow Recipe",
        "isPrimeEligible": "1"
    },
    {
        "ASIN": "B085JNJG9V",
        "title": "belif The True Cream Aqua Bomb | Rich yet Weightless Face Moisturizer for Combination to Oily Skin | Antioxidants, Lady Mantle & Oat Husk | Daily Hydrating Facial Cream Minimizes Pores",
        "price": "$38.00 ($22.35 / Fl Oz)",
        "listPrice": "",
        "imageUrl": "https://m.media-amazon.com/images/I/41uFtT2rh-L._SL160_.jpg",
        "detailPageURL": "https://www.amazon.com/dp/B085JNJG9V",
        "rating": "4.8",
        "totalReviews": "2972",
        "subtitle": "",
        "isPrimeEligible": "1"
    },
    {
        "ASIN": "B004D2C57M",
        "title": "Neutrogena Rapid Wrinkle Repair Retinol Face Moisturizer with SPF 30 Sunscreen, Daily Anti-Aging Face Cream with Retinol & Hyaluronic Acid to Fight Fine Lines, Wrinkles, & Dark Spots, 1 fl. oz",
        "price": "$17.18",
        "listPrice": "$29.49",
        "imageUrl": "https://m.media-amazon.com/images/I/410334WLDrL._SL160_.jpg",
        "detailPageURL": "https://www.amazon.com/dp/B004D2C57M",
        "rating": "4.4",
        "totalReviews": "15966",
        "subtitle": "Neutrogena",
        "isPrimeEligible": "1"
    },
    {
        "ASIN": "B01D1DQSIA",
        "title": "e.l.f. SKIN Daily Hydration Moisturizer, Ultra-Hydrating Formula, Infused with Aloe, Jojoba Oil & Shea Butter, Vegan & Cruelty-Free, 2.53 Fl Oz",
        "price": "$8.00 ($3.16 / Fl Oz)",
        "listPrice": "",
        "imageUrl": "https://m.media-amazon.com/images/I/215fzobsWPL._SL160_.jpg",
        "detailPageURL": "https://www.amazon.com/dp/B01D1DQSIA",
        "rating": "4.6",
        "totalReviews": "7272",
        "subtitle": "e.l.f.",
        "isPrimeEligible": "1"
    },
    {
        "ASIN": "B0825QX28D",
        "title": "L'Oreal Paris Revitalift Triple Power Anti-Aging Face Moisturizer, Pro Retinol, Hyaluronic Acid & Vitamin C, Reduce Wrinkles, Fragrance Free 1.7 Oz",
        "price": "$20.16 ($11.86 / Ounce)",
        "listPrice": "$27.99 ($16.46 / Ounce)",
        "imageUrl": "https://m.media-amazon.com/images/I/41MwJSi3NHL._SL160_.jpg",
        "detailPageURL": "https://www.amazon.com/dp/B0825QX28D",
        "rating": "4.5",
        "totalReviews": "38638",
        "subtitle": "L\u2019Or\u00e9al Paris",
        "isPrimeEligible": "1"
    },
    {
        "ASIN": "B003Z4QHP0",
        "title": "Acure Brightening Day Cream Set - Radiant Skin Day Cream with Cica & Argan Oil - Moisturizes, Evens Tone - 100% Vegan Formula - All Skin Types - Soothing & Nourishing Ingredients - 1.7 Fl Oz",
        "price": "$15.57 ($9.16 / Fl Oz)",
        "listPrice": "$19.99 ($11.76 / Fl Oz)",
        "imageUrl": "https://m.media-amazon.com/images/I/41DFJVlff1L._SL160_.jpg",
        "detailPageURL": "https://www.amazon.com/dp/B003Z4QHP0",
        "rating": "4.4",
        "totalReviews": "2849",
        "subtitle": "Acure",
        "isPrimeEligible": "1"
    },
    {
        "ASIN": "B0BBSP2JNQ",
        "title": "SimplyVital Face Moisturizer Collagen Cream - Anti Aging Neck and D\u00e9collet\u00e9 - Made in USA Day & Night Face Cream - Moisturizing, Lifting & Recovery - 1.7oz",
        "price": "$22.89 ($13.46 / Fl Oz)",
        "listPrice": "",
        "imageUrl": "https://m.media-amazon.com/images/I/51K4Sj98LsL._SL160_.jpg",
        "detailPageURL": "https://www.amazon.com/dp/B0BBSP2JNQ",
        "rating": "4.4",
        "totalReviews": "5009",
        "subtitle": "SimplyVital",
        "isPrimeEligible": "1"
    },
    {
        "ASIN": "B01DC6XTYC",
        "title": "Kleem Organics Retinol Cream for Face - Anti Aging Face Cream with Hyaluronic Acid & Collagen - Retinol Face Moisturizer for Wrinkles, Dark Spots, and Uneven Skin Texture - Crema Retinol Para La Cara",
        "price": "$26.97 ($15.86 / Ounce)",
        "listPrice": "$35.00 ($20.59 / Ounce)",
        "imageUrl": "https://m.media-amazon.com/images/I/41bXMkI7-1L._SL160_.jpg",
        "detailPageURL": "https://www.amazon.com/dp/B01DC6XTYC",
        "rating": "4.4",
        "totalReviews": "27603",
        "subtitle": "Kleem Organics",
        "isPrimeEligible": "1"
    },
    {
        "ASIN": "B09YDCCJBJ",
        "title": "AESTURA ATOBARRIER365 Cream with Ceramide, Korean Skin Barrier Repair Moisturizer, 100-hour Lasting Hydration for Dry & Sensitive Skin, Cruelty Free, Hypoallergenic, Korean Skin Care, 2.7 Fl Oz",
        "price": "$31.99 ($11.80 / Fl Oz)",
        "listPrice": "",
        "imageUrl": "https://m.media-amazon.com/images/I/21EqFAjAiwL._SL160_.jpg",
        "detailPageURL": "https://www.amazon.com/dp/B09YDCCJBJ",
        "rating": "4.6",
        "totalReviews": "444",
        "subtitle": "AESTURA",
        "isPrimeEligible": "1"
    },
    {
        "ASIN": "B07G25KZ5J",
        "title": "Glow Recipe Mini Watermelon Pink Juice Oil-Free Moisturizer 0.85 oz/ 25 mL",
        "price": "$21.00 ($24.71 / Fl Oz)",
        "listPrice": "",
        "imageUrl": "https://m.media-amazon.com/images/I/31A2Vpg0bCL._SL160_.jpg",
        "detailPageURL": "https://www.amazon.com/dp/B07G25KZ5J",
        "rating": "4.6",
        "totalReviews": "3074",
        "subtitle": "Glow Recipe",
        "isPrimeEligible": "1"
    },
    {
        "ASIN": "B00HNSSPHC",
        "title": "Neutrogena Triple Age Repair Anti-Aging Daily Facial Moisturizer with SPF 25 Sunscreen & Vitamin C, Firming Anti-Wrinkle Face & Neck Cream for Dark Spots, Glycerin & Shea Butter, 1.7 oz",
        "price": "$23.97 ($14.10 / Ounce)",
        "listPrice": "$28.09 ($16.52 / Ounce)",
        "imageUrl": "https://m.media-amazon.com/images/I/31DXUVUzo4L._SL160_.jpg",
        "detailPageURL": "https://www.amazon.com/dp/B00HNSSPHC",
        "rating": "4.5",
        "totalReviews": "13800",
        "subtitle": "Neutrogena",
        "isPrimeEligible": "1"
    },
    {
        "ASIN": "B004D2C57M",
        "title": "Neutrogena Rapid Wrinkle Repair Retinol Face Moisturizer with SPF 30 Sunscreen, Daily Anti-Aging Face Cream with Retinol & Hyaluronic Acid to Fight Fine Lines, Wrinkles, & Dark Spots, 1 fl. oz",
        "price": "$17.18",
        "listPrice": "$29.49",
        "imageUrl": "https://m.media-amazon.com/images/I/410334WLDrL._SL160_.jpg",
        "detailPageURL": "https://www.amazon.com/dp/B004D2C57M",
        "rating": "4.4",
        "totalReviews": "15966",
        "subtitle": "Neutrogena",
        "isPrimeEligible": "1"
    },
    {
        "ASIN": "B01D1DQSIA",
        "title": "e.l.f. SKIN Daily Hydration Moisturizer, Ultra-Hydrating Formula, Infused with Aloe, Jojoba Oil & Shea Butter, Vegan & Cruelty-Free, 2.53 Fl Oz",
        "price": "$8.00 ($3.16 / Fl Oz)",
        "listPrice": "",
        "imageUrl": "https://m.media-amazon.com/images/I/215fzobsWPL._SL160_.jpg",
        "detailPageURL": "https://www.amazon.com/dp/B01D1DQSIA",
        "rating": "4.6",
        "totalReviews": "7272",
        "subtitle": "e.l.f.",
        "isPrimeEligible": "1"
    },
    {
        "ASIN": "B0825QX28D",
        "title": "L'Oreal Paris Revitalift Triple Power Anti-Aging Face Moisturizer, Pro Retinol, Hyaluronic Acid & Vitamin C, Reduce Wrinkles, Fragrance Free 1.7 Oz",
        "price": "$20.16 ($11.86 / Ounce)",
        "listPrice": "$27.99 ($16.46 / Ounce)",
        "imageUrl": "https://m.media-amazon.com/images/I/41MwJSi3NHL._SL160_.jpg",
        "detailPageURL": "https://www.amazon.com/dp/B0825QX28D",
        "rating": "4.5",
        "totalReviews": "38638",
        "subtitle": "L\u2019Or\u00e9al Paris",
        "isPrimeEligible": "1"
    },
    {
        "ASIN": "B003Z4QHP0",
        "title": "Acure Brightening Day Cream Set - Radiant Skin Day Cream with Cica & Argan Oil - Moisturizes, Evens Tone - 100% Vegan Formula - All Skin Types - Soothing & Nourishing Ingredients - 1.7 Fl Oz",
        "price": "$15.57 ($9.16 / Fl Oz)",
        "listPrice": "$19.99 ($11.76 / Fl Oz)",
        "imageUrl": "https://m.media-amazon.com/images/I/41DFJVlff1L._SL160_.jpg",
        "detailPageURL": "https://www.amazon.com/dp/B003Z4QHP0",
        "rating": "4.4",
        "totalReviews": "2849",
        "subtitle": "Acure",
        "isPrimeEligible": "1"
    },
    {
        "ASIN": "B0BBSP2JNQ",
        "title": "SimplyVital Face Moisturizer Collagen Cream - Anti Aging Neck and D\u00e9collet\u00e9 - Made in USA Day & Night Face Cream - Moisturizing, Lifting & Recovery - 1.7oz",
        "price": "$22.89 ($13.46 / Fl Oz)",
        "listPrice": "",
        "imageUrl": "https://m.media-amazon.com/images/I/51K4Sj98LsL._SL160_.jpg",
        "detailPageURL": "https://www.amazon.com/dp/B0BBSP2JNQ",
        "rating": "4.4",
        "totalReviews": "5009",
        "subtitle": "SimplyVital",
        "isPrimeEligible": "1"
    },
    {
        "ASIN": "B01DC6XTYC",
        "title": "Kleem Organics Retinol Cream for Face - Anti Aging Face Cream with Hyaluronic Acid & Collagen - Retinol Face Moisturizer for Wrinkles, Dark Spots, and Uneven Skin Texture - Crema Retinol Para La Cara",
        "price": "$26.97 ($15.86 / Ounce)",
        "listPrice": "$35.00 ($20.59 / Ounce)",
        "imageUrl": "https://m.media-amazon.com/images/I/41bXMkI7-1L._SL160_.jpg",
        "detailPageURL": "https://www.amazon.com/dp/B01DC6XTYC",
        "rating": "4.4",
        "totalReviews": "27603",
        "subtitle": "Kleem Organics",
        "isPrimeEligible": "1"
    },
    {
        "ASIN": "B09YDCCJBJ",
        "title": "AESTURA ATOBARRIER365 Cream with Ceramide, Korean Skin Barrier Repair Moisturizer, 100-hour Lasting Hydration for Dry & Sensitive Skin, Cruelty Free, Hypoallergenic, Korean Skin Care, 2.7 Fl Oz",
        "price": "$31.99 ($11.80 / Fl Oz)",
        "listPrice": "",
        "imageUrl": "https://m.media-amazon.com/images/I/21EqFAjAiwL._SL160_.jpg",
        "detailPageURL": "https://www.amazon.com/dp/B09YDCCJBJ",
        "rating": "4.6",
        "totalReviews": "444",
        "subtitle": "AESTURA",
        "isPrimeEligible": "1"
    },
    {
        "ASIN": "B07G25KZ5J",
        "title": "Glow Recipe Mini Watermelon Pink Juice Oil-Free Moisturizer 0.85 oz/ 25 mL",
        "price": "$21.00 ($24.71 / Fl Oz)",
        "listPrice": "",
        "imageUrl": "https://m.media-amazon.com/images/I/31A2Vpg0bCL._SL160_.jpg",
        "detailPageURL": "https://www.amazon.com/dp/B07G25KZ5J",
        "rating": "4.6",
        "totalReviews": "3074",
        "subtitle": "Glow Recipe",
        "isPrimeEligible": "1"
    },
    {
        "ASIN": "B00HNSSPHC",
        "title": "Neutrogena Triple Age Repair Anti-Aging Daily Facial Moisturizer with SPF 25 Sunscreen & Vitamin C, Firming Anti-Wrinkle Face & Neck Cream for Dark Spots, Glycerin & Shea Butter, 1.7 oz",
        "price": "$23.97 ($14.10 / Ounce)",
        "listPrice": "$28.09 ($16.52 / Ounce)",
        "imageUrl": "https://m.media-amazon.com/images/I/31DXUVUzo4L._SL160_.jpg",
        "detailPageURL": "https://www.amazon.com/dp/B00HNSSPHC",
        "rating": "4.5",
        "totalReviews": "13800",
        "subtitle": "Neutrogena",
        "isPrimeEligible": "1"
    },
    {
        "ASIN": "B01BRU1PVE",
        "title": "NATURE WELL Clinical Retinol Advanced Moisture Cream for Face, Body, & Hands, Anti Aging, Targets Discoloration, Wrinkles, Sun Damage, Crepey, & Sagging Skin, 16 Oz",
        "price": "$18.99 ($1.19 / Ounce)",
        "listPrice": "$24.99 ($1.56 / Ounce)",
        "imageUrl": "https://m.media-amazon.com/images/I/41oHDWvj+ES._SL160_.jpg",
        "detailPageURL": "https://www.amazon.com/dp/B01BRU1PVE",
        "rating": "4.5",
        "totalReviews": "10762",
        "subtitle": "NATURE WELL",
        "isPrimeEligible": "1"
    },
    {
        "ASIN": "B01D1DQSIA",
        "title": "e.l.f. SKIN Daily Hydration Moisturizer, Ultra-Hydrating Formula, Infused with Aloe, Jojoba Oil & Shea Butter, Vegan & Cruelty-Free, 2.53 Fl Oz",
        "price": "$8.00 ($3.16 / Fl Oz)",
        "listPrice": "",
        "imageUrl": "https://m.media-amazon.com/images/I/215fzobsWPL._SL160_.jpg",
        "detailPageURL": "https://www.amazon.com/dp/B01D1DQSIA",
        "rating": "4.6",
        "totalReviews": "7272",
        "subtitle": "e.l.f.",
        "isPrimeEligible": "1"
    },
    {
        "ASIN": "B0825QX28D",
        "title": "L'Oreal Paris Revitalift Triple Power Anti-Aging Face Moisturizer, Pro Retinol, Hyaluronic Acid & Vitamin C, Reduce Wrinkles, Fragrance Free 1.7 Oz",
        "price": "$20.16 ($11.86 / Ounce)",
        "listPrice": "$27.99 ($16.46 / Ounce)",
        "imageUrl": "https://m.media-amazon.com/images/I/41MwJSi3NHL._SL160_.jpg",
        "detailPageURL": "https://www.amazon.com/dp/B0825QX28D",
        "rating": "4.5",
        "totalReviews": "38638",
        "subtitle": "L\u2019Or\u00e9al Paris",
        "isPrimeEligible": "1"
    },
    {
        "ASIN": "B003Z4QHP0",
        "title": "Acure Brightening Day Cream Set - Radiant Skin Day Cream with Cica & Argan Oil - Moisturizes, Evens Tone - 100% Vegan Formula - All Skin Types - Soothing & Nourishing Ingredients - 1.7 Fl Oz",
        "price": "$15.57 ($9.16 / Fl Oz)",
        "listPrice": "$19.99 ($11.76 / Fl Oz)",
        "imageUrl": "https://m.media-amazon.com/images/I/41DFJVlff1L._SL160_.jpg",
        "detailPageURL": "https://www.amazon.com/dp/B003Z4QHP0",
        "rating": "4.4",
        "totalReviews": "2849",
        "subtitle": "Acure",
        "isPrimeEligible": "1"
    },
    {
        "ASIN": "B0BBSP2JNQ",
        "title": "SimplyVital Face Moisturizer Collagen Cream - Anti Aging Neck and D\u00e9collet\u00e9 - Made in USA Day & Night Face Cream - Moisturizing, Lifting & Recovery - 1.7oz",
        "price": "$22.89 ($13.46 / Fl Oz)",
        "listPrice": "",
        "imageUrl": "https://m.media-amazon.com/images/I/51K4Sj98LsL._SL160_.jpg",
        "detailPageURL": "https://www.amazon.com/dp/B0BBSP2JNQ",
        "rating": "4.4",
        "totalReviews": "5009",
        "subtitle": "SimplyVital",
        "isPrimeEligible": "1"
    },
    {
        "ASIN": "B01DC6XTYC",
        "title": "Kleem Organics Retinol Cream for Face - Anti Aging Face Cream with Hyaluronic Acid & Collagen - Retinol Face Moisturizer for Wrinkles, Dark Spots, and Uneven Skin Texture - Crema Retinol Para La Cara",
        "price": "$26.97 ($15.86 / Ounce)",
        "listPrice": "$35.00 ($20.59 / Ounce)",
        "imageUrl": "https://m.media-amazon.com/images/I/41bXMkI7-1L._SL160_.jpg",
        "detailPageURL": "https://www.amazon.com/dp/B01DC6XTYC",
        "rating": "4.4",
        "totalReviews": "27603",
        "subtitle": "Kleem Organics",
        "isPrimeEligible": "1"
    },
    {
        "ASIN": "B09YDCCJBJ",
        "title": "AESTURA ATOBARRIER365 Cream with Ceramide, Korean Skin Barrier Repair Moisturizer, 100-hour Lasting Hydration for Dry & Sensitive Skin, Cruelty Free, Hypoallergenic, Korean Skin Care, 2.7 Fl Oz",
        "price": "$31.99 ($11.80 / Fl Oz)",
        "listPrice": "",
        "imageUrl": "https://m.media-amazon.com/images/I/21EqFAjAiwL._SL160_.jpg",
        "detailPageURL": "https://www.amazon.com/dp/B09YDCCJBJ",
        "rating": "4.6",
        "totalReviews": "444",
        "subtitle": "AESTURA",
        "isPrimeEligible": "1"
    },
    {
        "ASIN": "B07G25KZ5J",
        "title": "Glow Recipe Mini Watermelon Pink Juice Oil-Free Moisturizer 0.85 oz/ 25 mL",
        "price": "$21.00 ($24.71 / Fl Oz)",
        "listPrice": "",
        "imageUrl": "https://m.media-amazon.com/images/I/31A2Vpg0bCL._SL160_.jpg",
        "detailPageURL": "https://www.amazon.com/dp/B07G25KZ5J",
        "rating": "4.6",
        "totalReviews": "3074",
        "subtitle": "Glow Recipe",
        "isPrimeEligible": "1"
    },
    {
        "ASIN": "B00HNSSPHC",
        "title": "Neutrogena Triple Age Repair Anti-Aging Daily Facial Moisturizer with SPF 25 Sunscreen & Vitamin C, Firming Anti-Wrinkle Face & Neck Cream for Dark Spots, Glycerin & Shea Butter, 1.7 oz",
        "price": "$23.97 ($14.10 / Ounce)",
        "listPrice": "$28.09 ($16.52 / Ounce)",
        "imageUrl": "https://m.media-amazon.com/images/I/31DXUVUzo4L._SL160_.jpg",
        "detailPageURL": "https://www.amazon.com/dp/B00HNSSPHC",
        "rating": "4.5",
        "totalReviews": "13800",
        "subtitle": "Neutrogena",
        "isPrimeEligible": "1"
    },
    {
        "ASIN": "B01BRU1PVE",
        "title": "NATURE WELL Clinical Retinol Advanced Moisture Cream for Face, Body, & Hands, Anti Aging, Targets Discoloration, Wrinkles, Sun Damage, Crepey, & Sagging Skin, 16 Oz",
        "price": "$18.99 ($1.19 / Ounce)",
        "listPrice": "$24.99 ($1.56 / Ounce)",
        "imageUrl": "https://m.media-amazon.com/images/I/41oHDWvj+ES._SL160_.jpg",
        "detailPageURL": "https://www.amazon.com/dp/B01BRU1PVE",
        "rating": "4.5",
        "totalReviews": "10762",
        "subtitle": "NATURE WELL",
        "isPrimeEligible": "1"
    },
    {
        "ASIN": "B00TRBV9S0",
        "title": "Bulldog Natural Skincare, Original Moisturizer,3.3 Ounce (Pack of 2)",
        "price": "$17.19 ($2.60 / Fl Oz)",
        "listPrice": "",
        "imageUrl": "https://m.media-amazon.com/images/I/410GOj+SNHL._SL160_.jpg",
        "detailPageURL": "https://www.amazon.com/dp/B00TRBV9S0",
        "rating": "4.8",
        "totalReviews": "465",
        "subtitle": "Bulldog",
        "isPrimeEligible": "1"
    },
    {
        "ASIN": "B0825QX28D",
        "title": "L'Oreal Paris Revitalift Triple Power Anti-Aging Face Moisturizer, Pro Retinol, Hyaluronic Acid & Vitamin C, Reduce Wrinkles, Fragrance Free 1.7 Oz",
        "price": "$20.16 ($11.86 / Ounce)",
        "listPrice": "$27.99 ($16.46 / Ounce)",
        "imageUrl": "https://m.media-amazon.com/images/I/41MwJSi3NHL._SL160_.jpg",
        "detailPageURL": "https://www.amazon.com/dp/B0825QX28D",
        "rating": "4.5",
        "totalReviews": "38638",
        "subtitle": "L\u2019Or\u00e9al Paris",
        "isPrimeEligible": "1"
    },
    {
        "ASIN": "B003Z4QHP0",
        "title": "Acure Brightening Day Cream Set - Radiant Skin Day Cream with Cica & Argan Oil - Moisturizes, Evens Tone - 100% Vegan Formula - All Skin Types - Soothing & Nourishing Ingredients - 1.7 Fl Oz",
        "price": "$15.57 ($9.16 / Fl Oz)",
        "listPrice": "$19.99 ($11.76 / Fl Oz)",
        "imageUrl": "https://m.media-amazon.com/images/I/41DFJVlff1L._SL160_.jpg",
        "detailPageURL": "https://www.amazon.com/dp/B003Z4QHP0",
        "rating": "4.4",
        "totalReviews": "2849",
        "subtitle": "Acure",
        "isPrimeEligible": "1"
    },
    {
        "ASIN": "B0BBSP2JNQ",
        "title": "SimplyVital Face Moisturizer Collagen Cream - Anti Aging Neck and D\u00e9collet\u00e9 - Made in USA Day & Night Face Cream - Moisturizing, Lifting & Recovery - 1.7oz",
        "price": "$22.89 ($13.46 / Fl Oz)",
        "listPrice": "",
        "imageUrl": "https://m.media-amazon.com/images/I/51K4Sj98LsL._SL160_.jpg",
        "detailPageURL": "https://www.amazon.com/dp/B0BBSP2JNQ",
        "rating": "4.4",
        "totalReviews": "5009",
        "subtitle": "SimplyVital",
        "isPrimeEligible": "1"
    },
    {
        "ASIN": "B01DC6XTYC",
        "title": "Kleem Organics Retinol Cream for Face - Anti Aging Face Cream with Hyaluronic Acid & Collagen - Retinol Face Moisturizer for Wrinkles, Dark Spots, and Uneven Skin Texture - Crema Retinol Para La Cara",
        "price": "$26.97 ($15.86 / Ounce)",
        "listPrice": "$35.00 ($20.59 / Ounce)",
        "imageUrl": "https://m.media-amazon.com/images/I/41bXMkI7-1L._SL160_.jpg",
        "detailPageURL": "https://www.amazon.com/dp/B01DC6XTYC",
        "rating": "4.4",
        "totalReviews": "27603",
        "subtitle": "Kleem Organics",
        "isPrimeEligible": "1"
    },
    {
        "ASIN": "B09YDCCJBJ",
        "title": "AESTURA ATOBARRIER365 Cream with Ceramide, Korean Skin Barrier Repair Moisturizer, 100-hour Lasting Hydration for Dry & Sensitive Skin, Cruelty Free, Hypoallergenic, Korean Skin Care, 2.7 Fl Oz",
        "price": "$31.99 ($11.80 / Fl Oz)",
        "listPrice": "",
        "imageUrl": "https://m.media-amazon.com/images/I/21EqFAjAiwL._SL160_.jpg",
        "detailPageURL": "https://www.amazon.com/dp/B09YDCCJBJ",
        "rating": "4.6",
        "totalReviews": "444",
        "subtitle": "AESTURA",
        "isPrimeEligible": "1"
    },
    {
        "ASIN": "B07G25KZ5J",
        "title": "Glow Recipe Mini Watermelon Pink Juice Oil-Free Moisturizer 0.85 oz/ 25 mL",
        "price": "$21.00 ($24.71 / Fl Oz)",
        "listPrice": "",
        "imageUrl": "https://m.media-amazon.com/images/I/31A2Vpg0bCL._SL160_.jpg",
        "detailPageURL": "https://www.amazon.com/dp/B07G25KZ5J",
        "rating": "4.6",
        "totalReviews": "3074",
        "subtitle": "Glow Recipe",
        "isPrimeEligible": "1"
    },
    {
        "ASIN": "B00HNSSPHC",
        "title": "Neutrogena Triple Age Repair Anti-Aging Daily Facial Moisturizer with SPF 25 Sunscreen & Vitamin C, Firming Anti-Wrinkle Face & Neck Cream for Dark Spots, Glycerin & Shea Butter, 1.7 oz",
        "price": "$23.97 ($14.10 / Ounce)",
        "listPrice": "$28.09 ($16.52 / Ounce)",
        "imageUrl": "https://m.media-amazon.com/images/I/31DXUVUzo4L._SL160_.jpg",
        "detailPageURL": "https://www.amazon.com/dp/B00HNSSPHC",
        "rating": "4.5",
        "totalReviews": "13800",
        "subtitle": "Neutrogena",
        "isPrimeEligible": "1"
    },
    {
        "ASIN": "B01BRU1PVE",
        "title": "NATURE WELL Clinical Retinol Advanced Moisture Cream for Face, Body, & Hands, Anti Aging, Targets Discoloration, Wrinkles, Sun Damage, Crepey, & Sagging Skin, 16 Oz",
        "price": "$18.99 ($1.19 / Ounce)",
        "listPrice": "$24.99 ($1.56 / Ounce)",
        "imageUrl": "https://m.media-amazon.com/images/I/41oHDWvj+ES._SL160_.jpg",
        "detailPageURL": "https://www.amazon.com/dp/B01BRU1PVE",
        "rating": "4.5",
        "totalReviews": "10762",
        "subtitle": "NATURE WELL",
        "isPrimeEligible": "1"
    },
    {
        "ASIN": "B00TRBV9S0",
        "title": "Bulldog Natural Skincare, Original Moisturizer,3.3 Ounce (Pack of 2)",
        "price": "$17.19 ($2.60 / Fl Oz)",
        "listPrice": "",
        "imageUrl": "https://m.media-amazon.com/images/I/410GOj+SNHL._SL160_.jpg",
        "detailPageURL": "https://www.amazon.com/dp/B00TRBV9S0",
        "rating": "4.8",
        "totalReviews": "465",
        "subtitle": "Bulldog",
        "isPrimeEligible": "1"
    },
    {
        "ASIN": "B00NR1YQKO",
        "title": "Neutrogena Oil Free Acne Facial Moisturizer with.5% Salicylic Acid Acne Treatment, Pink Grapefruit Acne Fighting Face Lotion for Breakouts, Non-Greasy & Non-Comedogenic, 4 fl. oz",
        "price": "$9.12 ($2.28 / Fl Oz)",
        "listPrice": "$11.39 ($2.85 / Fl Oz)",
        "imageUrl": "https://m.media-amazon.com/images/I/31G2Fk2mAIL._SL160_.jpg",
        "detailPageURL": "https://www.amazon.com/dp/B00NR1YQKO",
        "rating": "4.5",
        "totalReviews": "13576",
        "subtitle": "Neutrogena",
        "isPrimeEligible": "1"
    },
    {
        "ASIN": "B003Z4QHP0",
        "title": "Acure Brightening Day Cream Set - Radiant Skin Day Cream with Cica & Argan Oil - Moisturizes, Evens Tone - 100% Vegan Formula - All Skin Types - Soothing & Nourishing Ingredients - 1.7 Fl Oz",
        "price": "$15.57 ($9.16 / Fl Oz)",
        "listPrice": "$19.99 ($11.76 / Fl Oz)",
        "imageUrl": "https://m.media-amazon.com/images/I/41DFJVlff1L._SL160_.jpg",
        "detailPageURL": "https://www.amazon.com/dp/B003Z4QHP0",
        "rating": "4.4",
        "totalReviews": "2849",
        "subtitle": "Acure",
        "isPrimeEligible": "1"
    },
    {
        "ASIN": "B0BBSP2JNQ",
        "title": "SimplyVital Face Moisturizer Collagen Cream - Anti Aging Neck and D\u00e9collet\u00e9 - Made in USA Day & Night Face Cream - Moisturizing, Lifting & Recovery - 1.7oz",
        "price": "$22.89 ($13.46 / Fl Oz)",
        "listPrice": "",
        "imageUrl": "https://m.media-amazon.com/images/I/51K4Sj98LsL._SL160_.jpg",
        "detailPageURL": "https://www.amazon.com/dp/B0BBSP2JNQ",
        "rating": "4.4",
        "totalReviews": "5009",
        "subtitle": "SimplyVital",
        "isPrimeEligible": "1"
    },
    {
        "ASIN": "B01DC6XTYC",
        "title": "Kleem Organics Retinol Cream for Face - Anti Aging Face Cream with Hyaluronic Acid & Collagen - Retinol Face Moisturizer for Wrinkles, Dark Spots, and Uneven Skin Texture - Crema Retinol Para La Cara",
        "price": "$26.97 ($15.86 / Ounce)",
        "listPrice": "$35.00 ($20.59 / Ounce)",
        "imageUrl": "https://m.media-amazon.com/images/I/41bXMkI7-1L._SL160_.jpg",
        "detailPageURL": "https://www.amazon.com/dp/B01DC6XTYC",
        "rating": "4.4",
        "totalReviews": "27603",
        "subtitle": "Kleem Organics",
        "isPrimeEligible": "1"
    },
    {
        "ASIN": "B09YDCCJBJ",
        "title": "AESTURA ATOBARRIER365 Cream with Ceramide, Korean Skin Barrier Repair Moisturizer, 100-hour Lasting Hydration for Dry & Sensitive Skin, Cruelty Free, Hypoallergenic, Korean Skin Care, 2.7 Fl Oz",
        "price": "$31.99 ($11.80 / Fl Oz)",
        "listPrice": "",
        "imageUrl": "https://m.media-amazon.com/images/I/21EqFAjAiwL._SL160_.jpg",
        "detailPageURL": "https://www.amazon.com/dp/B09YDCCJBJ",
        "rating": "4.6",
        "totalReviews": "444",
        "subtitle": "AESTURA",
        "isPrimeEligible": "1"
    },
    {
        "ASIN": "B07G25KZ5J",
        "title": "Glow Recipe Mini Watermelon Pink Juice Oil-Free Moisturizer 0.85 oz/ 25 mL",
        "price": "$21.00 ($24.71 / Fl Oz)",
        "listPrice": "",
        "imageUrl": "https://m.media-amazon.com/images/I/31A2Vpg0bCL._SL160_.jpg",
        "detailPageURL": "https://www.amazon.com/dp/B07G25KZ5J",
        "rating": "4.6",
        "totalReviews": "3074",
        "subtitle": "Glow Recipe",
        "isPrimeEligible": "1"
    },
    {
        "ASIN": "B00HNSSPHC",
        "title": "Neutrogena Triple Age Repair Anti-Aging Daily Facial Moisturizer with SPF 25 Sunscreen & Vitamin C, Firming Anti-Wrinkle Face & Neck Cream for Dark Spots, Glycerin & Shea Butter, 1.7 oz",
        "price": "$23.97 ($14.10 / Ounce)",
        "listPrice": "$28.09 ($16.52 / Ounce)",
        "imageUrl": "https://m.media-amazon.com/images/I/31DXUVUzo4L._SL160_.jpg",
        "detailPageURL": "https://www.amazon.com/dp/B00HNSSPHC",
        "rating": "4.5",
        "totalReviews": "13800",
        "subtitle": "Neutrogena",
        "isPrimeEligible": "1"
    },
    {
        "ASIN": "B01BRU1PVE",
        "title": "NATURE WELL Clinical Retinol Advanced Moisture Cream for Face, Body, & Hands, Anti Aging, Targets Discoloration, Wrinkles, Sun Damage, Crepey, & Sagging Skin, 16 Oz",
        "price": "$18.99 ($1.19 / Ounce)",
        "listPrice": "$24.99 ($1.56 / Ounce)",
        "imageUrl": "https://m.media-amazon.com/images/I/41oHDWvj+ES._SL160_.jpg",
        "detailPageURL": "https://www.amazon.com/dp/B01BRU1PVE",
        "rating": "4.5",
        "totalReviews": "10762",
        "subtitle": "NATURE WELL",
        "isPrimeEligible": "1"
    },
    {
        "ASIN": "B00TRBV9S0",
        "title": "Bulldog Natural Skincare, Original Moisturizer,3.3 Ounce (Pack of 2)",
        "price": "$17.19 ($2.60 / Fl Oz)",
        "listPrice": "",
        "imageUrl": "https://m.media-amazon.com/images/I/410GOj+SNHL._SL160_.jpg",
        "detailPageURL": "https://www.amazon.com/dp/B00TRBV9S0",
        "rating": "4.8",
        "totalReviews": "465",
        "subtitle": "Bulldog",
        "isPrimeEligible": "1"
    },
    {
        "ASIN": "B00NR1YQKO",
        "title": "Neutrogena Oil Free Acne Facial Moisturizer with.5% Salicylic Acid Acne Treatment, Pink Grapefruit Acne Fighting Face Lotion for Breakouts, Non-Greasy & Non-Comedogenic, 4 fl. oz",
        "price": "$9.12 ($2.28 / Fl Oz)",
        "listPrice": "$11.39 ($2.85 / Fl Oz)",
        "imageUrl": "https://m.media-amazon.com/images/I/31G2Fk2mAIL._SL160_.jpg",
        "detailPageURL": "https://www.amazon.com/dp/B00NR1YQKO",
        "rating": "4.5",
        "totalReviews": "13576",
        "subtitle": "Neutrogena",
        "isPrimeEligible": "1"
    },
    {
        "ASIN": "B077RTL1HJ",
        "title": "Illiyoon Ceramide Ato Concentrate Cream 200ml, 6.76 Fl Oz",
        "price": "$18.20 ($2.68 / Ounce)",
        "listPrice": "$24.99 ($3.68 / Ounce)",
        "imageUrl": "https://m.media-amazon.com/images/I/41DWm+p5vXL._SL160_.jpg",
        "detailPageURL": "https://www.amazon.com/dp/B077RTL1HJ",
        "rating": "4.6",
        "totalReviews": "855",
        "subtitle": "Illiyoon",
        "isPrimeEligible": "1"
    },
    {
        "ASIN": "B0BBSP2JNQ",
        "title": "SimplyVital Face Moisturizer Collagen Cream - Anti Aging Neck and D\u00e9collet\u00e9 - Made in USA Day & Night Face Cream - Moisturizing, Lifting & Recovery - 1.7oz",
        "price": "$22.89 ($13.46 / Fl Oz)",
        "listPrice": "",
        "imageUrl": "https://m.media-amazon.com/images/I/51K4Sj98LsL._SL160_.jpg",
        "detailPageURL": "https://www.amazon.com/dp/B0BBSP2JNQ",
        "rating": "4.4",
        "totalReviews": "5009",
        "subtitle": "SimplyVital",
        "isPrimeEligible": "1"
    },
    {
        "ASIN": "B01DC6XTYC",
        "title": "Kleem Organics Retinol Cream for Face - Anti Aging Face Cream with Hyaluronic Acid & Collagen - Retinol Face Moisturizer for Wrinkles, Dark Spots, and Uneven Skin Texture - Crema Retinol Para La Cara",
        "price": "$26.97 ($15.86 / Ounce)",
        "listPrice": "$35.00 ($20.59 / Ounce)",
        "imageUrl": "https://m.media-amazon.com/images/I/41bXMkI7-1L._SL160_.jpg",
        "detailPageURL": "https://www.amazon.com/dp/B01DC6XTYC",
        "rating": "4.4",
        "totalReviews": "27603",
        "subtitle": "Kleem Organics",
        "isPrimeEligible": "1"
    },
    {
        "ASIN": "B09YDCCJBJ",
        "title": "AESTURA ATOBARRIER365 Cream with Ceramide, Korean Skin Barrier Repair Moisturizer, 100-hour Lasting Hydration for Dry & Sensitive Skin, Cruelty Free, Hypoallergenic, Korean Skin Care, 2.7 Fl Oz",
        "price": "$31.99 ($11.80 / Fl Oz)",
        "listPrice": "",
        "imageUrl": "https://m.media-amazon.com/images/I/21EqFAjAiwL._SL160_.jpg",
        "detailPageURL": "https://www.amazon.com/dp/B09YDCCJBJ",
        "rating": "4.6",
        "totalReviews": "444",
        "subtitle": "AESTURA",
        "isPrimeEligible": "1"
    },
    {
        "ASIN": "B07G25KZ5J",
        "title": "Glow Recipe Mini Watermelon Pink Juice Oil-Free Moisturizer 0.85 oz/ 25 mL",
        "price": "$21.00 ($24.71 / Fl Oz)",
        "listPrice": "",
        "imageUrl": "https://m.media-amazon.com/images/I/31A2Vpg0bCL._SL160_.jpg",
        "detailPageURL": "https://www.amazon.com/dp/B07G25KZ5J",
        "rating": "4.6",
        "totalReviews": "3074",
        "subtitle": "Glow Recipe",
        "isPrimeEligible": "1"
    },
    {
        "ASIN": "B00HNSSPHC",
        "title": "Neutrogena Triple Age Repair Anti-Aging Daily Facial Moisturizer with SPF 25 Sunscreen & Vitamin C, Firming Anti-Wrinkle Face & Neck Cream for Dark Spots, Glycerin & Shea Butter, 1.7 oz",
        "price": "$23.97 ($14.10 / Ounce)",
        "listPrice": "$28.09 ($16.52 / Ounce)",
        "imageUrl": "https://m.media-amazon.com/images/I/31DXUVUzo4L._SL160_.jpg",
        "detailPageURL": "https://www.amazon.com/dp/B00HNSSPHC",
        "rating": "4.5",
        "totalReviews": "13800",
        "subtitle": "Neutrogena",
        "isPrimeEligible": "1"
    },
    {
        "ASIN": "B01BRU1PVE",
        "title": "NATURE WELL Clinical Retinol Advanced Moisture Cream for Face, Body, & Hands, Anti Aging, Targets Discoloration, Wrinkles, Sun Damage, Crepey, & Sagging Skin, 16 Oz",
        "price": "$18.99 ($1.19 / Ounce)",
        "listPrice": "$24.99 ($1.56 / Ounce)",
        "imageUrl": "https://m.media-amazon.com/images/I/41oHDWvj+ES._SL160_.jpg",
        "detailPageURL": "https://www.amazon.com/dp/B01BRU1PVE",
        "rating": "4.5",
        "totalReviews": "10762",
        "subtitle": "NATURE WELL",
        "isPrimeEligible": "1"
    },
    {
        "ASIN": "B00TRBV9S0",
        "title": "Bulldog Natural Skincare, Original Moisturizer,3.3 Ounce (Pack of 2)",
        "price": "$17.19 ($2.60 / Fl Oz)",
        "listPrice": "",
        "imageUrl": "https://m.media-amazon.com/images/I/410GOj+SNHL._SL160_.jpg",
        "detailPageURL": "https://www.amazon.com/dp/B00TRBV9S0",
        "rating": "4.8",
        "totalReviews": "465",
        "subtitle": "Bulldog",
        "isPrimeEligible": "1"
    },
    {
        "ASIN": "B00NR1YQKO",
        "title": "Neutrogena Oil Free Acne Facial Moisturizer with.5% Salicylic Acid Acne Treatment, Pink Grapefruit Acne Fighting Face Lotion for Breakouts, Non-Greasy & Non-Comedogenic, 4 fl. oz",
        "price": "$9.12 ($2.28 / Fl Oz)",
        "listPrice": "$11.39 ($2.85 / Fl Oz)",
        "imageUrl": "https://m.media-amazon.com/images/I/31G2Fk2mAIL._SL160_.jpg",
        "detailPageURL": "https://www.amazon.com/dp/B00NR1YQKO",
        "rating": "4.5",
        "totalReviews": "13576",
        "subtitle": "Neutrogena",
        "isPrimeEligible": "1"
    },
    {
        "ASIN": "B077RTL1HJ",
        "title": "Illiyoon Ceramide Ato Concentrate Cream 200ml, 6.76 Fl Oz",
        "price": "$18.20 ($2.68 / Ounce)",
        "listPrice": "$24.99 ($3.68 / Ounce)",
        "imageUrl": "https://m.media-amazon.com/images/I/41DWm+p5vXL._SL160_.jpg",
        "detailPageURL": "https://www.amazon.com/dp/B077RTL1HJ",
        "rating": "4.6",
        "totalReviews": "855",
        "subtitle": "Illiyoon",
        "isPrimeEligible": "1"
    },
    {
        "ASIN": "B09BG477N1",
        "title": "Naturium Multi-Peptide Moisturizer Plus Ethylated Vitamin C & Panthenol, Hydrating & Smoothing Skin Care, 1.7 oz",
        "price": "$18.99 ($11.17 / Fl Oz)",
        "listPrice": "$19.99 ($11.76 / Fl Oz)",
        "imageUrl": "https://m.media-amazon.com/images/I/31RZFQMHdBL._SL160_.jpg",
        "detailPageURL": "https://www.amazon.com/dp/B09BG477N1",
        "rating": "4.7",
        "totalReviews": "830",
        "subtitle": "Naturium",
        "isPrimeEligible": "1"
    },
    {
        "ASIN": "B01DC6XTYC",
        "title": "Kleem Organics Retinol Cream for Face - Anti Aging Face Cream with Hyaluronic Acid & Collagen - Retinol Face Moisturizer for Wrinkles, Dark Spots, and Uneven Skin Texture - Crema Retinol Para La Cara",
        "price": "$26.97 ($15.86 / Ounce)",
        "listPrice": "$35.00 ($20.59 / Ounce)",
        "imageUrl": "https://m.media-amazon.com/images/I/41bXMkI7-1L._SL160_.jpg",
        "detailPageURL": "https://www.amazon.com/dp/B01DC6XTYC",
        "rating": "4.4",
        "totalReviews": "27603",
        "subtitle": "Kleem Organics",
        "isPrimeEligible": "1"
    },
    {
        "ASIN": "B09YDCCJBJ",
        "title": "AESTURA ATOBARRIER365 Cream with Ceramide, Korean Skin Barrier Repair Moisturizer, 100-hour Lasting Hydration for Dry & Sensitive Skin, Cruelty Free, Hypoallergenic, Korean Skin Care, 2.7 Fl Oz",
        "price": "$31.99 ($11.80 / Fl Oz)",
        "listPrice": "",
        "imageUrl": "https://m.media-amazon.com/images/I/21EqFAjAiwL._SL160_.jpg",
        "detailPageURL": "https://www.amazon.com/dp/B09YDCCJBJ",
        "rating": "4.6",
        "totalReviews": "444",
        "subtitle": "AESTURA",
        "isPrimeEligible": "1"
    },
    {
        "ASIN": "B07G25KZ5J",
        "title": "Glow Recipe Mini Watermelon Pink Juice Oil-Free Moisturizer 0.85 oz/ 25 mL",
        "price": "$21.00 ($24.71 / Fl Oz)",
        "listPrice": "",
        "imageUrl": "https://m.media-amazon.com/images/I/31A2Vpg0bCL._SL160_.jpg",
        "detailPageURL": "https://www.amazon.com/dp/B07G25KZ5J",
        "rating": "4.6",
        "totalReviews": "3074",
        "subtitle": "Glow Recipe",
        "isPrimeEligible": "1"
    },
    {
        "ASIN": "B00HNSSPHC",
        "title": "Neutrogena Triple Age Repair Anti-Aging Daily Facial Moisturizer with SPF 25 Sunscreen & Vitamin C, Firming Anti-Wrinkle Face & Neck Cream for Dark Spots, Glycerin & Shea Butter, 1.7 oz",
        "price": "$23.97 ($14.10 / Ounce)",
        "listPrice": "$28.09 ($16.52 / Ounce)",
        "imageUrl": "https://m.media-amazon.com/images/I/31DXUVUzo4L._SL160_.jpg",
        "detailPageURL": "https://www.amazon.com/dp/B00HNSSPHC",
        "rating": "4.5",
        "totalReviews": "13800",
        "subtitle": "Neutrogena",
        "isPrimeEligible": "1"
    },
    {
        "ASIN": "B01BRU1PVE",
        "title": "NATURE WELL Clinical Retinol Advanced Moisture Cream for Face, Body, & Hands, Anti Aging, Targets Discoloration, Wrinkles, Sun Damage, Crepey, & Sagging Skin, 16 Oz",
        "price": "$18.99 ($1.19 / Ounce)",
        "listPrice": "$24.99 ($1.56 / Ounce)",
        "imageUrl": "https://m.media-amazon.com/images/I/41oHDWvj+ES._SL160_.jpg",
        "detailPageURL": "https://www.amazon.com/dp/B01BRU1PVE",
        "rating": "4.5",
        "totalReviews": "10762",
        "subtitle": "NATURE WELL",
        "isPrimeEligible": "1"
    },
    {
        "ASIN": "B00TRBV9S0",
        "title": "Bulldog Natural Skincare, Original Moisturizer,3.3 Ounce (Pack of 2)",
        "price": "$17.19 ($2.60 / Fl Oz)",
        "listPrice": "",
        "imageUrl": "https://m.media-amazon.com/images/I/410GOj+SNHL._SL160_.jpg",
        "detailPageURL": "https://www.amazon.com/dp/B00TRBV9S0",
        "rating": "4.8",
        "totalReviews": "465",
        "subtitle": "Bulldog",
        "isPrimeEligible": "1"
    },
    {
        "ASIN": "B00NR1YQKO",
        "title": "Neutrogena Oil Free Acne Facial Moisturizer with.5% Salicylic Acid Acne Treatment, Pink Grapefruit Acne Fighting Face Lotion for Breakouts, Non-Greasy & Non-Comedogenic, 4 fl. oz",
        "price": "$9.12 ($2.28 / Fl Oz)",
        "listPrice": "$11.39 ($2.85 / Fl Oz)",
        "imageUrl": "https://m.media-amazon.com/images/I/31G2Fk2mAIL._SL160_.jpg",
        "detailPageURL": "https://www.amazon.com/dp/B00NR1YQKO",
        "rating": "4.5",
        "totalReviews": "13576",
        "subtitle": "Neutrogena",
        "isPrimeEligible": "1"
    },
    {
        "ASIN": "B077RTL1HJ",
        "title": "Illiyoon Ceramide Ato Concentrate Cream 200ml, 6.76 Fl Oz",
        "price": "$18.20 ($2.68 / Ounce)",
        "listPrice": "$24.99 ($3.68 / Ounce)",
        "imageUrl": "https://m.media-amazon.com/images/I/41DWm+p5vXL._SL160_.jpg",
        "detailPageURL": "https://www.amazon.com/dp/B077RTL1HJ",
        "rating": "4.6",
        "totalReviews": "855",
        "subtitle": "Illiyoon",
        "isPrimeEligible": "1"
    },
    {
        "ASIN": "B09BG477N1",
        "title": "Naturium Multi-Peptide Moisturizer Plus Ethylated Vitamin C & Panthenol, Hydrating & Smoothing Skin Care, 1.7 oz",
        "price": "$18.99 ($11.17 / Fl Oz)",
        "listPrice": "$19.99 ($11.76 / Fl Oz)",
        "imageUrl": "https://m.media-amazon.com/images/I/31RZFQMHdBL._SL160_.jpg",
        "detailPageURL": "https://www.amazon.com/dp/B09BG477N1",
        "rating": "4.7",
        "totalReviews": "830",
        "subtitle": "Naturium",
        "isPrimeEligible": "1"
    },
    {
        "ASIN": "B086WVRZBJ",
        "title": "PURITO [ESSENTIAL OIL-FREE] DEEP SEA PURE WATER CREAM 50g/1.7fl.oz, moisture cream for face, facial watery cream, Vegan",
        "price": "$15.63 ($8.88 / Ounce)",
        "listPrice": "$16.80 ($9.55 / Ounce)",
        "imageUrl": "https://m.media-amazon.com/images/I/31Ff1R3ZbtL._SL160_.jpg",
        "detailPageURL": "https://www.amazon.com/dp/B086WVRZBJ",
        "rating": "4.6",
        "totalReviews": "1711",
        "subtitle": "PURITO",
        "isPrimeEligible": "1"
    },
    {
        "ASIN": "B09YDCCJBJ",
        "title": "AESTURA ATOBARRIER365 Cream with Ceramide, Korean Skin Barrier Repair Moisturizer, 100-hour Lasting Hydration for Dry & Sensitive Skin, Cruelty Free, Hypoallergenic, Korean Skin Care, 2.7 Fl Oz",
        "price": "$31.99 ($11.80 / Fl Oz)",
        "listPrice": "",
        "imageUrl": "https://m.media-amazon.com/images/I/21EqFAjAiwL._SL160_.jpg",
        "detailPageURL": "https://www.amazon.com/dp/B09YDCCJBJ",
        "rating": "4.6",
        "totalReviews": "444",
        "subtitle": "AESTURA",
        "isPrimeEligible": "1"
    },
    {
        "ASIN": "B07G25KZ5J",
        "title": "Glow Recipe Mini Watermelon Pink Juice Oil-Free Moisturizer 0.85 oz/ 25 mL",
        "price": "$21.00 ($24.71 / Fl Oz)",
        "listPrice": "",
        "imageUrl": "https://m.media-amazon.com/images/I/31A2Vpg0bCL._SL160_.jpg",
        "detailPageURL": "https://www.amazon.com/dp/B07G25KZ5J",
        "rating": "4.6",
        "totalReviews": "3074",
        "subtitle": "Glow Recipe",
        "isPrimeEligible": "1"
    },
    {
        "ASIN": "B00HNSSPHC",
        "title": "Neutrogena Triple Age Repair Anti-Aging Daily Facial Moisturizer with SPF 25 Sunscreen & Vitamin C, Firming Anti-Wrinkle Face & Neck Cream for Dark Spots, Glycerin & Shea Butter, 1.7 oz",
        "price": "$23.97 ($14.10 / Ounce)",
        "listPrice": "$28.09 ($16.52 / Ounce)",
        "imageUrl": "https://m.media-amazon.com/images/I/31DXUVUzo4L._SL160_.jpg",
        "detailPageURL": "https://www.amazon.com/dp/B00HNSSPHC",
        "rating": "4.5",
        "totalReviews": "13800",
        "subtitle": "Neutrogena",
        "isPrimeEligible": "1"
    },
    {
        "ASIN": "B01BRU1PVE",
        "title": "NATURE WELL Clinical Retinol Advanced Moisture Cream for Face, Body, & Hands, Anti Aging, Targets Discoloration, Wrinkles, Sun Damage, Crepey, & Sagging Skin, 16 Oz",
        "price": "$18.99 ($1.19 / Ounce)",
        "listPrice": "$24.99 ($1.56 / Ounce)",
        "imageUrl": "https://m.media-amazon.com/images/I/41oHDWvj+ES._SL160_.jpg",
        "detailPageURL": "https://www.amazon.com/dp/B01BRU1PVE",
        "rating": "4.5",
        "totalReviews": "10762",
        "subtitle": "NATURE WELL",
        "isPrimeEligible": "1"
    },
    {
        "ASIN": "B00TRBV9S0",
        "title": "Bulldog Natural Skincare, Original Moisturizer,3.3 Ounce (Pack of 2)",
        "price": "$17.19 ($2.60 / Fl Oz)",
        "listPrice": "",
        "imageUrl": "https://m.media-amazon.com/images/I/410GOj+SNHL._SL160_.jpg",
        "detailPageURL": "https://www.amazon.com/dp/B00TRBV9S0",
        "rating": "4.8",
        "totalReviews": "465",
        "subtitle": "Bulldog",
        "isPrimeEligible": "1"
    },
    {
        "ASIN": "B00NR1YQKO",
        "title": "Neutrogena Oil Free Acne Facial Moisturizer with.5% Salicylic Acid Acne Treatment, Pink Grapefruit Acne Fighting Face Lotion for Breakouts, Non-Greasy & Non-Comedogenic, 4 fl. oz",
        "price": "$9.12 ($2.28 / Fl Oz)",
        "listPrice": "$11.39 ($2.85 / Fl Oz)",
        "imageUrl": "https://m.media-amazon.com/images/I/31G2Fk2mAIL._SL160_.jpg",
        "detailPageURL": "https://www.amazon.com/dp/B00NR1YQKO",
        "rating": "4.5",
        "totalReviews": "13576",
        "subtitle": "Neutrogena",
        "isPrimeEligible": "1"
    },
    {
        "ASIN": "B077RTL1HJ",
        "title": "Illiyoon Ceramide Ato Concentrate Cream 200ml, 6.76 Fl Oz",
        "price": "$18.20 ($2.68 / Ounce)",
        "listPrice": "$24.99 ($3.68 / Ounce)",
        "imageUrl": "https://m.media-amazon.com/images/I/41DWm+p5vXL._SL160_.jpg",
        "detailPageURL": "https://www.amazon.com/dp/B077RTL1HJ",
        "rating": "4.6",
        "totalReviews": "855",
        "subtitle": "Illiyoon",
        "isPrimeEligible": "1"
    },
    {
        "ASIN": "B09BG477N1",
        "title": "Naturium Multi-Peptide Moisturizer Plus Ethylated Vitamin C & Panthenol, Hydrating & Smoothing Skin Care, 1.7 oz",
        "price": "$18.99 ($11.17 / Fl Oz)",
        "listPrice": "$19.99 ($11.76 / Fl Oz)",
        "imageUrl": "https://m.media-amazon.com/images/I/31RZFQMHdBL._SL160_.jpg",
        "detailPageURL": "https://www.amazon.com/dp/B09BG477N1",
        "rating": "4.7",
        "totalReviews": "830",
        "subtitle": "Naturium",
        "isPrimeEligible": "1"
    },
    {
        "ASIN": "B086WVRZBJ",
        "title": "PURITO [ESSENTIAL OIL-FREE] DEEP SEA PURE WATER CREAM 50g/1.7fl.oz, moisture cream for face, facial watery cream, Vegan",
        "price": "$15.63 ($8.88 / Ounce)",
        "listPrice": "$16.80 ($9.55 / Ounce)",
        "imageUrl": "https://m.media-amazon.com/images/I/31Ff1R3ZbtL._SL160_.jpg",
        "detailPageURL": "https://www.amazon.com/dp/B086WVRZBJ",
        "rating": "4.6",
        "totalReviews": "1711",
        "subtitle": "PURITO",
        "isPrimeEligible": "1"
    },
    {
        "ASIN": "B00DG8F02Q",
        "title": "NIVEA Shea Nourish Body Lotion, Dry Skin Lotion with Shea Butter, 16.9 Fl Oz Pump Bottle",
        "price": "$5.49 ($0.32 / Ounce)",
        "listPrice": "$7.99 ($0.47 / Ounce)",
        "imageUrl": "https://m.media-amazon.com/images/I/31+WLRw2Y6L._SL160_.jpg",
        "detailPageURL": "https://www.amazon.com/dp/B00DG8F02Q",
        "rating": "4.7",
        "totalReviews": "15544",
        "subtitle": "NIVEA",
        "isPrimeEligible": "1"
    },
    {
        "ASIN": "B07G25KZ5J",
        "title": "Glow Recipe Mini Watermelon Pink Juice Oil-Free Moisturizer 0.85 oz/ 25 mL",
        "price": "$21.00 ($24.71 / Fl Oz)",
        "listPrice": "",
        "imageUrl": "https://m.media-amazon.com/images/I/31A2Vpg0bCL._SL160_.jpg",
        "detailPageURL": "https://www.amazon.com/dp/B07G25KZ5J",
        "rating": "4.6",
        "totalReviews": "3074",
        "subtitle": "Glow Recipe",
        "isPrimeEligible": "1"
    },
    {
        "ASIN": "B00HNSSPHC",
        "title": "Neutrogena Triple Age Repair Anti-Aging Daily Facial Moisturizer with SPF 25 Sunscreen & Vitamin C, Firming Anti-Wrinkle Face & Neck Cream for Dark Spots, Glycerin & Shea Butter, 1.7 oz",
        "price": "$23.97 ($14.10 / Ounce)",
        "listPrice": "$28.09 ($16.52 / Ounce)",
        "imageUrl": "https://m.media-amazon.com/images/I/31DXUVUzo4L._SL160_.jpg",
        "detailPageURL": "https://www.amazon.com/dp/B00HNSSPHC",
        "rating": "4.5",
        "totalReviews": "13800",
        "subtitle": "Neutrogena",
        "isPrimeEligible": "1"
    },
    {
        "ASIN": "B01BRU1PVE",
        "title": "NATURE WELL Clinical Retinol Advanced Moisture Cream for Face, Body, & Hands, Anti Aging, Targets Discoloration, Wrinkles, Sun Damage, Crepey, & Sagging Skin, 16 Oz",
        "price": "$18.99 ($1.19 / Ounce)",
        "listPrice": "$24.99 ($1.56 / Ounce)",
        "imageUrl": "https://m.media-amazon.com/images/I/41oHDWvj+ES._SL160_.jpg",
        "detailPageURL": "https://www.amazon.com/dp/B01BRU1PVE",
        "rating": "4.5",
        "totalReviews": "10762",
        "subtitle": "NATURE WELL",
        "isPrimeEligible": "1"
    },
    {
        "ASIN": "B00TRBV9S0",
        "title": "Bulldog Natural Skincare, Original Moisturizer,3.3 Ounce (Pack of 2)",
        "price": "$17.19 ($2.60 / Fl Oz)",
        "listPrice": "",
        "imageUrl": "https://m.media-amazon.com/images/I/410GOj+SNHL._SL160_.jpg",
        "detailPageURL": "https://www.amazon.com/dp/B00TRBV9S0",
        "rating": "4.8",
        "totalReviews": "465",
        "subtitle": "Bulldog",
        "isPrimeEligible": "1"
    },
    {
        "ASIN": "B00NR1YQKO",
        "title": "Neutrogena Oil Free Acne Facial Moisturizer with.5% Salicylic Acid Acne Treatment, Pink Grapefruit Acne Fighting Face Lotion for Breakouts, Non-Greasy & Non-Comedogenic, 4 fl. oz",
        "price": "$9.12 ($2.28 / Fl Oz)",
        "listPrice": "$11.39 ($2.85 / Fl Oz)",
        "imageUrl": "https://m.media-amazon.com/images/I/31G2Fk2mAIL._SL160_.jpg",
        "detailPageURL": "https://www.amazon.com/dp/B00NR1YQKO",
        "rating": "4.5",
        "totalReviews": "13576",
        "subtitle": "Neutrogena",
        "isPrimeEligible": "1"
    },
    {
        "ASIN": "B077RTL1HJ",
        "title": "Illiyoon Ceramide Ato Concentrate Cream 200ml, 6.76 Fl Oz",
        "price": "$18.20 ($2.68 / Ounce)",
        "listPrice": "$24.99 ($3.68 / Ounce)",
        "imageUrl": "https://m.media-amazon.com/images/I/41DWm+p5vXL._SL160_.jpg",
        "detailPageURL": "https://www.amazon.com/dp/B077RTL1HJ",
        "rating": "4.6",
        "totalReviews": "855",
        "subtitle": "Illiyoon",
        "isPrimeEligible": "1"
    },
    {
        "ASIN": "B09BG477N1",
        "title": "Naturium Multi-Peptide Moisturizer Plus Ethylated Vitamin C & Panthenol, Hydrating & Smoothing Skin Care, 1.7 oz",
        "price": "$18.99 ($11.17 / Fl Oz)",
        "listPrice": "$19.99 ($11.76 / Fl Oz)",
        "imageUrl": "https://m.media-amazon.com/images/I/31RZFQMHdBL._SL160_.jpg",
        "detailPageURL": "https://www.amazon.com/dp/B09BG477N1",
        "rating": "4.7",
        "totalReviews": "830",
        "subtitle": "Naturium",
        "isPrimeEligible": "1"
    },
    {
        "ASIN": "B086WVRZBJ",
        "title": "PURITO [ESSENTIAL OIL-FREE] DEEP SEA PURE WATER CREAM 50g/1.7fl.oz, moisture cream for face, facial watery cream, Vegan",
        "price": "$15.63 ($8.88 / Ounce)",
        "listPrice": "$16.80 ($9.55 / Ounce)",
        "imageUrl": "https://m.media-amazon.com/images/I/31Ff1R3ZbtL._SL160_.jpg",
        "detailPageURL": "https://www.amazon.com/dp/B086WVRZBJ",
        "rating": "4.6",
        "totalReviews": "1711",
        "subtitle": "PURITO",
        "isPrimeEligible": "1"
    },
    {
        "ASIN": "B00DG8F02Q",
        "title": "NIVEA Shea Nourish Body Lotion, Dry Skin Lotion with Shea Butter, 16.9 Fl Oz Pump Bottle",
        "price": "$5.49 ($0.32 / Ounce)",
        "listPrice": "$7.99 ($0.47 / Ounce)",
        "imageUrl": "https://m.media-amazon.com/images/I/31+WLRw2Y6L._SL160_.jpg",
        "detailPageURL": "https://www.amazon.com/dp/B00DG8F02Q",
        "rating": "4.7",
        "totalReviews": "15544",
        "subtitle": "NIVEA",
        "isPrimeEligible": "1"
    },
    {
        "ASIN": "B000052YOX",
        "title": "Neutrogena Oil Free Moisture Daily Hydrating Facial Moisturizer & Neck Cream with Glycerin - Fast Absorbing Ultra Gentle Lightweight Face Lotion & Sensitive Skin Face Moisturizer, 4 fl. oz",
        "price": "$48.95 ($12.24 / Fl Oz)",
        "listPrice": "",
        "imageUrl": "https://m.media-amazon.com/images/I/41jtB+9-FWL._SL160_.jpg",
        "detailPageURL": "https://www.amazon.com/dp/B000052YOX",
        "rating": "4.7",
        "totalReviews": "18967",
        "subtitle": "Neutrogena",
        "isPrimeEligible": "0"
    },
    {
        "ASIN": "B00HNSSPHC",
        "title": "Neutrogena Triple Age Repair Anti-Aging Daily Facial Moisturizer with SPF 25 Sunscreen & Vitamin C, Firming Anti-Wrinkle Face & Neck Cream for Dark Spots, Glycerin & Shea Butter, 1.7 oz",
        "price": "$23.97 ($14.10 / Ounce)",
        "listPrice": "$28.09 ($16.52 / Ounce)",
        "imageUrl": "https://m.media-amazon.com/images/I/31DXUVUzo4L._SL160_.jpg",
        "detailPageURL": "https://www.amazon.com/dp/B00HNSSPHC",
        "rating": "4.5",
        "totalReviews": "13800",
        "subtitle": "Neutrogena",
        "isPrimeEligible": "1"
    },
    {
        "ASIN": "B01BRU1PVE",
        "title": "NATURE WELL Clinical Retinol Advanced Moisture Cream for Face, Body, & Hands, Anti Aging, Targets Discoloration, Wrinkles, Sun Damage, Crepey, & Sagging Skin, 16 Oz",
        "price": "$18.99 ($1.19 / Ounce)",
        "listPrice": "$24.99 ($1.56 / Ounce)",
        "imageUrl": "https://m.media-amazon.com/images/I/41oHDWvj+ES._SL160_.jpg",
        "detailPageURL": "https://www.amazon.com/dp/B01BRU1PVE",
        "rating": "4.5",
        "totalReviews": "10762",
        "subtitle": "NATURE WELL",
        "isPrimeEligible": "1"
    },
    {
        "ASIN": "B00TRBV9S0",
        "title": "Bulldog Natural Skincare, Original Moisturizer,3.3 Ounce (Pack of 2)",
        "price": "$17.19 ($2.60 / Fl Oz)",
        "listPrice": "",
        "imageUrl": "https://m.media-amazon.com/images/I/410GOj+SNHL._SL160_.jpg",
        "detailPageURL": "https://www.amazon.com/dp/B00TRBV9S0",
        "rating": "4.8",
        "totalReviews": "465",
        "subtitle": "Bulldog",
        "isPrimeEligible": "1"
    },
    {
        "ASIN": "B00NR1YQKO",
        "title": "Neutrogena Oil Free Acne Facial Moisturizer with.5% Salicylic Acid Acne Treatment, Pink Grapefruit Acne Fighting Face Lotion for Breakouts, Non-Greasy & Non-Comedogenic, 4 fl. oz",
        "price": "$9.12 ($2.28 / Fl Oz)",
        "listPrice": "$11.39 ($2.85 / Fl Oz)",
        "imageUrl": "https://m.media-amazon.com/images/I/31G2Fk2mAIL._SL160_.jpg",
        "detailPageURL": "https://www.amazon.com/dp/B00NR1YQKO",
        "rating": "4.5",
        "totalReviews": "13576",
        "subtitle": "Neutrogena",
        "isPrimeEligible": "1"
    },
    {
        "ASIN": "B077RTL1HJ",
        "title": "Illiyoon Ceramide Ato Concentrate Cream 200ml, 6.76 Fl Oz",
        "price": "$18.20 ($2.68 / Ounce)",
        "listPrice": "$24.99 ($3.68 / Ounce)",
        "imageUrl": "https://m.media-amazon.com/images/I/41DWm+p5vXL._SL160_.jpg",
        "detailPageURL": "https://www.amazon.com/dp/B077RTL1HJ",
        "rating": "4.6",
        "totalReviews": "855",
        "subtitle": "Illiyoon",
        "isPrimeEligible": "1"
    },
    {
        "ASIN": "B09BG477N1",
        "title": "Naturium Multi-Peptide Moisturizer Plus Ethylated Vitamin C & Panthenol, Hydrating & Smoothing Skin Care, 1.7 oz",
        "price": "$18.99 ($11.17 / Fl Oz)",
        "listPrice": "$19.99 ($11.76 / Fl Oz)",
        "imageUrl": "https://m.media-amazon.com/images/I/31RZFQMHdBL._SL160_.jpg",
        "detailPageURL": "https://www.amazon.com/dp/B09BG477N1",
        "rating": "4.7",
        "totalReviews": "830",
        "subtitle": "Naturium",
        "isPrimeEligible": "1"
    },
    {
        "ASIN": "B086WVRZBJ",
        "title": "PURITO [ESSENTIAL OIL-FREE] DEEP SEA PURE WATER CREAM 50g/1.7fl.oz, moisture cream for face, facial watery cream, Vegan",
        "price": "$15.63 ($8.88 / Ounce)",
        "listPrice": "$16.80 ($9.55 / Ounce)",
        "imageUrl": "https://m.media-amazon.com/images/I/31Ff1R3ZbtL._SL160_.jpg",
        "detailPageURL": "https://www.amazon.com/dp/B086WVRZBJ",
        "rating": "4.6",
        "totalReviews": "1711",
        "subtitle": "PURITO",
        "isPrimeEligible": "1"
    },
    {
        "ASIN": "B00DG8F02Q",
        "title": "NIVEA Shea Nourish Body Lotion, Dry Skin Lotion with Shea Butter, 16.9 Fl Oz Pump Bottle",
        "price": "$5.49 ($0.32 / Ounce)",
        "listPrice": "$7.99 ($0.47 / Ounce)",
        "imageUrl": "https://m.media-amazon.com/images/I/31+WLRw2Y6L._SL160_.jpg",
        "detailPageURL": "https://www.amazon.com/dp/B00DG8F02Q",
        "rating": "4.7",
        "totalReviews": "15544",
        "subtitle": "NIVEA",
        "isPrimeEligible": "1"
    },
    {
        "ASIN": "B000052YOX",
        "title": "Neutrogena Oil Free Moisture Daily Hydrating Facial Moisturizer & Neck Cream with Glycerin - Fast Absorbing Ultra Gentle Lightweight Face Lotion & Sensitive Skin Face Moisturizer, 4 fl. oz",
        "price": "$48.95 ($12.24 / Fl Oz)",
        "listPrice": "",
        "imageUrl": "https://m.media-amazon.com/images/I/41jtB+9-FWL._SL160_.jpg",
        "detailPageURL": "https://www.amazon.com/dp/B000052YOX",
        "rating": "4.7",
        "totalReviews": "18967",
        "subtitle": "Neutrogena",
        "isPrimeEligible": "0"
    },
    {
        "ASIN": "B08LR42YZG",
        "title": "Cetaphil Face Moisturizer, Daily Oil Free Facial Moisturizer with SPF 35, For Dry or Oily Combination Sensitive Skin, Fragrance Free Face Lotion",
        "price": "$11.65 ($3.88 / Fl Oz)",
        "listPrice": "$15.99 ($5.33 / Fl Oz)",
        "imageUrl": "https://m.media-amazon.com/images/I/31BSGMUH3cL._SL160_.jpg",
        "detailPageURL": "https://www.amazon.com/dp/B08LR42YZG",
        "rating": "4.5",
        "totalReviews": "7613",
        "subtitle": "Cetaphil",
        "isPrimeEligible": "1"
    },
    {
        "ASIN": "B01BRU1PVE",
        "title": "NATURE WELL Clinical Retinol Advanced Moisture Cream for Face, Body, & Hands, Anti Aging, Targets Discoloration, Wrinkles, Sun Damage, Crepey, & Sagging Skin, 16 Oz",
        "price": "$18.99 ($1.19 / Ounce)",
        "listPrice": "$24.99 ($1.56 / Ounce)",
        "imageUrl": "https://m.media-amazon.com/images/I/41oHDWvj+ES._SL160_.jpg",
        "detailPageURL": "https://www.amazon.com/dp/B01BRU1PVE",
        "rating": "4.5",
        "totalReviews": "10762",
        "subtitle": "NATURE WELL",
        "isPrimeEligible": "1"
    },
    {
        "ASIN": "B00TRBV9S0",
        "title": "Bulldog Natural Skincare, Original Moisturizer,3.3 Ounce (Pack of 2)",
        "price": "$17.19 ($2.60 / Fl Oz)",
        "listPrice": "",
        "imageUrl": "https://m.media-amazon.com/images/I/410GOj+SNHL._SL160_.jpg",
        "detailPageURL": "https://www.amazon.com/dp/B00TRBV9S0",
        "rating": "4.8",
        "totalReviews": "465",
        "subtitle": "Bulldog",
        "isPrimeEligible": "1"
    },
    {
        "ASIN": "B00NR1YQKO",
        "title": "Neutrogena Oil Free Acne Facial Moisturizer with.5% Salicylic Acid Acne Treatment, Pink Grapefruit Acne Fighting Face Lotion for Breakouts, Non-Greasy & Non-Comedogenic, 4 fl. oz",
        "price": "$9.12 ($2.28 / Fl Oz)",
        "listPrice": "$11.39 ($2.85 / Fl Oz)",
        "imageUrl": "https://m.media-amazon.com/images/I/31G2Fk2mAIL._SL160_.jpg",
        "detailPageURL": "https://www.amazon.com/dp/B00NR1YQKO",
        "rating": "4.5",
        "totalReviews": "13576",
        "subtitle": "Neutrogena",
        "isPrimeEligible": "1"
    },
    {
        "ASIN": "B077RTL1HJ",
        "title": "Illiyoon Ceramide Ato Concentrate Cream 200ml, 6.76 Fl Oz",
        "price": "$18.20 ($2.68 / Ounce)",
        "listPrice": "$24.99 ($3.68 / Ounce)",
        "imageUrl": "https://m.media-amazon.com/images/I/41DWm+p5vXL._SL160_.jpg",
        "detailPageURL": "https://www.amazon.com/dp/B077RTL1HJ",
        "rating": "4.6",
        "totalReviews": "855",
        "subtitle": "Illiyoon",
        "isPrimeEligible": "1"
    },
    {
        "ASIN": "B09BG477N1",
        "title": "Naturium Multi-Peptide Moisturizer Plus Ethylated Vitamin C & Panthenol, Hydrating & Smoothing Skin Care, 1.7 oz",
        "price": "$18.99 ($11.17 / Fl Oz)",
        "listPrice": "$19.99 ($11.76 / Fl Oz)",
        "imageUrl": "https://m.media-amazon.com/images/I/31RZFQMHdBL._SL160_.jpg",
        "detailPageURL": "https://www.amazon.com/dp/B09BG477N1",
        "rating": "4.7",
        "totalReviews": "830",
        "subtitle": "Naturium",
        "isPrimeEligible": "1"
    },
    {
        "ASIN": "B086WVRZBJ",
        "title": "PURITO [ESSENTIAL OIL-FREE] DEEP SEA PURE WATER CREAM 50g/1.7fl.oz, moisture cream for face, facial watery cream, Vegan",
        "price": "$15.63 ($8.88 / Ounce)",
        "listPrice": "$16.80 ($9.55 / Ounce)",
        "imageUrl": "https://m.media-amazon.com/images/I/31Ff1R3ZbtL._SL160_.jpg",
        "detailPageURL": "https://www.amazon.com/dp/B086WVRZBJ",
        "rating": "4.6",
        "totalReviews": "1711",
        "subtitle": "PURITO",
        "isPrimeEligible": "1"
    },
    {
        "ASIN": "B00DG8F02Q",
        "title": "NIVEA Shea Nourish Body Lotion, Dry Skin Lotion with Shea Butter, 16.9 Fl Oz Pump Bottle",
        "price": "$5.49 ($0.32 / Ounce)",
        "listPrice": "$7.99 ($0.47 / Ounce)",
        "imageUrl": "https://m.media-amazon.com/images/I/31+WLRw2Y6L._SL160_.jpg",
        "detailPageURL": "https://www.amazon.com/dp/B00DG8F02Q",
        "rating": "4.7",
        "totalReviews": "15544",
        "subtitle": "NIVEA",
        "isPrimeEligible": "1"
    },
    {
        "ASIN": "B000052YOX",
        "title": "Neutrogena Oil Free Moisture Daily Hydrating Facial Moisturizer & Neck Cream with Glycerin - Fast Absorbing Ultra Gentle Lightweight Face Lotion & Sensitive Skin Face Moisturizer, 4 fl. oz",
        "price": "$48.95 ($12.24 / Fl Oz)",
        "listPrice": "",
        "imageUrl": "https://m.media-amazon.com/images/I/41jtB+9-FWL._SL160_.jpg",
        "detailPageURL": "https://www.amazon.com/dp/B000052YOX",
        "rating": "4.7",
        "totalReviews": "18967",
        "subtitle": "Neutrogena",
        "isPrimeEligible": "0"
    },
    {
        "ASIN": "B08LR42YZG",
        "title": "Cetaphil Face Moisturizer, Daily Oil Free Facial Moisturizer with SPF 35, For Dry or Oily Combination Sensitive Skin, Fragrance Free Face Lotion",
        "price": "$11.65 ($3.88 / Fl Oz)",
        "listPrice": "$15.99 ($5.33 / Fl Oz)",
        "imageUrl": "https://m.media-amazon.com/images/I/31BSGMUH3cL._SL160_.jpg",
        "detailPageURL": "https://www.amazon.com/dp/B08LR42YZG",
        "rating": "4.5",
        "totalReviews": "7613",
        "subtitle": "Cetaphil",
        "isPrimeEligible": "1"
    },
    {
        "ASIN": "B00TMTAOLA",
        "title": "SkinMedica Rejuvenative Moisturizer, 2 Oz",
        "price": "$60.00 ($30.00 / Ounce)",
        "listPrice": "",
        "imageUrl": "https://m.media-amazon.com/images/I/31G9CtnxinL._SL160_.jpg",
        "detailPageURL": "https://www.amazon.com/dp/B00TMTAOLA",
        "rating": "4.6",
        "totalReviews": "796",
        "subtitle": "",
        "isPrimeEligible": "1"
    },
    {
        "ASIN": "B00TRBV9S0",
        "title": "Bulldog Natural Skincare, Original Moisturizer,3.3 Ounce (Pack of 2)",
        "price": "$17.19 ($2.60 / Fl Oz)",
        "listPrice": "",
        "imageUrl": "https://m.media-amazon.com/images/I/410GOj+SNHL._SL160_.jpg",
        "detailPageURL": "https://www.amazon.com/dp/B00TRBV9S0",
        "rating": "4.8",
        "totalReviews": "465",
        "subtitle": "Bulldog",
        "isPrimeEligible": "1"
    },
    {
        "ASIN": "B00NR1YQKO",
        "title": "Neutrogena Oil Free Acne Facial Moisturizer with.5% Salicylic Acid Acne Treatment, Pink Grapefruit Acne Fighting Face Lotion for Breakouts, Non-Greasy & Non-Comedogenic, 4 fl. oz",
        "price": "$9.12 ($2.28 / Fl Oz)",
        "listPrice": "$11.39 ($2.85 / Fl Oz)",
        "imageUrl": "https://m.media-amazon.com/images/I/31G2Fk2mAIL._SL160_.jpg",
        "detailPageURL": "https://www.amazon.com/dp/B00NR1YQKO",
        "rating": "4.5",
        "totalReviews": "13576",
        "subtitle": "Neutrogena",
        "isPrimeEligible": "1"
    },
    {
        "ASIN": "B077RTL1HJ",
        "title": "Illiyoon Ceramide Ato Concentrate Cream 200ml, 6.76 Fl Oz",
        "price": "$18.20 ($2.68 / Ounce)",
        "listPrice": "$24.99 ($3.68 / Ounce)",
        "imageUrl": "https://m.media-amazon.com/images/I/41DWm+p5vXL._SL160_.jpg",
        "detailPageURL": "https://www.amazon.com/dp/B077RTL1HJ",
        "rating": "4.6",
        "totalReviews": "855",
        "subtitle": "Illiyoon",
        "isPrimeEligible": "1"
    },
    {
        "ASIN": "B09BG477N1",
        "title": "Naturium Multi-Peptide Moisturizer Plus Ethylated Vitamin C & Panthenol, Hydrating & Smoothing Skin Care, 1.7 oz",
        "price": "$18.99 ($11.17 / Fl Oz)",
        "listPrice": "$19.99 ($11.76 / Fl Oz)",
        "imageUrl": "https://m.media-amazon.com/images/I/31RZFQMHdBL._SL160_.jpg",
        "detailPageURL": "https://www.amazon.com/dp/B09BG477N1",
        "rating": "4.7",
        "totalReviews": "830",
        "subtitle": "Naturium",
        "isPrimeEligible": "1"
    },
    {
        "ASIN": "B086WVRZBJ",
        "title": "PURITO [ESSENTIAL OIL-FREE] DEEP SEA PURE WATER CREAM 50g/1.7fl.oz, moisture cream for face, facial watery cream, Vegan",
        "price": "$15.63 ($8.88 / Ounce)",
        "listPrice": "$16.80 ($9.55 / Ounce)",
        "imageUrl": "https://m.media-amazon.com/images/I/31Ff1R3ZbtL._SL160_.jpg",
        "detailPageURL": "https://www.amazon.com/dp/B086WVRZBJ",
        "rating": "4.6",
        "totalReviews": "1711",
        "subtitle": "PURITO",
        "isPrimeEligible": "1"
    },
    {
        "ASIN": "B00DG8F02Q",
        "title": "NIVEA Shea Nourish Body Lotion, Dry Skin Lotion with Shea Butter, 16.9 Fl Oz Pump Bottle",
        "price": "$5.49 ($0.32 / Ounce)",
        "listPrice": "$7.99 ($0.47 / Ounce)",
        "imageUrl": "https://m.media-amazon.com/images/I/31+WLRw2Y6L._SL160_.jpg",
        "detailPageURL": "https://www.amazon.com/dp/B00DG8F02Q",
        "rating": "4.7",
        "totalReviews": "15544",
        "subtitle": "NIVEA",
        "isPrimeEligible": "1"
    },
    {
        "ASIN": "B000052YOX",
        "title": "Neutrogena Oil Free Moisture Daily Hydrating Facial Moisturizer & Neck Cream with Glycerin - Fast Absorbing Ultra Gentle Lightweight Face Lotion & Sensitive Skin Face Moisturizer, 4 fl. oz",
        "price": "$48.95 ($12.24 / Fl Oz)",
        "listPrice": "",
        "imageUrl": "https://m.media-amazon.com/images/I/41jtB+9-FWL._SL160_.jpg",
        "detailPageURL": "https://www.amazon.com/dp/B000052YOX",
        "rating": "4.7",
        "totalReviews": "18967",
        "subtitle": "Neutrogena",
        "isPrimeEligible": "0"
    },
    {
        "ASIN": "B08LR42YZG",
        "title": "Cetaphil Face Moisturizer, Daily Oil Free Facial Moisturizer with SPF 35, For Dry or Oily Combination Sensitive Skin, Fragrance Free Face Lotion",
        "price": "$11.65 ($3.88 / Fl Oz)",
        "listPrice": "$15.99 ($5.33 / Fl Oz)",
        "imageUrl": "https://m.media-amazon.com/images/I/31BSGMUH3cL._SL160_.jpg",
        "detailPageURL": "https://www.amazon.com/dp/B08LR42YZG",
        "rating": "4.5",
        "totalReviews": "7613",
        "subtitle": "Cetaphil",
        "isPrimeEligible": "1"
    },
    {
        "ASIN": "B00TMTAOLA",
        "title": "SkinMedica Rejuvenative Moisturizer, 2 Oz",
        "price": "$60.00 ($30.00 / Ounce)",
        "listPrice": "",
        "imageUrl": "https://m.media-amazon.com/images/I/31G9CtnxinL._SL160_.jpg",
        "detailPageURL": "https://www.amazon.com/dp/B00TMTAOLA",
        "rating": "4.6",
        "totalReviews": "796",
        "subtitle": "",
        "isPrimeEligible": "1"
    },
    {
        "ASIN": "B00SNPCSUY",
        "title": "CeraVe Skin Renewing Night Cream | Niacinamide, Peptide Complex, and Hyaluronic Acid Moisturizer for Face | 1.7 Ounce, Packaging may Vary",
        "price": "$15.38 ($9.05 / Ounce)",
        "listPrice": "$21.99 ($12.94 / Ounce)",
        "imageUrl": "https://m.media-amazon.com/images/I/411crd4ECqL._SL160_.jpg",
        "detailPageURL": "https://www.amazon.com/dp/B00SNPCSUY",
        "rating": "4.6",
        "totalReviews": "38891",
        "subtitle": "CeraVe",
        "isPrimeEligible": "1"
    },
    {
        "ASIN": "B00NR1YQKO",
        "title": "Neutrogena Oil Free Acne Facial Moisturizer with.5% Salicylic Acid Acne Treatment, Pink Grapefruit Acne Fighting Face Lotion for Breakouts, Non-Greasy & Non-Comedogenic, 4 fl. oz",
        "price": "$9.12 ($2.28 / Fl Oz)",
        "listPrice": "$11.39 ($2.85 / Fl Oz)",
        "imageUrl": "https://m.media-amazon.com/images/I/31G2Fk2mAIL._SL160_.jpg",
        "detailPageURL": "https://www.amazon.com/dp/B00NR1YQKO",
        "rating": "4.5",
        "totalReviews": "13576",
        "subtitle": "Neutrogena",
        "isPrimeEligible": "1"
    },
    {
        "ASIN": "B077RTL1HJ",
        "title": "Illiyoon Ceramide Ato Concentrate Cream 200ml, 6.76 Fl Oz",
        "price": "$18.20 ($2.68 / Ounce)",
        "listPrice": "$24.99 ($3.68 / Ounce)",
        "imageUrl": "https://m.media-amazon.com/images/I/41DWm+p5vXL._SL160_.jpg",
        "detailPageURL": "https://www.amazon.com/dp/B077RTL1HJ",
        "rating": "4.6",
        "totalReviews": "855",
        "subtitle": "Illiyoon",
        "isPrimeEligible": "1"
    },
    {
        "ASIN": "B09BG477N1",
        "title": "Naturium Multi-Peptide Moisturizer Plus Ethylated Vitamin C & Panthenol, Hydrating & Smoothing Skin Care, 1.7 oz",
        "price": "$18.99 ($11.17 / Fl Oz)",
        "listPrice": "$19.99 ($11.76 / Fl Oz)",
        "imageUrl": "https://m.media-amazon.com/images/I/31RZFQMHdBL._SL160_.jpg",
        "detailPageURL": "https://www.amazon.com/dp/B09BG477N1",
        "rating": "4.7",
        "totalReviews": "830",
        "subtitle": "Naturium",
        "isPrimeEligible": "1"
    },
    {
        "ASIN": "B086WVRZBJ",
        "title": "PURITO [ESSENTIAL OIL-FREE] DEEP SEA PURE WATER CREAM 50g/1.7fl.oz, moisture cream for face, facial watery cream, Vegan",
        "price": "$15.63 ($8.88 / Ounce)",
        "listPrice": "$16.80 ($9.55 / Ounce)",
        "imageUrl": "https://m.media-amazon.com/images/I/31Ff1R3ZbtL._SL160_.jpg",
        "detailPageURL": "https://www.amazon.com/dp/B086WVRZBJ",
        "rating": "4.6",
        "totalReviews": "1711",
        "subtitle": "PURITO",
        "isPrimeEligible": "1"
    },
    {
        "ASIN": "B00DG8F02Q",
        "title": "NIVEA Shea Nourish Body Lotion, Dry Skin Lotion with Shea Butter, 16.9 Fl Oz Pump Bottle",
        "price": "$5.49 ($0.32 / Ounce)",
        "listPrice": "$7.99 ($0.47 / Ounce)",
        "imageUrl": "https://m.media-amazon.com/images/I/31+WLRw2Y6L._SL160_.jpg",
        "detailPageURL": "https://www.amazon.com/dp/B00DG8F02Q",
        "rating": "4.7",
        "totalReviews": "15544",
        "subtitle": "NIVEA",
        "isPrimeEligible": "1"
    },
    {
        "ASIN": "B000052YOX",
        "title": "Neutrogena Oil Free Moisture Daily Hydrating Facial Moisturizer & Neck Cream with Glycerin - Fast Absorbing Ultra Gentle Lightweight Face Lotion & Sensitive Skin Face Moisturizer, 4 fl. oz",
        "price": "$48.95 ($12.24 / Fl Oz)",
        "listPrice": "",
        "imageUrl": "https://m.media-amazon.com/images/I/41jtB+9-FWL._SL160_.jpg",
        "detailPageURL": "https://www.amazon.com/dp/B000052YOX",
        "rating": "4.7",
        "totalReviews": "18967",
        "subtitle": "Neutrogena",
        "isPrimeEligible": "0"
    },
    {
        "ASIN": "B08LR42YZG",
        "title": "Cetaphil Face Moisturizer, Daily Oil Free Facial Moisturizer with SPF 35, For Dry or Oily Combination Sensitive Skin, Fragrance Free Face Lotion",
        "price": "$11.65 ($3.88 / Fl Oz)",
        "listPrice": "$15.99 ($5.33 / Fl Oz)",
        "imageUrl": "https://m.media-amazon.com/images/I/31BSGMUH3cL._SL160_.jpg",
        "detailPageURL": "https://www.amazon.com/dp/B08LR42YZG",
        "rating": "4.5",
        "totalReviews": "7613",
        "subtitle": "Cetaphil",
        "isPrimeEligible": "1"
    },
    {
        "ASIN": "B00TMTAOLA",
        "title": "SkinMedica Rejuvenative Moisturizer, 2 Oz",
        "price": "$60.00 ($30.00 / Ounce)",
        "listPrice": "",
        "imageUrl": "https://m.media-amazon.com/images/I/31G9CtnxinL._SL160_.jpg",
        "detailPageURL": "https://www.amazon.com/dp/B00TMTAOLA",
        "rating": "4.6",
        "totalReviews": "796",
        "subtitle": "",
        "isPrimeEligible": "1"
    },
    {
        "ASIN": "B00SNPCSUY",
        "title": "CeraVe Skin Renewing Night Cream | Niacinamide, Peptide Complex, and Hyaluronic Acid Moisturizer for Face | 1.7 Ounce, Packaging may Vary",
        "price": "$15.38 ($9.05 / Ounce)",
        "listPrice": "$21.99 ($12.94 / Ounce)",
        "imageUrl": "https://m.media-amazon.com/images/I/411crd4ECqL._SL160_.jpg",
        "detailPageURL": "https://www.amazon.com/dp/B00SNPCSUY",
        "rating": "4.6",
        "totalReviews": "38891",
        "subtitle": "CeraVe",
        "isPrimeEligible": "1"
    },
    {
        "ASIN": "B001ET7BPS",
        "title": "Alba Botanica Hawaiian, Aloe & Green Tea Oil-Free Moisturizer, 3 Ounce (Pack of 2)",
        "price": "$24.80 ($4.13 / Ounce)",
        "listPrice": "$35.90 ($5.98 / Ounce)",
        "imageUrl": "https://m.media-amazon.com/images/I/41VFUxvLy6L._SL160_.jpg",
        "detailPageURL": "https://www.amazon.com/dp/B001ET7BPS",
        "rating": "4.7",
        "totalReviews": "845",
        "subtitle": "Alba Botanica",
        "isPrimeEligible": "1"
    },
    {
        "ASIN": "B077RTL1HJ",
        "title": "Illiyoon Ceramide Ato Concentrate Cream 200ml, 6.76 Fl Oz",
        "price": "$18.20 ($2.68 / Ounce)",
        "listPrice": "$24.99 ($3.68 / Ounce)",
        "imageUrl": "https://m.media-amazon.com/images/I/41DWm+p5vXL._SL160_.jpg",
        "detailPageURL": "https://www.amazon.com/dp/B077RTL1HJ",
        "rating": "4.6",
        "totalReviews": "855",
        "subtitle": "Illiyoon",
        "isPrimeEligible": "1"
    },
    {
        "ASIN": "B09BG477N1",
        "title": "Naturium Multi-Peptide Moisturizer Plus Ethylated Vitamin C & Panthenol, Hydrating & Smoothing Skin Care, 1.7 oz",
        "price": "$18.99 ($11.17 / Fl Oz)",
        "listPrice": "$19.99 ($11.76 / Fl Oz)",
        "imageUrl": "https://m.media-amazon.com/images/I/31RZFQMHdBL._SL160_.jpg",
        "detailPageURL": "https://www.amazon.com/dp/B09BG477N1",
        "rating": "4.7",
        "totalReviews": "830",
        "subtitle": "Naturium",
        "isPrimeEligible": "1"
    },
    {
        "ASIN": "B086WVRZBJ",
        "title": "PURITO [ESSENTIAL OIL-FREE] DEEP SEA PURE WATER CREAM 50g/1.7fl.oz, moisture cream for face, facial watery cream, Vegan",
        "price": "$15.63 ($8.88 / Ounce)",
        "listPrice": "$16.80 ($9.55 / Ounce)",
        "imageUrl": "https://m.media-amazon.com/images/I/31Ff1R3ZbtL._SL160_.jpg",
        "detailPageURL": "https://www.amazon.com/dp/B086WVRZBJ",
        "rating": "4.6",
        "totalReviews": "1711",
        "subtitle": "PURITO",
        "isPrimeEligible": "1"
    },
    {
        "ASIN": "B00DG8F02Q",
        "title": "NIVEA Shea Nourish Body Lotion, Dry Skin Lotion with Shea Butter, 16.9 Fl Oz Pump Bottle",
        "price": "$5.49 ($0.32 / Ounce)",
        "listPrice": "$7.99 ($0.47 / Ounce)",
        "imageUrl": "https://m.media-amazon.com/images/I/31+WLRw2Y6L._SL160_.jpg",
        "detailPageURL": "https://www.amazon.com/dp/B00DG8F02Q",
        "rating": "4.7",
        "totalReviews": "15544",
        "subtitle": "NIVEA",
        "isPrimeEligible": "1"
    },
    {
        "ASIN": "B000052YOX",
        "title": "Neutrogena Oil Free Moisture Daily Hydrating Facial Moisturizer & Neck Cream with Glycerin - Fast Absorbing Ultra Gentle Lightweight Face Lotion & Sensitive Skin Face Moisturizer, 4 fl. oz",
        "price": "$48.95 ($12.24 / Fl Oz)",
        "listPrice": "",
        "imageUrl": "https://m.media-amazon.com/images/I/41jtB+9-FWL._SL160_.jpg",
        "detailPageURL": "https://www.amazon.com/dp/B000052YOX",
        "rating": "4.7",
        "totalReviews": "18967",
        "subtitle": "Neutrogena",
        "isPrimeEligible": "0"
    },
    {
        "ASIN": "B08LR42YZG",
        "title": "Cetaphil Face Moisturizer, Daily Oil Free Facial Moisturizer with SPF 35, For Dry or Oily Combination Sensitive Skin, Fragrance Free Face Lotion",
        "price": "$11.65 ($3.88 / Fl Oz)",
        "listPrice": "$15.99 ($5.33 / Fl Oz)",
        "imageUrl": "https://m.media-amazon.com/images/I/31BSGMUH3cL._SL160_.jpg",
        "detailPageURL": "https://www.amazon.com/dp/B08LR42YZG",
        "rating": "4.5",
        "totalReviews": "7613",
        "subtitle": "Cetaphil",
        "isPrimeEligible": "1"
    },
    {
        "ASIN": "B00TMTAOLA",
        "title": "SkinMedica Rejuvenative Moisturizer, 2 Oz",
        "price": "$60.00 ($30.00 / Ounce)",
        "listPrice": "",
        "imageUrl": "https://m.media-amazon.com/images/I/31G9CtnxinL._SL160_.jpg",
        "detailPageURL": "https://www.amazon.com/dp/B00TMTAOLA",
        "rating": "4.6",
        "totalReviews": "796",
        "subtitle": "",
        "isPrimeEligible": "1"
    },
    {
        "ASIN": "B00SNPCSUY",
        "title": "CeraVe Skin Renewing Night Cream | Niacinamide, Peptide Complex, and Hyaluronic Acid Moisturizer for Face | 1.7 Ounce, Packaging may Vary",
        "price": "$15.38 ($9.05 / Ounce)",
        "listPrice": "$21.99 ($12.94 / Ounce)",
        "imageUrl": "https://m.media-amazon.com/images/I/411crd4ECqL._SL160_.jpg",
        "detailPageURL": "https://www.amazon.com/dp/B00SNPCSUY",
        "rating": "4.6",
        "totalReviews": "38891",
        "subtitle": "CeraVe",
        "isPrimeEligible": "1"
    },
    {
        "ASIN": "B001ET7BPS",
        "title": "Alba Botanica Hawaiian, Aloe & Green Tea Oil-Free Moisturizer, 3 Ounce (Pack of 2)",
        "price": "$24.80 ($4.13 / Ounce)",
        "listPrice": "$35.90 ($5.98 / Ounce)",
        "imageUrl": "https://m.media-amazon.com/images/I/41VFUxvLy6L._SL160_.jpg",
        "detailPageURL": "https://www.amazon.com/dp/B001ET7BPS",
        "rating": "4.7",
        "totalReviews": "845",
        "subtitle": "Alba Botanica",
        "isPrimeEligible": "1"
    },
    {
        "ASIN": "B09Q3MJZQB",
        "title": "Minimalist Marula Oil 5% Face Moisturizer For Dry Skin With Hyaluronic Acid For Deep Nourishment & Hydration, For Men & Women | 50gm",
        "price": "$5.49 ($3.05 / Ounce)",
        "listPrice": "",
        "imageUrl": "https://m.media-amazon.com/images/I/31F1Hd8wwwL._SL160_.jpg",
        "detailPageURL": "https://www.amazon.com/dp/B09Q3MJZQB",
        "rating": "4.3",
        "totalReviews": "2176",
        "subtitle": "Minimalist",
        "isPrimeEligible": "1"
    },
    {
        "ASIN": "B099N1LC4R",
        "title": "Cetaphil Body Moisturizer, Hydrating Moisturizing Cream for Dry to Very Dry, Sensitive Skin, NEW 20 oz, Fragrance Free, Non-Comedogenic, Non-Greasy",
        "price": "$15.97 ($0.83 / Ounce)",
        "listPrice": "",
        "imageUrl": "https://m.media-amazon.com/images/I/41KWAdm18eL._SL160_.jpg",
        "detailPageURL": "https://www.amazon.com/dp/B099N1LC4R",
        "rating": "4.8",
        "totalReviews": "10468",
        "subtitle": "Cetaphil",
        "isPrimeEligible": "1"
    },
    {
        "ASIN": "B000052YOX",
        "title": "Neutrogena Oil Free Moisture Daily Hydrating Facial Moisturizer & Neck Cream with Glycerin - Fast Absorbing Ultra Gentle Lightweight Face Lotion & Sensitive Skin Face Moisturizer, 4 fl. oz",
        "price": "$48.95 ($12.24 / Fl Oz)",
        "listPrice": "",
        "imageUrl": "https://m.media-amazon.com/images/I/41jtB+9-FWL._SL160_.jpg",
        "detailPageURL": "https://www.amazon.com/dp/B000052YOX",
        "rating": "4.7",
        "totalReviews": "18968",
        "subtitle": "Neutrogena",
        "isPrimeEligible": "0"
    },
    {
        "ASIN": "B00TRBV9S0",
        "title": "Bulldog Natural Skincare, Original Moisturizer,3.3 Ounce (Pack of 2)",
        "price": "$17.19 ($2.60 / Fl Oz)",
        "listPrice": "",
        "imageUrl": "https://m.media-amazon.com/images/I/410GOj+SNHL._SL160_.jpg",
        "detailPageURL": "https://www.amazon.com/dp/B00TRBV9S0",
        "rating": "4.8",
        "totalReviews": "465",
        "subtitle": "Bulldog",
        "isPrimeEligible": "1"
    },
    {
        "ASIN": "B01M09QQI0",
        "title": "L'Oreal Paris Age Perfect Rosy Tone Anti-Aging Face Moisturizer, Renew & Revive Healthy Tone, 1.7 oz",
        "price": "$16.21 ($9.54 / Ounce)",
        "listPrice": "$24.99 ($14.70 / Ounce)",
        "imageUrl": "https://m.media-amazon.com/images/I/41R+WaZ45PL._SL160_.jpg",
        "detailPageURL": "https://www.amazon.com/dp/B01M09QQI0",
        "rating": "4.5",
        "totalReviews": "7021",
        "subtitle": "L\u2019Or\u00e9al Paris",
        "isPrimeEligible": "1"
    },
    {
        "ASIN": "B01LYYTV96",
        "title": "L'Oreal Paris Skincare Hydra Genius Daily Liquid Care Oil-Free Face Moisturizer for Normal to Dry Skin, Hyaluronic Acid Moisturizer for Face with Aloe Water and Hyaluronic Acid, 3.04 fl. oz.",
        "price": "$13.93 ($4.58 / Fl Oz)",
        "listPrice": "$17.99 ($5.92 / Fl Oz)",
        "imageUrl": "https://m.media-amazon.com/images/I/31aQfIvtDxL._SL160_.jpg",
        "detailPageURL": "https://www.amazon.com/dp/B01LYYTV96",
        "rating": "4.6",
        "totalReviews": "4180",
        "subtitle": "L\u2019Or\u00e9al Paris",
        "isPrimeEligible": "1"
    },
    {
        "ASIN": "B00FCAL3XQ",
        "title": "Le Mieux Bio Cell Rejuvenating Cream - Triple Peptide Facial Moisturizer with Hyaluronic Acid, Squalane & Rose Hip, Night & Day Cream for Face & Neck, No Parabens or Sulfates (1.75 oz / 52 ml)",
        "price": "$39.98 ($22.21 / Fl Oz)",
        "listPrice": "$45.00 ($25.00 / Fl Oz)",
        "imageUrl": "https://m.media-amazon.com/images/I/41xcUL0guiL._SL160_.jpg",
        "detailPageURL": "https://www.amazon.com/dp/B00FCAL3XQ",
        "rating": "4.6",
        "totalReviews": "311",
        "subtitle": "Le Mieux",
        "isPrimeEligible": "0"
    },
    {
        "ASIN": "B08LR42YZG",
        "title": "Cetaphil Face Moisturizer, Daily Oil Free Facial Moisturizer with SPF 35, For Dry or Oily Combination Sensitive Skin, Fragrance Free Face Lotion",
        "price": "$11.65 ($3.88 / Fl Oz)",
        "listPrice": "$15.99 ($5.33 / Fl Oz)",
        "imageUrl": "https://m.media-amazon.com/images/I/31BSGMUH3cL._SL160_.jpg",
        "detailPageURL": "https://www.amazon.com/dp/B08LR42YZG",
        "rating": "4.5",
        "totalReviews": "7613",
        "subtitle": "Cetaphil",
        "isPrimeEligible": "1"
    },
    {
        "ASIN": "B086WVRZBJ",
        "title": "PURITO [ESSENTIAL OIL-FREE] DEEP SEA PURE WATER CREAM 50g/1.7fl.oz, moisture cream for face, facial watery cream, Vegan",
        "price": "$15.63 ($8.88 / Ounce)",
        "listPrice": "$16.80 ($9.55 / Ounce)",
        "imageUrl": "https://m.media-amazon.com/images/I/31Ff1R3ZbtL._SL160_.jpg",
        "detailPageURL": "https://www.amazon.com/dp/B086WVRZBJ",
        "rating": "4.6",
        "totalReviews": "1711",
        "subtitle": "PURITO",
        "isPrimeEligible": "1"
    },
    {
        "ASIN": "B00DG8F02Q",
        "title": "NIVEA Shea Nourish Body Lotion, Dry Skin Lotion with Shea Butter, 16.9 Fl Oz Pump Bottle",
        "price": "$5.49 ($0.32 / Ounce)",
        "listPrice": "$7.99 ($0.47 / Ounce)",
        "imageUrl": "https://m.media-amazon.com/images/I/31+WLRw2Y6L._SL160_.jpg",
        "detailPageURL": "https://www.amazon.com/dp/B00DG8F02Q",
        "rating": "4.7",
        "totalReviews": "15544",
        "subtitle": "NIVEA",
        "isPrimeEligible": "1"
    },
    {
        "ASIN": "B001ET7BPS",
        "title": "Alba Botanica Hawaiian, Aloe & Green Tea Oil-Free Moisturizer, 3 Ounce (Pack of 2)",
        "price": "$24.80 ($4.13 / Ounce)",
        "listPrice": "$35.90 ($5.98 / Ounce)",
        "imageUrl": "https://m.media-amazon.com/images/I/41VFUxvLy6L._SL160_.jpg",
        "detailPageURL": "https://www.amazon.com/dp/B001ET7BPS",
        "rating": "4.7",
        "totalReviews": "845",
        "subtitle": "Alba Botanica",
        "isPrimeEligible": "1"
    },
    {
        "ASIN": "B086WVRZBJ",
        "title": "PURITO [ESSENTIAL OIL-FREE] DEEP SEA PURE WATER CREAM 50g/1.7fl.oz, moisture cream for face, facial watery cream, Vegan",
        "price": "$15.63 ($8.88 / Ounce)",
        "listPrice": "$16.80 ($9.55 / Ounce)",
        "imageUrl": "https://m.media-amazon.com/images/I/31Ff1R3ZbtL._SL160_.jpg",
        "detailPageURL": "https://www.amazon.com/dp/B086WVRZBJ",
        "rating": "4.6",
        "totalReviews": "1711",
        "subtitle": "PURITO",
        "isPrimeEligible": "1"
    },
    {
        "ASIN": "B00DG8F02Q",
        "title": "NIVEA Shea Nourish Body Lotion, Dry Skin Lotion with Shea Butter, 16.9 Fl Oz Pump Bottle",
        "price": "$5.49 ($0.32 / Ounce)",
        "listPrice": "$7.99 ($0.47 / Ounce)",
        "imageUrl": "https://m.media-amazon.com/images/I/31+WLRw2Y6L._SL160_.jpg",
        "detailPageURL": "https://www.amazon.com/dp/B00DG8F02Q",
        "rating": "4.7",
        "totalReviews": "15544",
        "subtitle": "NIVEA",
        "isPrimeEligible": "1"
    },
    {
        "ASIN": "B000052YOX",
        "title": "Neutrogena Oil Free Moisture Daily Hydrating Facial Moisturizer & Neck Cream with Glycerin - Fast Absorbing Ultra Gentle Lightweight Face Lotion & Sensitive Skin Face Moisturizer, 4 fl. oz",
        "price": "$48.95 ($12.24 / Fl Oz)",
        "listPrice": "",
        "imageUrl": "https://m.media-amazon.com/images/I/41jtB+9-FWL._SL160_.jpg",
        "detailPageURL": "https://www.amazon.com/dp/B000052YOX",
        "rating": "4.7",
        "totalReviews": "18967",
        "subtitle": "Neutrogena",
        "isPrimeEligible": "0"
    },
    {
        "ASIN": "B08LR42YZG",
        "title": "Cetaphil Face Moisturizer, Daily Oil Free Facial Moisturizer with SPF 35, For Dry or Oily Combination Sensitive Skin, Fragrance Free Face Lotion",
        "price": "$11.65 ($3.88 / Fl Oz)",
        "listPrice": "$15.99 ($5.33 / Fl Oz)",
        "imageUrl": "https://m.media-amazon.com/images/I/31BSGMUH3cL._SL160_.jpg",
        "detailPageURL": "https://www.amazon.com/dp/B08LR42YZG",
        "rating": "4.5",
        "totalReviews": "7613",
        "subtitle": "Cetaphil",
        "isPrimeEligible": "1"
    },
    {
        "ASIN": "B00TMTAOLA",
        "title": "SkinMedica Rejuvenative Moisturizer, 2 Oz",
        "price": "$60.00 ($30.00 / Ounce)",
        "listPrice": "",
        "imageUrl": "https://m.media-amazon.com/images/I/31G9CtnxinL._SL160_.jpg",
        "detailPageURL": "https://www.amazon.com/dp/B00TMTAOLA",
        "rating": "4.6",
        "totalReviews": "796",
        "subtitle": "",
        "isPrimeEligible": "1"
    },
    {
        "ASIN": "B00SNPCSUY",
        "title": "CeraVe Skin Renewing Night Cream | Niacinamide, Peptide Complex, and Hyaluronic Acid Moisturizer for Face | 1.7 Ounce, Packaging may Vary",
        "price": "$15.38 ($9.05 / Ounce)",
        "listPrice": "$21.99 ($12.94 / Ounce)",
        "imageUrl": "https://m.media-amazon.com/images/I/411crd4ECqL._SL160_.jpg",
        "detailPageURL": "https://www.amazon.com/dp/B00SNPCSUY",
        "rating": "4.6",
        "totalReviews": "38891",
        "subtitle": "CeraVe",
        "isPrimeEligible": "1"
    },
    {
        "ASIN": "B001ET7BPS",
        "title": "Alba Botanica Hawaiian, Aloe & Green Tea Oil-Free Moisturizer, 3 Ounce (Pack of 2)",
        "price": "$24.80 ($4.13 / Ounce)",
        "listPrice": "$35.90 ($5.98 / Ounce)",
        "imageUrl": "https://m.media-amazon.com/images/I/41VFUxvLy6L._SL160_.jpg",
        "detailPageURL": "https://www.amazon.com/dp/B001ET7BPS",
        "rating": "4.7",
        "totalReviews": "845",
        "subtitle": "Alba Botanica",
        "isPrimeEligible": "1"
    },
    {
        "ASIN": "B09Q3MJZQB",
        "title": "Minimalist Marula Oil 5% Face Moisturizer For Dry Skin With Hyaluronic Acid For Deep Nourishment & Hydration, For Men & Women | 50gm",
        "price": "$5.49 ($3.05 / Ounce)",
        "listPrice": "",
        "imageUrl": "https://m.media-amazon.com/images/I/31F1Hd8wwwL._SL160_.jpg",
        "detailPageURL": "https://www.amazon.com/dp/B09Q3MJZQB",
        "rating": "4.3",
        "totalReviews": "2176",
        "subtitle": "Minimalist",
        "isPrimeEligible": "1"
    },
    {
        "ASIN": "B001E96LVS",
        "title": "Clean & Clear Essentials Dual Action Facial Moisturizer, 0.5% Salicylic Acid Acne Medication to Moisturize Dry Skin, Treat Acne & Help Prevent Pimples, Oil Free for Acne-Prone Skin, 4 oz (Pack of 3)",
        "price": "$17.94 ($1.50 / Ounce)",
        "listPrice": "$23.97 ($2.00 / Ounce)",
        "imageUrl": "https://m.media-amazon.com/images/I/41IZ+F8NX3L._SL160_.jpg",
        "detailPageURL": "https://www.amazon.com/dp/B001E96LVS",
        "rating": "4.7",
        "totalReviews": "2998",
        "subtitle": "Clean & Clear",
        "isPrimeEligible": "1"
    },
    {
        "ASIN": "B099N1LC4R",
        "title": "Cetaphil Body Moisturizer, Hydrating Moisturizing Cream for Dry to Very Dry, Sensitive Skin, NEW 20 oz, Fragrance Free, Non-Comedogenic, Non-Greasy",
        "price": "$15.97 ($0.83 / Ounce)",
        "listPrice": "",
        "imageUrl": "https://m.media-amazon.com/images/I/41KWAdm18eL._SL160_.jpg",
        "detailPageURL": "https://www.amazon.com/dp/B099N1LC4R",
        "rating": "4.8",
        "totalReviews": "10468",
        "subtitle": "Cetaphil",
        "isPrimeEligible": "1"
    },
    {
        "ASIN": "B00DG8F02Q",
        "title": "NIVEA Shea Nourish Body Lotion, Dry Skin Lotion with Shea Butter, 16.9 Fl Oz Pump Bottle",
        "price": "$5.49 ($0.32 / Ounce)",
        "listPrice": "$7.99 ($0.47 / Ounce)",
        "imageUrl": "https://m.media-amazon.com/images/I/31+WLRw2Y6L._SL160_.jpg",
        "detailPageURL": "https://www.amazon.com/dp/B00DG8F02Q",
        "rating": "4.7",
        "totalReviews": "15544",
        "subtitle": "NIVEA",
        "isPrimeEligible": "1"
    },
    {
        "ASIN": "B000052YOX",
        "title": "Neutrogena Oil Free Moisture Daily Hydrating Facial Moisturizer & Neck Cream with Glycerin - Fast Absorbing Ultra Gentle Lightweight Face Lotion & Sensitive Skin Face Moisturizer, 4 fl. oz",
        "price": "$48.95 ($12.24 / Fl Oz)",
        "listPrice": "",
        "imageUrl": "https://m.media-amazon.com/images/I/41jtB+9-FWL._SL160_.jpg",
        "detailPageURL": "https://www.amazon.com/dp/B000052YOX",
        "rating": "4.7",
        "totalReviews": "18967",
        "subtitle": "Neutrogena",
        "isPrimeEligible": "0"
    },
    {
        "ASIN": "B08LR42YZG",
        "title": "Cetaphil Face Moisturizer, Daily Oil Free Facial Moisturizer with SPF 35, For Dry or Oily Combination Sensitive Skin, Fragrance Free Face Lotion",
        "price": "$11.65 ($3.88 / Fl Oz)",
        "listPrice": "$15.99 ($5.33 / Fl Oz)",
        "imageUrl": "https://m.media-amazon.com/images/I/31BSGMUH3cL._SL160_.jpg",
        "detailPageURL": "https://www.amazon.com/dp/B08LR42YZG",
        "rating": "4.5",
        "totalReviews": "7613",
        "subtitle": "Cetaphil",
        "isPrimeEligible": "1"
    },
    {
        "ASIN": "B00TMTAOLA",
        "title": "SkinMedica Rejuvenative Moisturizer, 2 Oz",
        "price": "$60.00 ($30.00 / Ounce)",
        "listPrice": "",
        "imageUrl": "https://m.media-amazon.com/images/I/31G9CtnxinL._SL160_.jpg",
        "detailPageURL": "https://www.amazon.com/dp/B00TMTAOLA",
        "rating": "4.6",
        "totalReviews": "796",
        "subtitle": "",
        "isPrimeEligible": "1"
    },
    {
        "ASIN": "B00SNPCSUY",
        "title": "CeraVe Skin Renewing Night Cream | Niacinamide, Peptide Complex, and Hyaluronic Acid Moisturizer for Face | 1.7 Ounce, Packaging may Vary",
        "price": "$15.38 ($9.05 / Ounce)",
        "listPrice": "$21.99 ($12.94 / Ounce)",
        "imageUrl": "https://m.media-amazon.com/images/I/411crd4ECqL._SL160_.jpg",
        "detailPageURL": "https://www.amazon.com/dp/B00SNPCSUY",
        "rating": "4.6",
        "totalReviews": "38891",
        "subtitle": "CeraVe",
        "isPrimeEligible": "1"
    },
    {
        "ASIN": "B001ET7BPS",
        "title": "Alba Botanica Hawaiian, Aloe & Green Tea Oil-Free Moisturizer, 3 Ounce (Pack of 2)",
        "price": "$24.80 ($4.13 / Ounce)",
        "listPrice": "$35.90 ($5.98 / Ounce)",
        "imageUrl": "https://m.media-amazon.com/images/I/41VFUxvLy6L._SL160_.jpg",
        "detailPageURL": "https://www.amazon.com/dp/B001ET7BPS",
        "rating": "4.7",
        "totalReviews": "845",
        "subtitle": "Alba Botanica",
        "isPrimeEligible": "1"
    },
    {
        "ASIN": "B09Q3MJZQB",
        "title": "Minimalist Marula Oil 5% Face Moisturizer For Dry Skin With Hyaluronic Acid For Deep Nourishment & Hydration, For Men & Women | 50gm",
        "price": "$5.49 ($3.05 / Ounce)",
        "listPrice": "",
        "imageUrl": "https://m.media-amazon.com/images/I/31F1Hd8wwwL._SL160_.jpg",
        "detailPageURL": "https://www.amazon.com/dp/B09Q3MJZQB",
        "rating": "4.3",
        "totalReviews": "2176",
        "subtitle": "Minimalist",
        "isPrimeEligible": "1"
    },
    {
        "ASIN": "B001E96LVS",
        "title": "Clean & Clear Essentials Dual Action Facial Moisturizer, 0.5% Salicylic Acid Acne Medication to Moisturize Dry Skin, Treat Acne & Help Prevent Pimples, Oil Free for Acne-Prone Skin, 4 oz (Pack of 3)",
        "price": "$17.94 ($1.50 / Ounce)",
        "listPrice": "$23.97 ($2.00 / Ounce)",
        "imageUrl": "https://m.media-amazon.com/images/I/41IZ+F8NX3L._SL160_.jpg",
        "detailPageURL": "https://www.amazon.com/dp/B001E96LVS",
        "rating": "4.7",
        "totalReviews": "2998",
        "subtitle": "Clean & Clear",
        "isPrimeEligible": "1"
    },
    {
        "ASIN": "B099N1LC4R",
        "title": "Cetaphil Body Moisturizer, Hydrating Moisturizing Cream for Dry to Very Dry, Sensitive Skin, NEW 20 oz, Fragrance Free, Non-Comedogenic, Non-Greasy",
        "price": "$15.97 ($0.83 / Ounce)",
        "listPrice": "",
        "imageUrl": "https://m.media-amazon.com/images/I/41KWAdm18eL._SL160_.jpg",
        "detailPageURL": "https://www.amazon.com/dp/B099N1LC4R",
        "rating": "4.8",
        "totalReviews": "10468",
        "subtitle": "Cetaphil",
        "isPrimeEligible": "1"
    },
    {
        "ASIN": "B01M09QQI0",
        "title": "L'Oreal Paris Age Perfect Rosy Tone Anti-Aging Face Moisturizer, Renew & Revive Healthy Tone, 1.7 oz",
        "price": "$16.21 ($9.54 / Ounce)",
        "listPrice": "$24.99 ($14.70 / Ounce)",
        "imageUrl": "https://m.media-amazon.com/images/I/41R+WaZ45PL._SL160_.jpg",
        "detailPageURL": "https://www.amazon.com/dp/B01M09QQI0",
        "rating": "4.5",
        "totalReviews": "7021",
        "subtitle": "L\u2019Or\u00e9al Paris",
        "isPrimeEligible": "1"
    },
    {
        "ASIN": "B000052YOX",
        "title": "Neutrogena Oil Free Moisture Daily Hydrating Facial Moisturizer & Neck Cream with Glycerin - Fast Absorbing Ultra Gentle Lightweight Face Lotion & Sensitive Skin Face Moisturizer, 4 fl. oz",
        "price": "$48.95 ($12.24 / Fl Oz)",
        "listPrice": "",
        "imageUrl": "https://m.media-amazon.com/images/I/41jtB+9-FWL._SL160_.jpg",
        "detailPageURL": "https://www.amazon.com/dp/B000052YOX",
        "rating": "4.7",
        "totalReviews": "18967",
        "subtitle": "Neutrogena",
        "isPrimeEligible": "0"
    },
    {
        "ASIN": "B08LR42YZG",
        "title": "Cetaphil Face Moisturizer, Daily Oil Free Facial Moisturizer with SPF 35, For Dry or Oily Combination Sensitive Skin, Fragrance Free Face Lotion",
        "price": "$11.65 ($3.88 / Fl Oz)",
        "listPrice": "$15.99 ($5.33 / Fl Oz)",
        "imageUrl": "https://m.media-amazon.com/images/I/31BSGMUH3cL._SL160_.jpg",
        "detailPageURL": "https://www.amazon.com/dp/B08LR42YZG",
        "rating": "4.5",
        "totalReviews": "7613",
        "subtitle": "Cetaphil",
        "isPrimeEligible": "1"
    },
    {
        "ASIN": "B00TMTAOLA",
        "title": "SkinMedica Rejuvenative Moisturizer, 2 Oz",
        "price": "$60.00 ($30.00 / Ounce)",
        "listPrice": "",
        "imageUrl": "https://m.media-amazon.com/images/I/31G9CtnxinL._SL160_.jpg",
        "detailPageURL": "https://www.amazon.com/dp/B00TMTAOLA",
        "rating": "4.6",
        "totalReviews": "796",
        "subtitle": "",
        "isPrimeEligible": "1"
    },
    {
        "ASIN": "B00SNPCSUY",
        "title": "CeraVe Skin Renewing Night Cream | Niacinamide, Peptide Complex, and Hyaluronic Acid Moisturizer for Face | 1.7 Ounce, Packaging may Vary",
        "price": "$15.38 ($9.05 / Ounce)",
        "listPrice": "$21.99 ($12.94 / Ounce)",
        "imageUrl": "https://m.media-amazon.com/images/I/411crd4ECqL._SL160_.jpg",
        "detailPageURL": "https://www.amazon.com/dp/B00SNPCSUY",
        "rating": "4.6",
        "totalReviews": "38891",
        "subtitle": "CeraVe",
        "isPrimeEligible": "1"
    },
    {
        "ASIN": "B001ET7BPS",
        "title": "Alba Botanica Hawaiian, Aloe & Green Tea Oil-Free Moisturizer, 3 Ounce (Pack of 2)",
        "price": "$24.80 ($4.13 / Ounce)",
        "listPrice": "$35.90 ($5.98 / Ounce)",
        "imageUrl": "https://m.media-amazon.com/images/I/41VFUxvLy6L._SL160_.jpg",
        "detailPageURL": "https://www.amazon.com/dp/B001ET7BPS",
        "rating": "4.7",
        "totalReviews": "845",
        "subtitle": "Alba Botanica",
        "isPrimeEligible": "1"
    },
    {
        "ASIN": "B09Q3MJZQB",
        "title": "Minimalist Marula Oil 5% Face Moisturizer For Dry Skin With Hyaluronic Acid For Deep Nourishment & Hydration, For Men & Women | 50gm",
        "price": "$5.49 ($3.05 / Ounce)",
        "listPrice": "",
        "imageUrl": "https://m.media-amazon.com/images/I/31F1Hd8wwwL._SL160_.jpg",
        "detailPageURL": "https://www.amazon.com/dp/B09Q3MJZQB",
        "rating": "4.3",
        "totalReviews": "2176",
        "subtitle": "Minimalist",
        "isPrimeEligible": "1"
    },
    {
        "ASIN": "B001E96LVS",
        "title": "Clean & Clear Essentials Dual Action Facial Moisturizer, 0.5% Salicylic Acid Acne Medication to Moisturize Dry Skin, Treat Acne & Help Prevent Pimples, Oil Free for Acne-Prone Skin, 4 oz (Pack of 3)",
        "price": "$17.94 ($1.50 / Ounce)",
        "listPrice": "$23.97 ($2.00 / Ounce)",
        "imageUrl": "https://m.media-amazon.com/images/I/41IZ+F8NX3L._SL160_.jpg",
        "detailPageURL": "https://www.amazon.com/dp/B001E96LVS",
        "rating": "4.7",
        "totalReviews": "2998",
        "subtitle": "Clean & Clear",
        "isPrimeEligible": "1"
    },
    {
        "ASIN": "B099N1LC4R",
        "title": "Cetaphil Body Moisturizer, Hydrating Moisturizing Cream for Dry to Very Dry, Sensitive Skin, NEW 20 oz, Fragrance Free, Non-Comedogenic, Non-Greasy",
        "price": "$15.97 ($0.83 / Ounce)",
        "listPrice": "",
        "imageUrl": "https://m.media-amazon.com/images/I/41KWAdm18eL._SL160_.jpg",
        "detailPageURL": "https://www.amazon.com/dp/B099N1LC4R",
        "rating": "4.8",
        "totalReviews": "10468",
        "subtitle": "Cetaphil",
        "isPrimeEligible": "1"
    },
    {
        "ASIN": "B01M09QQI0",
        "title": "L'Oreal Paris Age Perfect Rosy Tone Anti-Aging Face Moisturizer, Renew & Revive Healthy Tone, 1.7 oz",
        "price": "$16.21 ($9.54 / Ounce)",
        "listPrice": "$24.99 ($14.70 / Ounce)",
        "imageUrl": "https://m.media-amazon.com/images/I/41R+WaZ45PL._SL160_.jpg",
        "detailPageURL": "https://www.amazon.com/dp/B01M09QQI0",
        "rating": "4.5",
        "totalReviews": "7021",
        "subtitle": "L\u2019Or\u00e9al Paris",
        "isPrimeEligible": "1"
    },
    {
        "ASIN": "B00CVZ3NJ2",
        "title": "Clinique Dramatically Different Moisturizing Lotion+ with Pump Very Dry to Dry Combination Skin 4.2 oz / 125 ml",
        "price": "$21.99 ($5.24 / Fl Oz)",
        "listPrice": "",
        "imageUrl": "https://m.media-amazon.com/images/I/51ql9LetUKL._SL160_.jpg",
        "detailPageURL": "https://www.amazon.com/dp/B00CVZ3NJ2",
        "rating": "4.7",
        "totalReviews": "12554",
        "subtitle": "Clinique",
        "isPrimeEligible": "1"
    },
    {
        "ASIN": "B08LR42YZG",
        "title": "Cetaphil Face Moisturizer, Daily Oil Free Facial Moisturizer with SPF 35, For Dry or Oily Combination Sensitive Skin, Fragrance Free Face Lotion",
        "price": "$11.65 ($3.88 / Fl Oz)",
        "listPrice": "$15.99 ($5.33 / Fl Oz)",
        "imageUrl": "https://m.media-amazon.com/images/I/31BSGMUH3cL._SL160_.jpg",
        "detailPageURL": "https://www.amazon.com/dp/B08LR42YZG",
        "rating": "4.5",
        "totalReviews": "7613",
        "subtitle": "Cetaphil",
        "isPrimeEligible": "1"
    },
    {
        "ASIN": "B00TMTAOLA",
        "title": "SkinMedica Rejuvenative Moisturizer, 2 Oz",
        "price": "$60.00 ($30.00 / Ounce)",
        "listPrice": "",
        "imageUrl": "https://m.media-amazon.com/images/I/31G9CtnxinL._SL160_.jpg",
        "detailPageURL": "https://www.amazon.com/dp/B00TMTAOLA",
        "rating": "4.6",
        "totalReviews": "796",
        "subtitle": "",
        "isPrimeEligible": "1"
    },
    {
        "ASIN": "B00SNPCSUY",
        "title": "CeraVe Skin Renewing Night Cream | Niacinamide, Peptide Complex, and Hyaluronic Acid Moisturizer for Face | 1.7 Ounce, Packaging may Vary",
        "price": "$15.38 ($9.05 / Ounce)",
        "listPrice": "$21.99 ($12.94 / Ounce)",
        "imageUrl": "https://m.media-amazon.com/images/I/411crd4ECqL._SL160_.jpg",
        "detailPageURL": "https://www.amazon.com/dp/B00SNPCSUY",
        "rating": "4.6",
        "totalReviews": "38891",
        "subtitle": "CeraVe",
        "isPrimeEligible": "1"
    },
    {
        "ASIN": "B001ET7BPS",
        "title": "Alba Botanica Hawaiian, Aloe & Green Tea Oil-Free Moisturizer, 3 Ounce (Pack of 2)",
        "price": "$24.80 ($4.13 / Ounce)",
        "listPrice": "$35.90 ($5.98 / Ounce)",
        "imageUrl": "https://m.media-amazon.com/images/I/41VFUxvLy6L._SL160_.jpg",
        "detailPageURL": "https://www.amazon.com/dp/B001ET7BPS",
        "rating": "4.7",
        "totalReviews": "845",
        "subtitle": "Alba Botanica",
        "isPrimeEligible": "1"
    },
    {
        "ASIN": "B09Q3MJZQB",
        "title": "Minimalist Marula Oil 5% Face Moisturizer For Dry Skin With Hyaluronic Acid For Deep Nourishment & Hydration, For Men & Women | 50gm",
        "price": "$5.49 ($3.05 / Ounce)",
        "listPrice": "",
        "imageUrl": "https://m.media-amazon.com/images/I/31F1Hd8wwwL._SL160_.jpg",
        "detailPageURL": "https://www.amazon.com/dp/B09Q3MJZQB",
        "rating": "4.3",
        "totalReviews": "2176",
        "subtitle": "Minimalist",
        "isPrimeEligible": "1"
    },
    {
        "ASIN": "B001E96LVS",
        "title": "Clean & Clear Essentials Dual Action Facial Moisturizer, 0.5% Salicylic Acid Acne Medication to Moisturize Dry Skin, Treat Acne & Help Prevent Pimples, Oil Free for Acne-Prone Skin, 4 oz (Pack of 3)",
        "price": "$17.94 ($1.50 / Ounce)",
        "listPrice": "$23.97 ($2.00 / Ounce)",
        "imageUrl": "https://m.media-amazon.com/images/I/41IZ+F8NX3L._SL160_.jpg",
        "detailPageURL": "https://www.amazon.com/dp/B001E96LVS",
        "rating": "4.7",
        "totalReviews": "2998",
        "subtitle": "Clean & Clear",
        "isPrimeEligible": "1"
    },
    {
        "ASIN": "B099N1LC4R",
        "title": "Cetaphil Body Moisturizer, Hydrating Moisturizing Cream for Dry to Very Dry, Sensitive Skin, NEW 20 oz, Fragrance Free, Non-Comedogenic, Non-Greasy",
        "price": "$15.97 ($0.83 / Ounce)",
        "listPrice": "",
        "imageUrl": "https://m.media-amazon.com/images/I/41KWAdm18eL._SL160_.jpg",
        "detailPageURL": "https://www.amazon.com/dp/B099N1LC4R",
        "rating": "4.8",
        "totalReviews": "10468",
        "subtitle": "Cetaphil",
        "isPrimeEligible": "1"
    },
    {
        "ASIN": "B01M09QQI0",
        "title": "L'Oreal Paris Age Perfect Rosy Tone Anti-Aging Face Moisturizer, Renew & Revive Healthy Tone, 1.7 oz",
        "price": "$16.21 ($9.54 / Ounce)",
        "listPrice": "$24.99 ($14.70 / Ounce)",
        "imageUrl": "https://m.media-amazon.com/images/I/41R+WaZ45PL._SL160_.jpg",
        "detailPageURL": "https://www.amazon.com/dp/B01M09QQI0",
        "rating": "4.5",
        "totalReviews": "7021",
        "subtitle": "L\u2019Or\u00e9al Paris",
        "isPrimeEligible": "1"
    },
    {
        "ASIN": "B00CVZ3NJ2",
        "title": "Clinique Dramatically Different Moisturizing Lotion+ with Pump Very Dry to Dry Combination Skin 4.2 oz / 125 ml",
        "price": "$21.99 ($5.24 / Fl Oz)",
        "listPrice": "",
        "imageUrl": "https://m.media-amazon.com/images/I/51ql9LetUKL._SL160_.jpg",
        "detailPageURL": "https://www.amazon.com/dp/B00CVZ3NJ2",
        "rating": "4.7",
        "totalReviews": "12554",
        "subtitle": "Clinique",
        "isPrimeEligible": "1"
    },
    {
        "ASIN": "B0065I0UMO",
        "title": "First Aid Beauty Ultra Repair Cream Intense Hydration Moisturizer for Face and Body \u2013 Rich Whipped Texture For Immediate Skin Hydration, 6 oz",
        "price": "$36.24 ($6.04 / Ounce)",
        "listPrice": "$38.00 ($6.33 / Ounce)",
        "imageUrl": "https://m.media-amazon.com/images/I/41w68C5q+8L._SL160_.jpg",
        "detailPageURL": "https://www.amazon.com/dp/B0065I0UMO",
        "rating": "4.7",
        "totalReviews": "8952",
        "subtitle": "First Aid Beauty",
        "isPrimeEligible": "1"
    },
    {
        "ASIN": "B00TMTAOLA",
        "title": "SkinMedica Rejuvenative Moisturizer, 2 Oz",
        "price": "$60.00 ($30.00 / Ounce)",
        "listPrice": "",
        "imageUrl": "https://m.media-amazon.com/images/I/31G9CtnxinL._SL160_.jpg",
        "detailPageURL": "https://www.amazon.com/dp/B00TMTAOLA",
        "rating": "4.6",
        "totalReviews": "796",
        "subtitle": "",
        "isPrimeEligible": "1"
    },
    {
        "ASIN": "B00SNPCSUY",
        "title": "CeraVe Skin Renewing Night Cream | Niacinamide, Peptide Complex, and Hyaluronic Acid Moisturizer for Face | 1.7 Ounce, Packaging may Vary",
        "price": "$15.38 ($9.05 / Ounce)",
        "listPrice": "$21.99 ($12.94 / Ounce)",
        "imageUrl": "https://m.media-amazon.com/images/I/411crd4ECqL._SL160_.jpg",
        "detailPageURL": "https://www.amazon.com/dp/B00SNPCSUY",
        "rating": "4.6",
        "totalReviews": "38891",
        "subtitle": "CeraVe",
        "isPrimeEligible": "1"
    },
    {
        "ASIN": "B001ET7BPS",
        "title": "Alba Botanica Hawaiian, Aloe & Green Tea Oil-Free Moisturizer, 3 Ounce (Pack of 2)",
        "price": "$24.80 ($4.13 / Ounce)",
        "listPrice": "$35.90 ($5.98 / Ounce)",
        "imageUrl": "https://m.media-amazon.com/images/I/41VFUxvLy6L._SL160_.jpg",
        "detailPageURL": "https://www.amazon.com/dp/B001ET7BPS",
        "rating": "4.7",
        "totalReviews": "845",
        "subtitle": "Alba Botanica",
        "isPrimeEligible": "1"
    },
    {
        "ASIN": "B09Q3MJZQB",
        "title": "Minimalist Marula Oil 5% Face Moisturizer For Dry Skin With Hyaluronic Acid For Deep Nourishment & Hydration, For Men & Women | 50gm",
        "price": "$5.49 ($3.05 / Ounce)",
        "listPrice": "",
        "imageUrl": "https://m.media-amazon.com/images/I/31F1Hd8wwwL._SL160_.jpg",
        "detailPageURL": "https://www.amazon.com/dp/B09Q3MJZQB",
        "rating": "4.3",
        "totalReviews": "2176",
        "subtitle": "Minimalist",
        "isPrimeEligible": "1"
    },
    {
        "ASIN": "B001E96LVS",
        "title": "Clean & Clear Essentials Dual Action Facial Moisturizer, 0.5% Salicylic Acid Acne Medication to Moisturize Dry Skin, Treat Acne & Help Prevent Pimples, Oil Free for Acne-Prone Skin, 4 oz (Pack of 3)",
        "price": "$17.94 ($1.50 / Ounce)",
        "listPrice": "$23.97 ($2.00 / Ounce)",
        "imageUrl": "https://m.media-amazon.com/images/I/41IZ+F8NX3L._SL160_.jpg",
        "detailPageURL": "https://www.amazon.com/dp/B001E96LVS",
        "rating": "4.7",
        "totalReviews": "2998",
        "subtitle": "Clean & Clear",
        "isPrimeEligible": "1"
    },
    {
        "ASIN": "B099N1LC4R",
        "title": "Cetaphil Body Moisturizer, Hydrating Moisturizing Cream for Dry to Very Dry, Sensitive Skin, NEW 20 oz, Fragrance Free, Non-Comedogenic, Non-Greasy",
        "price": "$15.97 ($0.83 / Ounce)",
        "listPrice": "",
        "imageUrl": "https://m.media-amazon.com/images/I/41KWAdm18eL._SL160_.jpg",
        "detailPageURL": "https://www.amazon.com/dp/B099N1LC4R",
        "rating": "4.8",
        "totalReviews": "10468",
        "subtitle": "Cetaphil",
        "isPrimeEligible": "1"
    },
    {
        "ASIN": "B01M09QQI0",
        "title": "L'Oreal Paris Age Perfect Rosy Tone Anti-Aging Face Moisturizer, Renew & Revive Healthy Tone, 1.7 oz",
        "price": "$16.21 ($9.54 / Ounce)",
        "listPrice": "$24.99 ($14.70 / Ounce)",
        "imageUrl": "https://m.media-amazon.com/images/I/41R+WaZ45PL._SL160_.jpg",
        "detailPageURL": "https://www.amazon.com/dp/B01M09QQI0",
        "rating": "4.5",
        "totalReviews": "7021",
        "subtitle": "L\u2019Or\u00e9al Paris",
        "isPrimeEligible": "1"
    },
    {
        "ASIN": "B00CVZ3NJ2",
        "title": "Clinique Dramatically Different Moisturizing Lotion+ with Pump Very Dry to Dry Combination Skin 4.2 oz / 125 ml",
        "price": "$21.99 ($5.24 / Fl Oz)",
        "listPrice": "",
        "imageUrl": "https://m.media-amazon.com/images/I/51ql9LetUKL._SL160_.jpg",
        "detailPageURL": "https://www.amazon.com/dp/B00CVZ3NJ2",
        "rating": "4.7",
        "totalReviews": "12554",
        "subtitle": "Clinique",
        "isPrimeEligible": "1"
    },
    {
        "ASIN": "B0065I0UMO",
        "title": "First Aid Beauty Ultra Repair Cream Intense Hydration Moisturizer for Face and Body \u2013 Rich Whipped Texture For Immediate Skin Hydration, 6 oz",
        "price": "$36.24 ($6.04 / Ounce)",
        "listPrice": "$38.00 ($6.33 / Ounce)",
        "imageUrl": "https://m.media-amazon.com/images/I/41w68C5q+8L._SL160_.jpg",
        "detailPageURL": "https://www.amazon.com/dp/B0065I0UMO",
        "rating": "4.7",
        "totalReviews": "8952",
        "subtitle": "First Aid Beauty",
        "isPrimeEligible": "1"
    },
    {
        "ASIN": "B00FCAL3XQ",
        "title": "Le Mieux Bio Cell Rejuvenating Cream - Triple Peptide Facial Moisturizer with Hyaluronic Acid, Squalane & Rose Hip, Night & Day Cream for Face & Neck, No Parabens or Sulfates (1.75 oz / 52 ml)",
        "price": "$39.98 ($22.21 / Fl Oz)",
        "listPrice": "$45.00 ($25.00 / Fl Oz)",
        "imageUrl": "https://m.media-amazon.com/images/I/41xcUL0guiL._SL160_.jpg",
        "detailPageURL": "https://www.amazon.com/dp/B00FCAL3XQ",
        "rating": "4.6",
        "totalReviews": "311",
        "subtitle": "Le Mieux",
        "isPrimeEligible": "0"
    },
    {
        "ASIN": "B08LR42YZG",
        "title": "Cetaphil Face Moisturizer, Daily Oil Free Facial Moisturizer with SPF 35, For Dry or Oily Combination Sensitive Skin, Fragrance Free Face Lotion",
        "price": "$11.65 ($3.88 / Fl Oz)",
        "listPrice": "$15.99 ($5.33 / Fl Oz)",
        "imageUrl": "https://m.media-amazon.com/images/I/31BSGMUH3cL._SL160_.jpg",
        "detailPageURL": "https://www.amazon.com/dp/B08LR42YZG",
        "rating": "4.5",
        "totalReviews": "7613",
        "subtitle": "Cetaphil",
        "isPrimeEligible": "1"
    },
    {
        "ASIN": "B086WVRZBJ",
        "title": "PURITO [ESSENTIAL OIL-FREE] DEEP SEA PURE WATER CREAM 50g/1.7fl.oz, moisture cream for face, facial watery cream, Vegan",
        "price": "$15.63 ($8.88 / Ounce)",
        "listPrice": "$16.80 ($9.55 / Ounce)",
        "imageUrl": "https://m.media-amazon.com/images/I/31Ff1R3ZbtL._SL160_.jpg",
        "detailPageURL": "https://www.amazon.com/dp/B086WVRZBJ",
        "rating": "4.6",
        "totalReviews": "1711",
        "subtitle": "PURITO",
        "isPrimeEligible": "1"
    },
    {
        "ASIN": "B00DG8F02Q",
        "title": "NIVEA Shea Nourish Body Lotion, Dry Skin Lotion with Shea Butter, 16.9 Fl Oz Pump Bottle",
        "price": "$5.49 ($0.32 / Ounce)",
        "listPrice": "$7.99 ($0.47 / Ounce)",
        "imageUrl": "https://m.media-amazon.com/images/I/31+WLRw2Y6L._SL160_.jpg",
        "detailPageURL": "https://www.amazon.com/dp/B00DG8F02Q",
        "rating": "4.7",
        "totalReviews": "15544",
        "subtitle": "NIVEA",
        "isPrimeEligible": "1"
    },
    {
        "ASIN": "B001ET7BPS",
        "title": "Alba Botanica Hawaiian, Aloe & Green Tea Oil-Free Moisturizer, 3 Ounce (Pack of 2)",
        "price": "$24.80 ($4.13 / Ounce)",
        "listPrice": "$35.90 ($5.98 / Ounce)",
        "imageUrl": "https://m.media-amazon.com/images/I/41VFUxvLy6L._SL160_.jpg",
        "detailPageURL": "https://www.amazon.com/dp/B001ET7BPS",
        "rating": "4.7",
        "totalReviews": "845",
        "subtitle": "Alba Botanica",
        "isPrimeEligible": "1"
    },
    {
        "ASIN": "B00TMTAOLA",
        "title": "SkinMedica Rejuvenative Moisturizer, 2 Oz",
        "price": "$60.00 ($30.00 / Ounce)",
        "listPrice": "",
        "imageUrl": "https://m.media-amazon.com/images/I/31G9CtnxinL._SL160_.jpg",
        "detailPageURL": "https://www.amazon.com/dp/B00TMTAOLA",
        "rating": "4.6",
        "totalReviews": "796",
        "subtitle": "",
        "isPrimeEligible": "1"
    },
    {
        "ASIN": "B00SNPCSUY",
        "title": "CeraVe Skin Renewing Night Cream | Niacinamide, Peptide Complex, and Hyaluronic Acid Moisturizer for Face | 1.7 Ounce, Packaging may Vary",
        "price": "$15.38 ($9.05 / Ounce)",
        "listPrice": "$21.99 ($12.94 / Ounce)",
        "imageUrl": "https://m.media-amazon.com/images/I/411crd4ECqL._SL160_.jpg",
        "detailPageURL": "https://www.amazon.com/dp/B00SNPCSUY",
        "rating": "4.6",
        "totalReviews": "38891",
        "subtitle": "CeraVe",
        "isPrimeEligible": "1"
    },
    {
        "ASIN": "B09Q3MJZQB",
        "title": "Minimalist Marula Oil 5% Face Moisturizer For Dry Skin With Hyaluronic Acid For Deep Nourishment & Hydration, For Men & Women | 50gm",
        "price": "$5.49 ($3.05 / Ounce)",
        "listPrice": "",
        "imageUrl": "https://m.media-amazon.com/images/I/31F1Hd8wwwL._SL160_.jpg",
        "detailPageURL": "https://www.amazon.com/dp/B09Q3MJZQB",
        "rating": "4.3",
        "totalReviews": "2176",
        "subtitle": "Minimalist",
        "isPrimeEligible": "1"
    },
    {
        "ASIN": "B001E96LVS",
        "title": "Clean & Clear Essentials Dual Action Facial Moisturizer, 0.5% Salicylic Acid Acne Medication to Moisturize Dry Skin, Treat Acne & Help Prevent Pimples, Oil Free for Acne-Prone Skin, 4 oz (Pack of 3)",
        "price": "$17.94 ($1.50 / Ounce)",
        "listPrice": "$23.97 ($2.00 / Ounce)",
        "imageUrl": "https://m.media-amazon.com/images/I/41IZ+F8NX3L._SL160_.jpg",
        "detailPageURL": "https://www.amazon.com/dp/B001E96LVS",
        "rating": "4.7",
        "totalReviews": "2998",
        "subtitle": "Clean & Clear",
        "isPrimeEligible": "1"
    },
    {
        "ASIN": "B004WC2H8A",
        "title": "First Aid Beauty Ultra Repair Cream Intense Hydration Moisturizer for Face and Body \u2013 Rich Whipped Texture For Immediate Skin Hydration, 2 oz Travel Size",
        "price": "$18.00 ($9.00 / Ounce)",
        "listPrice": "",
        "imageUrl": "https://m.media-amazon.com/images/I/31g9df419sL._SL160_.jpg",
        "detailPageURL": "https://www.amazon.com/dp/B004WC2H8A",
        "rating": "4.6",
        "totalReviews": "8691",
        "subtitle": "First Aid Beauty",
        "isPrimeEligible": "1"
    },
    {
        "ASIN": "B0065I0UMO",
        "title": "First Aid Beauty Ultra Repair Cream Intense Hydration Moisturizer for Face and Body \u2013 Rich Whipped Texture For Immediate Skin Hydration, 6 oz",
        "price": "$36.24 ($6.04 / Ounce)",
        "listPrice": "$38.00 ($6.33 / Ounce)",
        "imageUrl": "https://m.media-amazon.com/images/I/41w68C5q+8L._SL160_.jpg",
        "detailPageURL": "https://www.amazon.com/dp/B0065I0UMO",
        "rating": "4.7",
        "totalReviews": "8952",
        "subtitle": "First Aid Beauty",
        "isPrimeEligible": "1"
    },
    {
        "ASIN": "B086WVRZBJ",
        "title": "PURITO [ESSENTIAL OIL-FREE] DEEP SEA PURE WATER CREAM 50g/1.7fl.oz, moisture cream for face, facial watery cream, Vegan",
        "price": "$15.63 ($8.88 / Ounce)",
        "listPrice": "$16.80 ($9.55 / Ounce)",
        "imageUrl": "https://m.media-amazon.com/images/I/31Ff1R3ZbtL._SL160_.jpg",
        "detailPageURL": "https://www.amazon.com/dp/B086WVRZBJ",
        "rating": "4.6",
        "totalReviews": "1711",
        "subtitle": "PURITO",
        "isPrimeEligible": "1"
    },
    {
        "ASIN": "B00DG8F02Q",
        "title": "NIVEA Shea Nourish Body Lotion, Dry Skin Lotion with Shea Butter, 16.9 Fl Oz Pump Bottle",
        "price": "$5.49 ($0.32 / Ounce)",
        "listPrice": "$7.99 ($0.47 / Ounce)",
        "imageUrl": "https://m.media-amazon.com/images/I/31+WLRw2Y6L._SL160_.jpg",
        "detailPageURL": "https://www.amazon.com/dp/B00DG8F02Q",
        "rating": "4.7",
        "totalReviews": "15544",
        "subtitle": "NIVEA",
        "isPrimeEligible": "1"
    },
    {
        "ASIN": "B001ET7BPS",
        "title": "Alba Botanica Hawaiian, Aloe & Green Tea Oil-Free Moisturizer, 3 Ounce (Pack of 2)",
        "price": "$24.80 ($4.13 / Ounce)",
        "listPrice": "$35.90 ($5.98 / Ounce)",
        "imageUrl": "https://m.media-amazon.com/images/I/41VFUxvLy6L._SL160_.jpg",
        "detailPageURL": "https://www.amazon.com/dp/B001ET7BPS",
        "rating": "4.7",
        "totalReviews": "845",
        "subtitle": "Alba Botanica",
        "isPrimeEligible": "1"
    },
    {
        "ASIN": "B00TMTAOLA",
        "title": "SkinMedica Rejuvenative Moisturizer, 2 Oz",
        "price": "$60.00 ($30.00 / Ounce)",
        "listPrice": "",
        "imageUrl": "https://m.media-amazon.com/images/I/31G9CtnxinL._SL160_.jpg",
        "detailPageURL": "https://www.amazon.com/dp/B00TMTAOLA",
        "rating": "4.6",
        "totalReviews": "796",
        "subtitle": "",
        "isPrimeEligible": "1"
    },
    {
        "ASIN": "B00SNPCSUY",
        "title": "CeraVe Skin Renewing Night Cream | Niacinamide, Peptide Complex, and Hyaluronic Acid Moisturizer for Face | 1.7 Ounce, Packaging may Vary",
        "price": "$15.38 ($9.05 / Ounce)",
        "listPrice": "$21.99 ($12.94 / Ounce)",
        "imageUrl": "https://m.media-amazon.com/images/I/411crd4ECqL._SL160_.jpg",
        "detailPageURL": "https://www.amazon.com/dp/B00SNPCSUY",
        "rating": "4.6",
        "totalReviews": "38891",
        "subtitle": "CeraVe",
        "isPrimeEligible": "1"
    },
    {
        "ASIN": "B09Q3MJZQB",
        "title": "Minimalist Marula Oil 5% Face Moisturizer For Dry Skin With Hyaluronic Acid For Deep Nourishment & Hydration, For Men & Women | 50gm",
        "price": "$5.49 ($3.05 / Ounce)",
        "listPrice": "",
        "imageUrl": "https://m.media-amazon.com/images/I/31F1Hd8wwwL._SL160_.jpg",
        "detailPageURL": "https://www.amazon.com/dp/B09Q3MJZQB",
        "rating": "4.3",
        "totalReviews": "2176",
        "subtitle": "Minimalist",
        "isPrimeEligible": "1"
    },
    {
        "ASIN": "B001E96LVS",
        "title": "Clean & Clear Essentials Dual Action Facial Moisturizer, 0.5% Salicylic Acid Acne Medication to Moisturize Dry Skin, Treat Acne & Help Prevent Pimples, Oil Free for Acne-Prone Skin, 4 oz (Pack of 3)",
        "price": "$17.94 ($1.50 / Ounce)",
        "listPrice": "$23.97 ($2.00 / Ounce)",
        "imageUrl": "https://m.media-amazon.com/images/I/41IZ+F8NX3L._SL160_.jpg",
        "detailPageURL": "https://www.amazon.com/dp/B001E96LVS",
        "rating": "4.7",
        "totalReviews": "2998",
        "subtitle": "Clean & Clear",
        "isPrimeEligible": "1"
    },
    {
        "ASIN": "B004WC2H8A",
        "title": "First Aid Beauty Ultra Repair Cream Intense Hydration Moisturizer for Face and Body \u2013 Rich Whipped Texture For Immediate Skin Hydration, 2 oz Travel Size",
        "price": "$18.00 ($9.00 / Ounce)",
        "listPrice": "",
        "imageUrl": "https://m.media-amazon.com/images/I/31g9df419sL._SL160_.jpg",
        "detailPageURL": "https://www.amazon.com/dp/B004WC2H8A",
        "rating": "4.6",
        "totalReviews": "8691",
        "subtitle": "First Aid Beauty",
        "isPrimeEligible": "1"
    },
    {
        "ASIN": "B0065I0UMO",
        "title": "First Aid Beauty Ultra Repair Cream Intense Hydration Moisturizer for Face and Body \u2013 Rich Whipped Texture For Immediate Skin Hydration, 6 oz",
        "price": "$36.24 ($6.04 / Ounce)",
        "listPrice": "$38.00 ($6.33 / Ounce)",
        "imageUrl": "https://m.media-amazon.com/images/I/41w68C5q+8L._SL160_.jpg",
        "detailPageURL": "https://www.amazon.com/dp/B0065I0UMO",
        "rating": "4.7",
        "totalReviews": "8952",
        "subtitle": "First Aid Beauty",
        "isPrimeEligible": "1"
    },
    {
        "ASIN": "B00005333G",
        "title": "L'Oreal Paris Skincare Hydra-Renewal Face Moisturizer with Pro-Vitamin B5 for Dry Sensitive Skin, All-Day Hydration, 1.7 Oz",
        "price": "$6.42 ($3.78 / Ounce)",
        "listPrice": "$7.99 ($4.70 / Ounce)",
        "imageUrl": "https://m.media-amazon.com/images/I/31EpfojLpCL._SL160_.jpg",
        "detailPageURL": "https://www.amazon.com/dp/B00005333G",
        "rating": "4.4",
        "totalReviews": "4560",
        "subtitle": "L\u2019Or\u00e9al Paris",
        "isPrimeEligible": "1"
    },
    {
        "ASIN": "B00DG8F02Q",
        "title": "NIVEA Shea Nourish Body Lotion, Dry Skin Lotion with Shea Butter, 16.9 Fl Oz Pump Bottle",
        "price": "$5.49 ($0.32 / Ounce)",
        "listPrice": "$7.99 ($0.47 / Ounce)",
        "imageUrl": "https://m.media-amazon.com/images/I/31+WLRw2Y6L._SL160_.jpg",
        "detailPageURL": "https://www.amazon.com/dp/B00DG8F02Q",
        "rating": "4.7",
        "totalReviews": "15544",
        "subtitle": "NIVEA",
        "isPrimeEligible": "1"
    },
    {
        "ASIN": "B001ET7BPS",
        "title": "Alba Botanica Hawaiian, Aloe & Green Tea Oil-Free Moisturizer, 3 Ounce (Pack of 2)",
        "price": "$24.80 ($4.13 / Ounce)",
        "listPrice": "$35.90 ($5.98 / Ounce)",
        "imageUrl": "https://m.media-amazon.com/images/I/41VFUxvLy6L._SL160_.jpg",
        "detailPageURL": "https://www.amazon.com/dp/B001ET7BPS",
        "rating": "4.7",
        "totalReviews": "845",
        "subtitle": "Alba Botanica",
        "isPrimeEligible": "1"
    },
    {
        "ASIN": "B00TMTAOLA",
        "title": "SkinMedica Rejuvenative Moisturizer, 2 Oz",
        "price": "$60.00 ($30.00 / Ounce)",
        "listPrice": "",
        "imageUrl": "https://m.media-amazon.com/images/I/31G9CtnxinL._SL160_.jpg",
        "detailPageURL": "https://www.amazon.com/dp/B00TMTAOLA",
        "rating": "4.6",
        "totalReviews": "796",
        "subtitle": "",
        "isPrimeEligible": "1"
    },
    {
        "ASIN": "B00SNPCSUY",
        "title": "CeraVe Skin Renewing Night Cream | Niacinamide, Peptide Complex, and Hyaluronic Acid Moisturizer for Face | 1.7 Ounce, Packaging may Vary",
        "price": "$15.38 ($9.05 / Ounce)",
        "listPrice": "$21.99 ($12.94 / Ounce)",
        "imageUrl": "https://m.media-amazon.com/images/I/411crd4ECqL._SL160_.jpg",
        "detailPageURL": "https://www.amazon.com/dp/B00SNPCSUY",
        "rating": "4.6",
        "totalReviews": "38891",
        "subtitle": "CeraVe",
        "isPrimeEligible": "1"
    },
    {
        "ASIN": "B09Q3MJZQB",
        "title": "Minimalist Marula Oil 5% Face Moisturizer For Dry Skin With Hyaluronic Acid For Deep Nourishment & Hydration, For Men & Women | 50gm",
        "price": "$5.49 ($3.05 / Ounce)",
        "listPrice": "",
        "imageUrl": "https://m.media-amazon.com/images/I/31F1Hd8wwwL._SL160_.jpg",
        "detailPageURL": "https://www.amazon.com/dp/B09Q3MJZQB",
        "rating": "4.3",
        "totalReviews": "2176",
        "subtitle": "Minimalist",
        "isPrimeEligible": "1"
    },
    {
        "ASIN": "B001E96LVS",
        "title": "Clean & Clear Essentials Dual Action Facial Moisturizer, 0.5% Salicylic Acid Acne Medication to Moisturize Dry Skin, Treat Acne & Help Prevent Pimples, Oil Free for Acne-Prone Skin, 4 oz (Pack of 3)",
        "price": "$17.94 ($1.50 / Ounce)",
        "listPrice": "$23.97 ($2.00 / Ounce)",
        "imageUrl": "https://m.media-amazon.com/images/I/41IZ+F8NX3L._SL160_.jpg",
        "detailPageURL": "https://www.amazon.com/dp/B001E96LVS",
        "rating": "4.7",
        "totalReviews": "2998",
        "subtitle": "Clean & Clear",
        "isPrimeEligible": "1"
    },
    {
        "ASIN": "B004WC2H8A",
        "title": "First Aid Beauty Ultra Repair Cream Intense Hydration Moisturizer for Face and Body \u2013 Rich Whipped Texture For Immediate Skin Hydration, 2 oz Travel Size",
        "price": "$18.00 ($9.00 / Ounce)",
        "listPrice": "",
        "imageUrl": "https://m.media-amazon.com/images/I/31g9df419sL._SL160_.jpg",
        "detailPageURL": "https://www.amazon.com/dp/B004WC2H8A",
        "rating": "4.6",
        "totalReviews": "8691",
        "subtitle": "First Aid Beauty",
        "isPrimeEligible": "1"
    },
    {
        "ASIN": "B0065I0UMO",
        "title": "First Aid Beauty Ultra Repair Cream Intense Hydration Moisturizer for Face and Body \u2013 Rich Whipped Texture For Immediate Skin Hydration, 6 oz",
        "price": "$36.24 ($6.04 / Ounce)",
        "listPrice": "$38.00 ($6.33 / Ounce)",
        "imageUrl": "https://m.media-amazon.com/images/I/41w68C5q+8L._SL160_.jpg",
        "detailPageURL": "https://www.amazon.com/dp/B0065I0UMO",
        "rating": "4.7",
        "totalReviews": "8952",
        "subtitle": "First Aid Beauty",
        "isPrimeEligible": "1"
    },
    {
        "ASIN": "B00005333G",
        "title": "L'Oreal Paris Skincare Hydra-Renewal Face Moisturizer with Pro-Vitamin B5 for Dry Sensitive Skin, All-Day Hydration, 1.7 Oz",
        "price": "$6.42 ($3.78 / Ounce)",
        "listPrice": "$7.99 ($4.70 / Ounce)",
        "imageUrl": "https://m.media-amazon.com/images/I/31EpfojLpCL._SL160_.jpg",
        "detailPageURL": "https://www.amazon.com/dp/B00005333G",
        "rating": "4.4",
        "totalReviews": "4560",
        "subtitle": "L\u2019Or\u00e9al Paris",
        "isPrimeEligible": "1"
    },
    {
        "ASIN": "B00387F426",
        "title": "RoC Retinol Correxion Deep Wrinkle Daily Face Moisturizer with Sunscreen SPF 30, Skin Care Treatment for Fine Lines, Dark Spots, Post-Acne Scars, 1 Ounce",
        "price": "$19.89",
        "listPrice": "$29.99",
        "imageUrl": "https://m.media-amazon.com/images/I/41jDFhWerNL._SL160_.jpg",
        "detailPageURL": "https://www.amazon.com/dp/B00387F426",
        "rating": "4.6",
        "totalReviews": "6605",
        "subtitle": "RoC",
        "isPrimeEligible": "1"
    },
    {
        "ASIN": "B001ET7BPS",
        "title": "Alba Botanica Hawaiian, Aloe & Green Tea Oil-Free Moisturizer, 3 Ounce (Pack of 2)",
        "price": "$24.80 ($4.13 / Ounce)",
        "listPrice": "$35.90 ($5.98 / Ounce)",
        "imageUrl": "https://m.media-amazon.com/images/I/41VFUxvLy6L._SL160_.jpg",
        "detailPageURL": "https://www.amazon.com/dp/B001ET7BPS",
        "rating": "4.7",
        "totalReviews": "845",
        "subtitle": "Alba Botanica",
        "isPrimeEligible": "1"
    },
    {
        "ASIN": "B00TMTAOLA",
        "title": "SkinMedica Rejuvenative Moisturizer, 2 Oz",
        "price": "$60.00 ($30.00 / Ounce)",
        "listPrice": "",
        "imageUrl": "https://m.media-amazon.com/images/I/31G9CtnxinL._SL160_.jpg",
        "detailPageURL": "https://www.amazon.com/dp/B00TMTAOLA",
        "rating": "4.6",
        "totalReviews": "796",
        "subtitle": "",
        "isPrimeEligible": "1"
    },
    {
        "ASIN": "B00SNPCSUY",
        "title": "CeraVe Skin Renewing Night Cream | Niacinamide, Peptide Complex, and Hyaluronic Acid Moisturizer for Face | 1.7 Ounce, Packaging may Vary",
        "price": "$15.38 ($9.05 / Ounce)",
        "listPrice": "$21.99 ($12.94 / Ounce)",
        "imageUrl": "https://m.media-amazon.com/images/I/411crd4ECqL._SL160_.jpg",
        "detailPageURL": "https://www.amazon.com/dp/B00SNPCSUY",
        "rating": "4.6",
        "totalReviews": "38891",
        "subtitle": "CeraVe",
        "isPrimeEligible": "1"
    },
    {
        "ASIN": "B09Q3MJZQB",
        "title": "Minimalist Marula Oil 5% Face Moisturizer For Dry Skin With Hyaluronic Acid For Deep Nourishment & Hydration, For Men & Women | 50gm",
        "price": "$5.49 ($3.05 / Ounce)",
        "listPrice": "",
        "imageUrl": "https://m.media-amazon.com/images/I/31F1Hd8wwwL._SL160_.jpg",
        "detailPageURL": "https://www.amazon.com/dp/B09Q3MJZQB",
        "rating": "4.3",
        "totalReviews": "2176",
        "subtitle": "Minimalist",
        "isPrimeEligible": "1"
    },
    {
        "ASIN": "B001E96LVS",
        "title": "Clean & Clear Essentials Dual Action Facial Moisturizer, 0.5% Salicylic Acid Acne Medication to Moisturize Dry Skin, Treat Acne & Help Prevent Pimples, Oil Free for Acne-Prone Skin, 4 oz (Pack of 3)",
        "price": "$17.94 ($1.50 / Ounce)",
        "listPrice": "$23.97 ($2.00 / Ounce)",
        "imageUrl": "https://m.media-amazon.com/images/I/41IZ+F8NX3L._SL160_.jpg",
        "detailPageURL": "https://www.amazon.com/dp/B001E96LVS",
        "rating": "4.7",
        "totalReviews": "2998",
        "subtitle": "Clean & Clear",
        "isPrimeEligible": "1"
    },
    {
        "ASIN": "B004WC2H8A",
        "title": "First Aid Beauty Ultra Repair Cream Intense Hydration Moisturizer for Face and Body \u2013 Rich Whipped Texture For Immediate Skin Hydration, 2 oz Travel Size",
        "price": "$18.00 ($9.00 / Ounce)",
        "listPrice": "",
        "imageUrl": "https://m.media-amazon.com/images/I/31g9df419sL._SL160_.jpg",
        "detailPageURL": "https://www.amazon.com/dp/B004WC2H8A",
        "rating": "4.6",
        "totalReviews": "8691",
        "subtitle": "First Aid Beauty",
        "isPrimeEligible": "1"
    },
    {
        "ASIN": "B0065I0UMO",
        "title": "First Aid Beauty Ultra Repair Cream Intense Hydration Moisturizer for Face and Body \u2013 Rich Whipped Texture For Immediate Skin Hydration, 6 oz",
        "price": "$36.24 ($6.04 / Ounce)",
        "listPrice": "$38.00 ($6.33 / Ounce)",
        "imageUrl": "https://m.media-amazon.com/images/I/41w68C5q+8L._SL160_.jpg",
        "detailPageURL": "https://www.amazon.com/dp/B0065I0UMO",
        "rating": "4.7",
        "totalReviews": "8952",
        "subtitle": "First Aid Beauty",
        "isPrimeEligible": "1"
    },
    {
        "ASIN": "B00005333G",
        "title": "L'Oreal Paris Skincare Hydra-Renewal Face Moisturizer with Pro-Vitamin B5 for Dry Sensitive Skin, All-Day Hydration, 1.7 Oz",
        "price": "$6.42 ($3.78 / Ounce)",
        "listPrice": "$7.99 ($4.70 / Ounce)",
        "imageUrl": "https://m.media-amazon.com/images/I/31EpfojLpCL._SL160_.jpg",
        "detailPageURL": "https://www.amazon.com/dp/B00005333G",
        "rating": "4.4",
        "totalReviews": "4560",
        "subtitle": "L\u2019Or\u00e9al Paris",
        "isPrimeEligible": "1"
    },
    {
        "ASIN": "B00387F426",
        "title": "RoC Retinol Correxion Deep Wrinkle Daily Face Moisturizer with Sunscreen SPF 30, Skin Care Treatment for Fine Lines, Dark Spots, Post-Acne Scars, 1 Ounce",
        "price": "$19.89",
        "listPrice": "$29.99",
        "imageUrl": "https://m.media-amazon.com/images/I/41jDFhWerNL._SL160_.jpg",
        "detailPageURL": "https://www.amazon.com/dp/B00387F426",
        "rating": "4.6",
        "totalReviews": "6605",
        "subtitle": "RoC",
        "isPrimeEligible": "1"
    },
    {
        "ASIN": "B072NNC2LR",
        "title": "TATCHA The Water Cream | Oil-Free, Optimal Hydration Moisturizer For Pure Poreless Skin, 50 ml | 1.7 oz",
        "price": "$72.00 ($42.35 / Fl Oz)",
        "listPrice": "",
        "imageUrl": "https://m.media-amazon.com/images/I/31r+8HJoqQL._SL160_.jpg",
        "detailPageURL": "https://www.amazon.com/dp/B072NNC2LR",
        "rating": "4.6",
        "totalReviews": "3526",
        "subtitle": "",
        "isPrimeEligible": "1"
    },
    {
        "ASIN": "B00TMTAOLA",
        "title": "SkinMedica Rejuvenative Moisturizer, 2 Oz",
        "price": "$60.00 ($30.00 / Ounce)",
        "listPrice": "",
        "imageUrl": "https://m.media-amazon.com/images/I/31G9CtnxinL._SL160_.jpg",
        "detailPageURL": "https://www.amazon.com/dp/B00TMTAOLA",
        "rating": "4.6",
        "totalReviews": "796",
        "subtitle": "",
        "isPrimeEligible": "1"
    },
    {
        "ASIN": "B00SNPCSUY",
        "title": "CeraVe Skin Renewing Night Cream | Niacinamide, Peptide Complex, and Hyaluronic Acid Moisturizer for Face | 1.7 Ounce, Packaging may Vary",
        "price": "$15.38 ($9.05 / Ounce)",
        "listPrice": "$21.99 ($12.94 / Ounce)",
        "imageUrl": "https://m.media-amazon.com/images/I/411crd4ECqL._SL160_.jpg",
        "detailPageURL": "https://www.amazon.com/dp/B00SNPCSUY",
        "rating": "4.6",
        "totalReviews": "38891",
        "subtitle": "CeraVe",
        "isPrimeEligible": "1"
    },
    {
        "ASIN": "B09Q3MJZQB",
        "title": "Minimalist Marula Oil 5% Face Moisturizer For Dry Skin With Hyaluronic Acid For Deep Nourishment & Hydration, For Men & Women | 50gm",
        "price": "$5.49 ($3.05 / Ounce)",
        "listPrice": "",
        "imageUrl": "https://m.media-amazon.com/images/I/31F1Hd8wwwL._SL160_.jpg",
        "detailPageURL": "https://www.amazon.com/dp/B09Q3MJZQB",
        "rating": "4.3",
        "totalReviews": "2176",
        "subtitle": "Minimalist",
        "isPrimeEligible": "1"
    },
    {
        "ASIN": "B001E96LVS",
        "title": "Clean & Clear Essentials Dual Action Facial Moisturizer, 0.5% Salicylic Acid Acne Medication to Moisturize Dry Skin, Treat Acne & Help Prevent Pimples, Oil Free for Acne-Prone Skin, 4 oz (Pack of 3)",
        "price": "$17.94 ($1.50 / Ounce)",
        "listPrice": "$23.97 ($2.00 / Ounce)",
        "imageUrl": "https://m.media-amazon.com/images/I/41IZ+F8NX3L._SL160_.jpg",
        "detailPageURL": "https://www.amazon.com/dp/B001E96LVS",
        "rating": "4.7",
        "totalReviews": "2998",
        "subtitle": "Clean & Clear",
        "isPrimeEligible": "1"
    },
    {
        "ASIN": "B004WC2H8A",
        "title": "First Aid Beauty Ultra Repair Cream Intense Hydration Moisturizer for Face and Body \u2013 Rich Whipped Texture For Immediate Skin Hydration, 2 oz Travel Size",
        "price": "$18.00 ($9.00 / Ounce)",
        "listPrice": "",
        "imageUrl": "https://m.media-amazon.com/images/I/31g9df419sL._SL160_.jpg",
        "detailPageURL": "https://www.amazon.com/dp/B004WC2H8A",
        "rating": "4.6",
        "totalReviews": "8691",
        "subtitle": "First Aid Beauty",
        "isPrimeEligible": "1"
    },
    {
        "ASIN": "B0065I0UMO",
        "title": "First Aid Beauty Ultra Repair Cream Intense Hydration Moisturizer for Face and Body \u2013 Rich Whipped Texture For Immediate Skin Hydration, 6 oz",
        "price": "$36.24 ($6.04 / Ounce)",
        "listPrice": "$38.00 ($6.33 / Ounce)",
        "imageUrl": "https://m.media-amazon.com/images/I/41w68C5q+8L._SL160_.jpg",
        "detailPageURL": "https://www.amazon.com/dp/B0065I0UMO",
        "rating": "4.7",
        "totalReviews": "8952",
        "subtitle": "First Aid Beauty",
        "isPrimeEligible": "1"
    },
    {
        "ASIN": "B00005333G",
        "title": "L'Oreal Paris Skincare Hydra-Renewal Face Moisturizer with Pro-Vitamin B5 for Dry Sensitive Skin, All-Day Hydration, 1.7 Oz",
        "price": "$6.42 ($3.78 / Ounce)",
        "listPrice": "$7.99 ($4.70 / Ounce)",
        "imageUrl": "https://m.media-amazon.com/images/I/31EpfojLpCL._SL160_.jpg",
        "detailPageURL": "https://www.amazon.com/dp/B00005333G",
        "rating": "4.4",
        "totalReviews": "4560",
        "subtitle": "L\u2019Or\u00e9al Paris",
        "isPrimeEligible": "1"
    },
    {
        "ASIN": "B00387F426",
        "title": "RoC Retinol Correxion Deep Wrinkle Daily Face Moisturizer with Sunscreen SPF 30, Skin Care Treatment for Fine Lines, Dark Spots, Post-Acne Scars, 1 Ounce",
        "price": "$19.89",
        "listPrice": "$29.99",
        "imageUrl": "https://m.media-amazon.com/images/I/41jDFhWerNL._SL160_.jpg",
        "detailPageURL": "https://www.amazon.com/dp/B00387F426",
        "rating": "4.6",
        "totalReviews": "6605",
        "subtitle": "RoC",
        "isPrimeEligible": "1"
    },
    {
        "ASIN": "B072NNC2LR",
        "title": "TATCHA The Water Cream | Oil-Free, Optimal Hydration Moisturizer For Pure Poreless Skin, 50 ml | 1.7 oz",
        "price": "$72.00 ($42.35 / Fl Oz)",
        "listPrice": "",
        "imageUrl": "https://m.media-amazon.com/images/I/31r+8HJoqQL._SL160_.jpg",
        "detailPageURL": "https://www.amazon.com/dp/B072NNC2LR",
        "rating": "4.6",
        "totalReviews": "3526",
        "subtitle": "",
        "isPrimeEligible": "1"
    },
    {
        "ASIN": "B000ORV3NC",
        "title": "Weleda Skin Food Original Ultra-Rich Body Cream 2.5 Fluid Ounce, Plant Rich Hydrating Moisturizer with Pansy, Chamomile and Calendula",
        "price": "$14.99 ($6.00 / Fl Oz)",
        "listPrice": "$18.50 ($7.40 / Fl Oz)",
        "imageUrl": "https://m.media-amazon.com/images/I/31BHurz2ArL._SL160_.jpg",
        "detailPageURL": "https://www.amazon.com/dp/B000ORV3NC",
        "rating": "4.5",
        "totalReviews": "30047",
        "subtitle": "Weleda",
        "isPrimeEligible": "1"
    },
    {
        "ASIN": "B00SNPCSUY",
        "title": "CeraVe Skin Renewing Night Cream | Niacinamide, Peptide Complex, and Hyaluronic Acid Moisturizer for Face | 1.7 Ounce, Packaging may Vary",
        "price": "$15.38 ($9.05 / Ounce)",
        "listPrice": "$21.99 ($12.94 / Ounce)",
        "imageUrl": "https://m.media-amazon.com/images/I/411crd4ECqL._SL160_.jpg",
        "detailPageURL": "https://www.amazon.com/dp/B00SNPCSUY",
        "rating": "4.6",
        "totalReviews": "38891",
        "subtitle": "CeraVe",
        "isPrimeEligible": "1"
    },
    {
        "ASIN": "B09Q3MJZQB",
        "title": "Minimalist Marula Oil 5% Face Moisturizer For Dry Skin With Hyaluronic Acid For Deep Nourishment & Hydration, For Men & Women | 50gm",
        "price": "$5.49 ($3.05 / Ounce)",
        "listPrice": "",
        "imageUrl": "https://m.media-amazon.com/images/I/31F1Hd8wwwL._SL160_.jpg",
        "detailPageURL": "https://www.amazon.com/dp/B09Q3MJZQB",
        "rating": "4.3",
        "totalReviews": "2176",
        "subtitle": "Minimalist",
        "isPrimeEligible": "1"
    },
    {
        "ASIN": "B001E96LVS",
        "title": "Clean & Clear Essentials Dual Action Facial Moisturizer, 0.5% Salicylic Acid Acne Medication to Moisturize Dry Skin, Treat Acne & Help Prevent Pimples, Oil Free for Acne-Prone Skin, 4 oz (Pack of 3)",
        "price": "$17.94 ($1.50 / Ounce)",
        "listPrice": "$23.97 ($2.00 / Ounce)",
        "imageUrl": "https://m.media-amazon.com/images/I/41IZ+F8NX3L._SL160_.jpg",
        "detailPageURL": "https://www.amazon.com/dp/B001E96LVS",
        "rating": "4.7",
        "totalReviews": "2998",
        "subtitle": "Clean & Clear",
        "isPrimeEligible": "1"
    },
    {
        "ASIN": "B004WC2H8A",
        "title": "First Aid Beauty Ultra Repair Cream Intense Hydration Moisturizer for Face and Body \u2013 Rich Whipped Texture For Immediate Skin Hydration, 2 oz Travel Size",
        "price": "$18.00 ($9.00 / Ounce)",
        "listPrice": "",
        "imageUrl": "https://m.media-amazon.com/images/I/31g9df419sL._SL160_.jpg",
        "detailPageURL": "https://www.amazon.com/dp/B004WC2H8A",
        "rating": "4.6",
        "totalReviews": "8691",
        "subtitle": "First Aid Beauty",
        "isPrimeEligible": "1"
    },
    {
        "ASIN": "B0065I0UMO",
        "title": "First Aid Beauty Ultra Repair Cream Intense Hydration Moisturizer for Face and Body \u2013 Rich Whipped Texture For Immediate Skin Hydration, 6 oz",
        "price": "$36.24 ($6.04 / Ounce)",
        "listPrice": "$38.00 ($6.33 / Ounce)",
        "imageUrl": "https://m.media-amazon.com/images/I/41w68C5q+8L._SL160_.jpg",
        "detailPageURL": "https://www.amazon.com/dp/B0065I0UMO",
        "rating": "4.7",
        "totalReviews": "8952",
        "subtitle": "First Aid Beauty",
        "isPrimeEligible": "1"
    },
    {
        "ASIN": "B00005333G",
        "title": "L'Oreal Paris Skincare Hydra-Renewal Face Moisturizer with Pro-Vitamin B5 for Dry Sensitive Skin, All-Day Hydration, 1.7 Oz",
        "price": "$6.42 ($3.78 / Ounce)",
        "listPrice": "$7.99 ($4.70 / Ounce)",
        "imageUrl": "https://m.media-amazon.com/images/I/31EpfojLpCL._SL160_.jpg",
        "detailPageURL": "https://www.amazon.com/dp/B00005333G",
        "rating": "4.4",
        "totalReviews": "4560",
        "subtitle": "L\u2019Or\u00e9al Paris",
        "isPrimeEligible": "1"
    },
    {
        "ASIN": "B00387F426",
        "title": "RoC Retinol Correxion Deep Wrinkle Daily Face Moisturizer with Sunscreen SPF 30, Skin Care Treatment for Fine Lines, Dark Spots, Post-Acne Scars, 1 Ounce",
        "price": "$19.89",
        "listPrice": "$29.99",
        "imageUrl": "https://m.media-amazon.com/images/I/41jDFhWerNL._SL160_.jpg",
        "detailPageURL": "https://www.amazon.com/dp/B00387F426",
        "rating": "4.6",
        "totalReviews": "6605",
        "subtitle": "RoC",
        "isPrimeEligible": "1"
    },
    {
        "ASIN": "B072NNC2LR",
        "title": "TATCHA The Water Cream | Oil-Free, Optimal Hydration Moisturizer For Pure Poreless Skin, 50 ml | 1.7 oz",
        "price": "$72.00 ($42.35 / Fl Oz)",
        "listPrice": "",
        "imageUrl": "https://m.media-amazon.com/images/I/31r+8HJoqQL._SL160_.jpg",
        "detailPageURL": "https://www.amazon.com/dp/B072NNC2LR",
        "rating": "4.6",
        "totalReviews": "3526",
        "subtitle": "",
        "isPrimeEligible": "1"
    },
    {
        "ASIN": "B000ORV3NC",
        "title": "Weleda Skin Food Original Ultra-Rich Body Cream 2.5 Fluid Ounce, Plant Rich Hydrating Moisturizer with Pansy, Chamomile and Calendula",
        "price": "$14.99 ($6.00 / Fl Oz)",
        "listPrice": "$18.50 ($7.40 / Fl Oz)",
        "imageUrl": "https://m.media-amazon.com/images/I/31BHurz2ArL._SL160_.jpg",
        "detailPageURL": "https://www.amazon.com/dp/B000ORV3NC",
        "rating": "4.5",
        "totalReviews": "30047",
        "subtitle": "Weleda",
        "isPrimeEligible": "1"
    },
    {
        "ASIN": "B098R1QVBK",
        "title": "L'Oreal Paris Age Perfect Collagen Expert Anti-Aging Day Moisturizer 2.5 oz",
        "price": "$12.84 ($5.14 / Ounce)",
        "listPrice": "$19.99 ($8.00 / Ounce)",
        "imageUrl": "https://m.media-amazon.com/images/I/41mAIntyONL._SL160_.jpg",
        "detailPageURL": "https://www.amazon.com/dp/B098R1QVBK",
        "rating": "4.5",
        "totalReviews": "4143",
        "subtitle": "L\u2019Or\u00e9al Paris",
        "isPrimeEligible": "1"
    },
    {
        "ASIN": "B09Q3MJZQB",
        "title": "Minimalist Marula Oil 5% Face Moisturizer For Dry Skin With Hyaluronic Acid For Deep Nourishment & Hydration, For Men & Women | 50gm",
        "price": "$5.49 ($3.05 / Ounce)",
        "listPrice": "",
        "imageUrl": "https://m.media-amazon.com/images/I/31F1Hd8wwwL._SL160_.jpg",
        "detailPageURL": "https://www.amazon.com/dp/B09Q3MJZQB",
        "rating": "4.3",
        "totalReviews": "2176",
        "subtitle": "Minimalist",
        "isPrimeEligible": "1"
    },
    {
        "ASIN": "B001E96LVS",
        "title": "Clean & Clear Essentials Dual Action Facial Moisturizer, 0.5% Salicylic Acid Acne Medication to Moisturize Dry Skin, Treat Acne & Help Prevent Pimples, Oil Free for Acne-Prone Skin, 4 oz (Pack of 3)",
        "price": "$17.94 ($1.50 / Ounce)",
        "listPrice": "$23.97 ($2.00 / Ounce)",
        "imageUrl": "https://m.media-amazon.com/images/I/41IZ+F8NX3L._SL160_.jpg",
        "detailPageURL": "https://www.amazon.com/dp/B001E96LVS",
        "rating": "4.7",
        "totalReviews": "2998",
        "subtitle": "Clean & Clear",
        "isPrimeEligible": "1"
    },
    {
        "ASIN": "B004WC2H8A",
        "title": "First Aid Beauty Ultra Repair Cream Intense Hydration Moisturizer for Face and Body \u2013 Rich Whipped Texture For Immediate Skin Hydration, 2 oz Travel Size",
        "price": "$18.00 ($9.00 / Ounce)",
        "listPrice": "",
        "imageUrl": "https://m.media-amazon.com/images/I/31g9df419sL._SL160_.jpg",
        "detailPageURL": "https://www.amazon.com/dp/B004WC2H8A",
        "rating": "4.6",
        "totalReviews": "8691",
        "subtitle": "First Aid Beauty",
        "isPrimeEligible": "1"
    },
    {
        "ASIN": "B0065I0UMO",
        "title": "First Aid Beauty Ultra Repair Cream Intense Hydration Moisturizer for Face and Body \u2013 Rich Whipped Texture For Immediate Skin Hydration, 6 oz",
        "price": "$36.24 ($6.04 / Ounce)",
        "listPrice": "$38.00 ($6.33 / Ounce)",
        "imageUrl": "https://m.media-amazon.com/images/I/41w68C5q+8L._SL160_.jpg",
        "detailPageURL": "https://www.amazon.com/dp/B0065I0UMO",
        "rating": "4.7",
        "totalReviews": "8952",
        "subtitle": "First Aid Beauty",
        "isPrimeEligible": "1"
    },
    {
        "ASIN": "B00005333G",
        "title": "L'Oreal Paris Skincare Hydra-Renewal Face Moisturizer with Pro-Vitamin B5 for Dry Sensitive Skin, All-Day Hydration, 1.7 Oz",
        "price": "$6.42 ($3.78 / Ounce)",
        "listPrice": "$7.99 ($4.70 / Ounce)",
        "imageUrl": "https://m.media-amazon.com/images/I/31EpfojLpCL._SL160_.jpg",
        "detailPageURL": "https://www.amazon.com/dp/B00005333G",
        "rating": "4.4",
        "totalReviews": "4560",
        "subtitle": "L\u2019Or\u00e9al Paris",
        "isPrimeEligible": "1"
    },
    {
        "ASIN": "B00387F426",
        "title": "RoC Retinol Correxion Deep Wrinkle Daily Face Moisturizer with Sunscreen SPF 30, Skin Care Treatment for Fine Lines, Dark Spots, Post-Acne Scars, 1 Ounce",
        "price": "$19.89",
        "listPrice": "$29.99",
        "imageUrl": "https://m.media-amazon.com/images/I/41jDFhWerNL._SL160_.jpg",
        "detailPageURL": "https://www.amazon.com/dp/B00387F426",
        "rating": "4.6",
        "totalReviews": "6605",
        "subtitle": "RoC",
        "isPrimeEligible": "1"
    },
    {
        "ASIN": "B072NNC2LR",
        "title": "TATCHA The Water Cream | Oil-Free, Optimal Hydration Moisturizer For Pure Poreless Skin, 50 ml | 1.7 oz",
        "price": "$72.00 ($42.35 / Fl Oz)",
        "listPrice": "",
        "imageUrl": "https://m.media-amazon.com/images/I/31r+8HJoqQL._SL160_.jpg",
        "detailPageURL": "https://www.amazon.com/dp/B072NNC2LR",
        "rating": "4.6",
        "totalReviews": "3526",
        "subtitle": "",
        "isPrimeEligible": "1"
    },
    {
        "ASIN": "B000ORV3NC",
        "title": "Weleda Skin Food Original Ultra-Rich Body Cream 2.5 Fluid Ounce, Plant Rich Hydrating Moisturizer with Pansy, Chamomile and Calendula",
        "price": "$14.99 ($6.00 / Fl Oz)",
        "listPrice": "$18.50 ($7.40 / Fl Oz)",
        "imageUrl": "https://m.media-amazon.com/images/I/31BHurz2ArL._SL160_.jpg",
        "detailPageURL": "https://www.amazon.com/dp/B000ORV3NC",
        "rating": "4.5",
        "totalReviews": "30047",
        "subtitle": "Weleda",
        "isPrimeEligible": "1"
    },
    {
        "ASIN": "B098R1QVBK",
        "title": "L'Oreal Paris Age Perfect Collagen Expert Anti-Aging Day Moisturizer 2.5 oz",
        "price": "$12.84 ($5.14 / Ounce)",
        "listPrice": "$19.99 ($8.00 / Ounce)",
        "imageUrl": "https://m.media-amazon.com/images/I/41mAIntyONL._SL160_.jpg",
        "detailPageURL": "https://www.amazon.com/dp/B098R1QVBK",
        "rating": "4.5",
        "totalReviews": "4143",
        "subtitle": "L\u2019Or\u00e9al Paris",
        "isPrimeEligible": "1"
    },
    {
        "ASIN": "B08VF5L5LF",
        "title": "Farmacy Honey Halo Ceramide Face Moisturizer Cream - Hydrating Facial Lotion for Dry Skin (1.7 Ounce)",
        "price": "$48.00 ($28.24 / Fl Oz)",
        "listPrice": "",
        "imageUrl": "https://m.media-amazon.com/images/I/511Se+TyG6L._SL160_.jpg",
        "detailPageURL": "https://www.amazon.com/dp/B08VF5L5LF",
        "rating": "4.7",
        "totalReviews": "2017",
        "subtitle": "Farmacy",
        "isPrimeEligible": "1"
    },
    {
        "ASIN": "B001E96LVS",
        "title": "Clean & Clear Essentials Dual Action Facial Moisturizer, 0.5% Salicylic Acid Acne Medication to Moisturize Dry Skin, Treat Acne & Help Prevent Pimples, Oil Free for Acne-Prone Skin, 4 oz (Pack of 3)",
        "price": "$17.94 ($1.50 / Ounce)",
        "listPrice": "$23.97 ($2.00 / Ounce)",
        "imageUrl": "https://m.media-amazon.com/images/I/41IZ+F8NX3L._SL160_.jpg",
        "detailPageURL": "https://www.amazon.com/dp/B001E96LVS",
        "rating": "4.7",
        "totalReviews": "2998",
        "subtitle": "Clean & Clear",
        "isPrimeEligible": "1"
    },
    {
        "ASIN": "B004WC2H8A",
        "title": "First Aid Beauty Ultra Repair Cream Intense Hydration Moisturizer for Face and Body \u2013 Rich Whipped Texture For Immediate Skin Hydration, 2 oz Travel Size",
        "price": "$18.00 ($9.00 / Ounce)",
        "listPrice": "",
        "imageUrl": "https://m.media-amazon.com/images/I/31g9df419sL._SL160_.jpg",
        "detailPageURL": "https://www.amazon.com/dp/B004WC2H8A",
        "rating": "4.6",
        "totalReviews": "8691",
        "subtitle": "First Aid Beauty",
        "isPrimeEligible": "1"
    },
    {
        "ASIN": "B0065I0UMO",
        "title": "First Aid Beauty Ultra Repair Cream Intense Hydration Moisturizer for Face and Body \u2013 Rich Whipped Texture For Immediate Skin Hydration, 6 oz",
        "price": "$36.24 ($6.04 / Ounce)",
        "listPrice": "$38.00 ($6.33 / Ounce)",
        "imageUrl": "https://m.media-amazon.com/images/I/41w68C5q+8L._SL160_.jpg",
        "detailPageURL": "https://www.amazon.com/dp/B0065I0UMO",
        "rating": "4.7",
        "totalReviews": "8952",
        "subtitle": "First Aid Beauty",
        "isPrimeEligible": "1"
    },
    {
        "ASIN": "B00005333G",
        "title": "L'Oreal Paris Skincare Hydra-Renewal Face Moisturizer with Pro-Vitamin B5 for Dry Sensitive Skin, All-Day Hydration, 1.7 Oz",
        "price": "$6.42 ($3.78 / Ounce)",
        "listPrice": "$7.99 ($4.70 / Ounce)",
        "imageUrl": "https://m.media-amazon.com/images/I/31EpfojLpCL._SL160_.jpg",
        "detailPageURL": "https://www.amazon.com/dp/B00005333G",
        "rating": "4.4",
        "totalReviews": "4560",
        "subtitle": "L\u2019Or\u00e9al Paris",
        "isPrimeEligible": "1"
    },
    {
        "ASIN": "B00387F426",
        "title": "RoC Retinol Correxion Deep Wrinkle Daily Face Moisturizer with Sunscreen SPF 30, Skin Care Treatment for Fine Lines, Dark Spots, Post-Acne Scars, 1 Ounce",
        "price": "$19.89",
        "listPrice": "$29.99",
        "imageUrl": "https://m.media-amazon.com/images/I/41jDFhWerNL._SL160_.jpg",
        "detailPageURL": "https://www.amazon.com/dp/B00387F426",
        "rating": "4.6",
        "totalReviews": "6605",
        "subtitle": "RoC",
        "isPrimeEligible": "1"
    },
    {
        "ASIN": "B072NNC2LR",
        "title": "TATCHA The Water Cream | Oil-Free, Optimal Hydration Moisturizer For Pure Poreless Skin, 50 ml | 1.7 oz",
        "price": "$72.00 ($42.35 / Fl Oz)",
        "listPrice": "",
        "imageUrl": "https://m.media-amazon.com/images/I/31r+8HJoqQL._SL160_.jpg",
        "detailPageURL": "https://www.amazon.com/dp/B072NNC2LR",
        "rating": "4.6",
        "totalReviews": "3526",
        "subtitle": "",
        "isPrimeEligible": "1"
    },
    {
        "ASIN": "B000ORV3NC",
        "title": "Weleda Skin Food Original Ultra-Rich Body Cream 2.5 Fluid Ounce, Plant Rich Hydrating Moisturizer with Pansy, Chamomile and Calendula",
        "price": "$14.99 ($6.00 / Fl Oz)",
        "listPrice": "$18.50 ($7.40 / Fl Oz)",
        "imageUrl": "https://m.media-amazon.com/images/I/31BHurz2ArL._SL160_.jpg",
        "detailPageURL": "https://www.amazon.com/dp/B000ORV3NC",
        "rating": "4.5",
        "totalReviews": "30047",
        "subtitle": "Weleda",
        "isPrimeEligible": "1"
    },
    {
        "ASIN": "B098R1QVBK",
        "title": "L'Oreal Paris Age Perfect Collagen Expert Anti-Aging Day Moisturizer 2.5 oz",
        "price": "$12.84 ($5.14 / Ounce)",
        "listPrice": "$19.99 ($8.00 / Ounce)",
        "imageUrl": "https://m.media-amazon.com/images/I/41mAIntyONL._SL160_.jpg",
        "detailPageURL": "https://www.amazon.com/dp/B098R1QVBK",
        "rating": "4.5",
        "totalReviews": "4143",
        "subtitle": "L\u2019Or\u00e9al Paris",
        "isPrimeEligible": "1"
    },
    {
        "ASIN": "B08VF5L5LF",
        "title": "Farmacy Honey Halo Ceramide Face Moisturizer Cream - Hydrating Facial Lotion for Dry Skin (1.7 Ounce)",
        "price": "$48.00 ($28.24 / Fl Oz)",
        "listPrice": "",
        "imageUrl": "https://m.media-amazon.com/images/I/511Se+TyG6L._SL160_.jpg",
        "detailPageURL": "https://www.amazon.com/dp/B08VF5L5LF",
        "rating": "4.7",
        "totalReviews": "2017",
        "subtitle": "Farmacy",
        "isPrimeEligible": "1"
    },
    {
        "ASIN": "B08T1QL1F6",
        "title": "First Aid Beauty Firming Cream with Peptides, Niacinamide + Collagen \u2013 Day & Night Anti-Aging Face Moisturizer \u2013 1.7 fl oz",
        "price": "$44.00 ($25.88 / Fl Oz)",
        "listPrice": "",
        "imageUrl": "https://m.media-amazon.com/images/I/31WPTmhztfL._SL160_.jpg",
        "detailPageURL": "https://www.amazon.com/dp/B08T1QL1F6",
        "rating": "4.4",
        "totalReviews": "927",
        "subtitle": "First Aid Beauty",
        "isPrimeEligible": "1"
    },
    {
        "ASIN": "B004WC2H8A",
        "title": "First Aid Beauty Ultra Repair Cream Intense Hydration Moisturizer for Face and Body \u2013 Rich Whipped Texture For Immediate Skin Hydration, 2 oz Travel Size",
        "price": "$18.00 ($9.00 / Ounce)",
        "listPrice": "",
        "imageUrl": "https://m.media-amazon.com/images/I/31g9df419sL._SL160_.jpg",
        "detailPageURL": "https://www.amazon.com/dp/B004WC2H8A",
        "rating": "4.6",
        "totalReviews": "8691",
        "subtitle": "First Aid Beauty",
        "isPrimeEligible": "1"
    },
    {
        "ASIN": "B0065I0UMO",
        "title": "First Aid Beauty Ultra Repair Cream Intense Hydration Moisturizer for Face and Body \u2013 Rich Whipped Texture For Immediate Skin Hydration, 6 oz",
        "price": "$36.24 ($6.04 / Ounce)",
        "listPrice": "$38.00 ($6.33 / Ounce)",
        "imageUrl": "https://m.media-amazon.com/images/I/41w68C5q+8L._SL160_.jpg",
        "detailPageURL": "https://www.amazon.com/dp/B0065I0UMO",
        "rating": "4.7",
        "totalReviews": "8952",
        "subtitle": "First Aid Beauty",
        "isPrimeEligible": "1"
    },
    {
        "ASIN": "B00005333G",
        "title": "L'Oreal Paris Skincare Hydra-Renewal Face Moisturizer with Pro-Vitamin B5 for Dry Sensitive Skin, All-Day Hydration, 1.7 Oz",
        "price": "$6.42 ($3.78 / Ounce)",
        "listPrice": "$7.99 ($4.70 / Ounce)",
        "imageUrl": "https://m.media-amazon.com/images/I/31EpfojLpCL._SL160_.jpg",
        "detailPageURL": "https://www.amazon.com/dp/B00005333G",
        "rating": "4.4",
        "totalReviews": "4560",
        "subtitle": "L\u2019Or\u00e9al Paris",
        "isPrimeEligible": "1"
    },
    {
        "ASIN": "B00387F426",
        "title": "RoC Retinol Correxion Deep Wrinkle Daily Face Moisturizer with Sunscreen SPF 30, Skin Care Treatment for Fine Lines, Dark Spots, Post-Acne Scars, 1 Ounce",
        "price": "$19.89",
        "listPrice": "$29.99",
        "imageUrl": "https://m.media-amazon.com/images/I/41jDFhWerNL._SL160_.jpg",
        "detailPageURL": "https://www.amazon.com/dp/B00387F426",
        "rating": "4.6",
        "totalReviews": "6605",
        "subtitle": "RoC",
        "isPrimeEligible": "1"
    },
    {
        "ASIN": "B072NNC2LR",
        "title": "TATCHA The Water Cream | Oil-Free, Optimal Hydration Moisturizer For Pure Poreless Skin, 50 ml | 1.7 oz",
        "price": "$72.00 ($42.35 / Fl Oz)",
        "listPrice": "",
        "imageUrl": "https://m.media-amazon.com/images/I/31r+8HJoqQL._SL160_.jpg",
        "detailPageURL": "https://www.amazon.com/dp/B072NNC2LR",
        "rating": "4.6",
        "totalReviews": "3526",
        "subtitle": "",
        "isPrimeEligible": "1"
    },
    {
        "ASIN": "B000ORV3NC",
        "title": "Weleda Skin Food Original Ultra-Rich Body Cream 2.5 Fluid Ounce, Plant Rich Hydrating Moisturizer with Pansy, Chamomile and Calendula",
        "price": "$14.99 ($6.00 / Fl Oz)",
        "listPrice": "$18.50 ($7.40 / Fl Oz)",
        "imageUrl": "https://m.media-amazon.com/images/I/31BHurz2ArL._SL160_.jpg",
        "detailPageURL": "https://www.amazon.com/dp/B000ORV3NC",
        "rating": "4.5",
        "totalReviews": "30047",
        "subtitle": "Weleda",
        "isPrimeEligible": "1"
    },
    {
        "ASIN": "B098R1QVBK",
        "title": "L'Oreal Paris Age Perfect Collagen Expert Anti-Aging Day Moisturizer 2.5 oz",
        "price": "$12.84 ($5.14 / Ounce)",
        "listPrice": "$19.99 ($8.00 / Ounce)",
        "imageUrl": "https://m.media-amazon.com/images/I/41mAIntyONL._SL160_.jpg",
        "detailPageURL": "https://www.amazon.com/dp/B098R1QVBK",
        "rating": "4.5",
        "totalReviews": "4143",
        "subtitle": "L\u2019Or\u00e9al Paris",
        "isPrimeEligible": "1"
    },
    {
        "ASIN": "B08VF5L5LF",
        "title": "Farmacy Honey Halo Ceramide Face Moisturizer Cream - Hydrating Facial Lotion for Dry Skin (1.7 Ounce)",
        "price": "$48.00 ($28.24 / Fl Oz)",
        "listPrice": "",
        "imageUrl": "https://m.media-amazon.com/images/I/511Se+TyG6L._SL160_.jpg",
        "detailPageURL": "https://www.amazon.com/dp/B08VF5L5LF",
        "rating": "4.7",
        "totalReviews": "2017",
        "subtitle": "Farmacy",
        "isPrimeEligible": "1"
    },
    {
        "ASIN": "B08T1QL1F6",
        "title": "First Aid Beauty Firming Cream with Peptides, Niacinamide + Collagen \u2013 Day & Night Anti-Aging Face Moisturizer \u2013 1.7 fl oz",
        "price": "$44.00 ($25.88 / Fl Oz)",
        "listPrice": "",
        "imageUrl": "https://m.media-amazon.com/images/I/31WPTmhztfL._SL160_.jpg",
        "detailPageURL": "https://www.amazon.com/dp/B08T1QL1F6",
        "rating": "4.4",
        "totalReviews": "927",
        "subtitle": "First Aid Beauty",
        "isPrimeEligible": "1"
    },
    {
        "ASIN": "B0BXB8L5W9",
        "title": "SheaMoisture Baby Moisturizer Manuka Honey & Lavender for Delicate Hair and Skin Nighttime Hair and Skin Care Regimen 8 oz",
        "price": "$7.18 ($0.90 / Ounce)",
        "listPrice": "$8.97 ($1.12 / Ounce)",
        "imageUrl": "https://m.media-amazon.com/images/I/613pLrr2PkL._SL160_.jpg",
        "detailPageURL": "https://www.amazon.com/dp/B0BXB8L5W9",
        "rating": "4.6",
        "totalReviews": "82",
        "subtitle": "SheaMoisture",
        "isPrimeEligible": "1"
    },
    {
        "ASIN": "B0065I0UMO",
        "title": "First Aid Beauty Ultra Repair Cream Intense Hydration Moisturizer for Face and Body \u2013 Rich Whipped Texture For Immediate Skin Hydration, 6 oz",
        "price": "$36.24 ($6.04 / Ounce)",
        "listPrice": "$38.00 ($6.33 / Ounce)",
        "imageUrl": "https://m.media-amazon.com/images/I/41w68C5q+8L._SL160_.jpg",
        "detailPageURL": "https://www.amazon.com/dp/B0065I0UMO",
        "rating": "4.7",
        "totalReviews": "8952",
        "subtitle": "First Aid Beauty",
        "isPrimeEligible": "1"
    },
    {
        "ASIN": "B00005333G",
        "title": "L'Oreal Paris Skincare Hydra-Renewal Face Moisturizer with Pro-Vitamin B5 for Dry Sensitive Skin, All-Day Hydration, 1.7 Oz",
        "price": "$6.42 ($3.78 / Ounce)",
        "listPrice": "$7.99 ($4.70 / Ounce)",
        "imageUrl": "https://m.media-amazon.com/images/I/31EpfojLpCL._SL160_.jpg",
        "detailPageURL": "https://www.amazon.com/dp/B00005333G",
        "rating": "4.4",
        "totalReviews": "4560",
        "subtitle": "L\u2019Or\u00e9al Paris",
        "isPrimeEligible": "1"
    },
    {
        "ASIN": "B00387F426",
        "title": "RoC Retinol Correxion Deep Wrinkle Daily Face Moisturizer with Sunscreen SPF 30, Skin Care Treatment for Fine Lines, Dark Spots, Post-Acne Scars, 1 Ounce",
        "price": "$19.89",
        "listPrice": "$29.99",
        "imageUrl": "https://m.media-amazon.com/images/I/41jDFhWerNL._SL160_.jpg",
        "detailPageURL": "https://www.amazon.com/dp/B00387F426",
        "rating": "4.6",
        "totalReviews": "6605",
        "subtitle": "RoC",
        "isPrimeEligible": "1"
    },
    {
        "ASIN": "B072NNC2LR",
        "title": "TATCHA The Water Cream | Oil-Free, Optimal Hydration Moisturizer For Pure Poreless Skin, 50 ml | 1.7 oz",
        "price": "$72.00 ($42.35 / Fl Oz)",
        "listPrice": "",
        "imageUrl": "https://m.media-amazon.com/images/I/31r+8HJoqQL._SL160_.jpg",
        "detailPageURL": "https://www.amazon.com/dp/B072NNC2LR",
        "rating": "4.6",
        "totalReviews": "3526",
        "subtitle": "",
        "isPrimeEligible": "1"
    },
    {
        "ASIN": "B000ORV3NC",
        "title": "Weleda Skin Food Original Ultra-Rich Body Cream 2.5 Fluid Ounce, Plant Rich Hydrating Moisturizer with Pansy, Chamomile and Calendula",
        "price": "$14.99 ($6.00 / Fl Oz)",
        "listPrice": "$18.50 ($7.40 / Fl Oz)",
        "imageUrl": "https://m.media-amazon.com/images/I/31BHurz2ArL._SL160_.jpg",
        "detailPageURL": "https://www.amazon.com/dp/B000ORV3NC",
        "rating": "4.5",
        "totalReviews": "30047",
        "subtitle": "Weleda",
        "isPrimeEligible": "1"
    },
    {
        "ASIN": "B098R1QVBK",
        "title": "L'Oreal Paris Age Perfect Collagen Expert Anti-Aging Day Moisturizer 2.5 oz",
        "price": "$12.84 ($5.14 / Ounce)",
        "listPrice": "$19.99 ($8.00 / Ounce)",
        "imageUrl": "https://m.media-amazon.com/images/I/41mAIntyONL._SL160_.jpg",
        "detailPageURL": "https://www.amazon.com/dp/B098R1QVBK",
        "rating": "4.5",
        "totalReviews": "4143",
        "subtitle": "L\u2019Or\u00e9al Paris",
        "isPrimeEligible": "1"
    },
    {
        "ASIN": "B08VF5L5LF",
        "title": "Farmacy Honey Halo Ceramide Face Moisturizer Cream - Hydrating Facial Lotion for Dry Skin (1.7 Ounce)",
        "price": "$48.00 ($28.24 / Fl Oz)",
        "listPrice": "",
        "imageUrl": "https://m.media-amazon.com/images/I/511Se+TyG6L._SL160_.jpg",
        "detailPageURL": "https://www.amazon.com/dp/B08VF5L5LF",
        "rating": "4.7",
        "totalReviews": "2017",
        "subtitle": "Farmacy",
        "isPrimeEligible": "1"
    },
    {
        "ASIN": "B08T1QL1F6",
        "title": "First Aid Beauty Firming Cream with Peptides, Niacinamide + Collagen \u2013 Day & Night Anti-Aging Face Moisturizer \u2013 1.7 fl oz",
        "price": "$44.00 ($25.88 / Fl Oz)",
        "listPrice": "",
        "imageUrl": "https://m.media-amazon.com/images/I/31WPTmhztfL._SL160_.jpg",
        "detailPageURL": "https://www.amazon.com/dp/B08T1QL1F6",
        "rating": "4.4",
        "totalReviews": "927",
        "subtitle": "First Aid Beauty",
        "isPrimeEligible": "1"
    },
    {
        "ASIN": "B0BXB8L5W9",
        "title": "SheaMoisture Baby Moisturizer Manuka Honey & Lavender for Delicate Hair and Skin Nighttime Hair and Skin Care Regimen 8 oz",
        "price": "$7.18 ($0.90 / Ounce)",
        "listPrice": "$8.97 ($1.12 / Ounce)",
        "imageUrl": "https://m.media-amazon.com/images/I/613pLrr2PkL._SL160_.jpg",
        "detailPageURL": "https://www.amazon.com/dp/B0BXB8L5W9",
        "rating": "4.6",
        "totalReviews": "82",
        "subtitle": "SheaMoisture",
        "isPrimeEligible": "1"
    },
    {
        "ASIN": "B0BZ54PBPQ",
        "title": "Drunk Elephant Lala Retro Whipped Cream. Replenishing Moisturizer for Skin Protection and Rejuvenation (15 mL / 0.5 Fl Oz)",
        "price": "$20.00 ($40.00 / Fl Oz)",
        "listPrice": "",
        "imageUrl": "https://m.media-amazon.com/images/I/31nYrR6EBjL._SL160_.jpg",
        "detailPageURL": "https://www.amazon.com/dp/B0BZ54PBPQ",
        "rating": "4.3",
        "totalReviews": "1909",
        "subtitle": "Drunk Elephant",
        "isPrimeEligible": "1"
    },
    {
        "ASIN": "B00005333G",
        "title": "L'Oreal Paris Skincare Hydra-Renewal Face Moisturizer with Pro-Vitamin B5 for Dry Sensitive Skin, All-Day Hydration, 1.7 Oz",
        "price": "$6.42 ($3.78 / Ounce)",
        "listPrice": "$7.99 ($4.70 / Ounce)",
        "imageUrl": "https://m.media-amazon.com/images/I/31EpfojLpCL._SL160_.jpg",
        "detailPageURL": "https://www.amazon.com/dp/B00005333G",
        "rating": "4.4",
        "totalReviews": "4560",
        "subtitle": "L\u2019Or\u00e9al Paris",
        "isPrimeEligible": "1"
    },
    {
        "ASIN": "B00387F426",
        "title": "RoC Retinol Correxion Deep Wrinkle Daily Face Moisturizer with Sunscreen SPF 30, Skin Care Treatment for Fine Lines, Dark Spots, Post-Acne Scars, 1 Ounce",
        "price": "$19.89",
        "listPrice": "$29.99",
        "imageUrl": "https://m.media-amazon.com/images/I/41jDFhWerNL._SL160_.jpg",
        "detailPageURL": "https://www.amazon.com/dp/B00387F426",
        "rating": "4.6",
        "totalReviews": "6605",
        "subtitle": "RoC",
        "isPrimeEligible": "1"
    },
    {
        "ASIN": "B072NNC2LR",
        "title": "TATCHA The Water Cream | Oil-Free, Optimal Hydration Moisturizer For Pure Poreless Skin, 50 ml | 1.7 oz",
        "price": "$72.00 ($42.35 / Fl Oz)",
        "listPrice": "",
        "imageUrl": "https://m.media-amazon.com/images/I/31r+8HJoqQL._SL160_.jpg",
        "detailPageURL": "https://www.amazon.com/dp/B072NNC2LR",
        "rating": "4.6",
        "totalReviews": "3526",
        "subtitle": "",
        "isPrimeEligible": "1"
    },
    {
        "ASIN": "B000ORV3NC",
        "title": "Weleda Skin Food Original Ultra-Rich Body Cream 2.5 Fluid Ounce, Plant Rich Hydrating Moisturizer with Pansy, Chamomile and Calendula",
        "price": "$14.99 ($6.00 / Fl Oz)",
        "listPrice": "$18.50 ($7.40 / Fl Oz)",
        "imageUrl": "https://m.media-amazon.com/images/I/31BHurz2ArL._SL160_.jpg",
        "detailPageURL": "https://www.amazon.com/dp/B000ORV3NC",
        "rating": "4.5",
        "totalReviews": "30047",
        "subtitle": "Weleda",
        "isPrimeEligible": "1"
    },
    {
        "ASIN": "B098R1QVBK",
        "title": "L'Oreal Paris Age Perfect Collagen Expert Anti-Aging Day Moisturizer 2.5 oz",
        "price": "$12.84 ($5.14 / Ounce)",
        "listPrice": "$19.99 ($8.00 / Ounce)",
        "imageUrl": "https://m.media-amazon.com/images/I/41mAIntyONL._SL160_.jpg",
        "detailPageURL": "https://www.amazon.com/dp/B098R1QVBK",
        "rating": "4.5",
        "totalReviews": "4143",
        "subtitle": "L\u2019Or\u00e9al Paris",
        "isPrimeEligible": "1"
    },
    {
        "ASIN": "B08VF5L5LF",
        "title": "Farmacy Honey Halo Ceramide Face Moisturizer Cream - Hydrating Facial Lotion for Dry Skin (1.7 Ounce)",
        "price": "$48.00 ($28.24 / Fl Oz)",
        "listPrice": "",
        "imageUrl": "https://m.media-amazon.com/images/I/511Se+TyG6L._SL160_.jpg",
        "detailPageURL": "https://www.amazon.com/dp/B08VF5L5LF",
        "rating": "4.7",
        "totalReviews": "2017",
        "subtitle": "Farmacy",
        "isPrimeEligible": "1"
    },
    {
        "ASIN": "B08T1QL1F6",
        "title": "First Aid Beauty Firming Cream with Peptides, Niacinamide + Collagen \u2013 Day & Night Anti-Aging Face Moisturizer \u2013 1.7 fl oz",
        "price": "$44.00 ($25.88 / Fl Oz)",
        "listPrice": "",
        "imageUrl": "https://m.media-amazon.com/images/I/31WPTmhztfL._SL160_.jpg",
        "detailPageURL": "https://www.amazon.com/dp/B08T1QL1F6",
        "rating": "4.4",
        "totalReviews": "927",
        "subtitle": "First Aid Beauty",
        "isPrimeEligible": "1"
    },
    {
        "ASIN": "B0BXB8L5W9",
        "title": "SheaMoisture Baby Moisturizer Manuka Honey & Lavender for Delicate Hair and Skin Nighttime Hair and Skin Care Regimen 8 oz",
        "price": "$7.18 ($0.90 / Ounce)",
        "listPrice": "$8.97 ($1.12 / Ounce)",
        "imageUrl": "https://m.media-amazon.com/images/I/613pLrr2PkL._SL160_.jpg",
        "detailPageURL": "https://www.amazon.com/dp/B0BXB8L5W9",
        "rating": "4.6",
        "totalReviews": "82",
        "subtitle": "SheaMoisture",
        "isPrimeEligible": "1"
    },
    {
        "ASIN": "B0BZ54PBPQ",
        "title": "Drunk Elephant Lala Retro Whipped Cream. Replenishing Moisturizer for Skin Protection and Rejuvenation (15 mL / 0.5 Fl Oz)",
        "price": "$20.00 ($40.00 / Fl Oz)",
        "listPrice": "",
        "imageUrl": "https://m.media-amazon.com/images/I/31nYrR6EBjL._SL160_.jpg",
        "detailPageURL": "https://www.amazon.com/dp/B0BZ54PBPQ",
        "rating": "4.3",
        "totalReviews": "1909",
        "subtitle": "Drunk Elephant",
        "isPrimeEligible": "1"
    },
    {
        "ASIN": "B0034F9K36",
        "title": "Jergens Ultra Healing Dry Skin Moisturizer, Body and Hand Lotion for Dry Skin, for Quick Absorption into Extra Dry Skin, with HYDRALUCENCE blend, Vitamins C, E, and B5, 32 Ounce",
        "price": "$10.47 ($0.33 / Ounce)",
        "listPrice": "$12.24 ($0.38 / Ounce)",
        "imageUrl": "https://m.media-amazon.com/images/I/319i3EFVPvL._SL160_.jpg",
        "detailPageURL": "https://www.amazon.com/dp/B0034F9K36",
        "rating": "4.8",
        "totalReviews": "33564",
        "subtitle": "Jergens",
        "isPrimeEligible": "1"
    },
    {
        "ASIN": "B00387F426",
        "title": "RoC Retinol Correxion Deep Wrinkle Daily Face Moisturizer with Sunscreen SPF 30, Skin Care Treatment for Fine Lines, Dark Spots, Post-Acne Scars, 1 Ounce",
        "price": "$19.89",
        "listPrice": "$29.99",
        "imageUrl": "https://m.media-amazon.com/images/I/41jDFhWerNL._SL160_.jpg",
        "detailPageURL": "https://www.amazon.com/dp/B00387F426",
        "rating": "4.6",
        "totalReviews": "6605",
        "subtitle": "RoC",
        "isPrimeEligible": "1"
    },
    {
        "ASIN": "B072NNC2LR",
        "title": "TATCHA The Water Cream | Oil-Free, Optimal Hydration Moisturizer For Pure Poreless Skin, 50 ml | 1.7 oz",
        "price": "$72.00 ($42.35 / Fl Oz)",
        "listPrice": "",
        "imageUrl": "https://m.media-amazon.com/images/I/31r+8HJoqQL._SL160_.jpg",
        "detailPageURL": "https://www.amazon.com/dp/B072NNC2LR",
        "rating": "4.6",
        "totalReviews": "3526",
        "subtitle": "",
        "isPrimeEligible": "1"
    },
    {
        "ASIN": "B000ORV3NC",
        "title": "Weleda Skin Food Original Ultra-Rich Body Cream 2.5 Fluid Ounce, Plant Rich Hydrating Moisturizer with Pansy, Chamomile and Calendula",
        "price": "$14.99 ($6.00 / Fl Oz)",
        "listPrice": "$18.50 ($7.40 / Fl Oz)",
        "imageUrl": "https://m.media-amazon.com/images/I/31BHurz2ArL._SL160_.jpg",
        "detailPageURL": "https://www.amazon.com/dp/B000ORV3NC",
        "rating": "4.5",
        "totalReviews": "30047",
        "subtitle": "Weleda",
        "isPrimeEligible": "1"
    },
    {
        "ASIN": "B098R1QVBK",
        "title": "L'Oreal Paris Age Perfect Collagen Expert Anti-Aging Day Moisturizer 2.5 oz",
        "price": "$12.84 ($5.14 / Ounce)",
        "listPrice": "$19.99 ($8.00 / Ounce)",
        "imageUrl": "https://m.media-amazon.com/images/I/41mAIntyONL._SL160_.jpg",
        "detailPageURL": "https://www.amazon.com/dp/B098R1QVBK",
        "rating": "4.5",
        "totalReviews": "4143",
        "subtitle": "L\u2019Or\u00e9al Paris",
        "isPrimeEligible": "1"
    },
    {
        "ASIN": "B08VF5L5LF",
        "title": "Farmacy Honey Halo Ceramide Face Moisturizer Cream - Hydrating Facial Lotion for Dry Skin (1.7 Ounce)",
        "price": "$48.00 ($28.24 / Fl Oz)",
        "listPrice": "",
        "imageUrl": "https://m.media-amazon.com/images/I/511Se+TyG6L._SL160_.jpg",
        "detailPageURL": "https://www.amazon.com/dp/B08VF5L5LF",
        "rating": "4.7",
        "totalReviews": "2017",
        "subtitle": "Farmacy",
        "isPrimeEligible": "1"
    },
    {
        "ASIN": "B08T1QL1F6",
        "title": "First Aid Beauty Firming Cream with Peptides, Niacinamide + Collagen \u2013 Day & Night Anti-Aging Face Moisturizer \u2013 1.7 fl oz",
        "price": "$44.00 ($25.88 / Fl Oz)",
        "listPrice": "",
        "imageUrl": "https://m.media-amazon.com/images/I/31WPTmhztfL._SL160_.jpg",
        "detailPageURL": "https://www.amazon.com/dp/B08T1QL1F6",
        "rating": "4.4",
        "totalReviews": "927",
        "subtitle": "First Aid Beauty",
        "isPrimeEligible": "1"
    },
    {
        "ASIN": "B0BXB8L5W9",
        "title": "SheaMoisture Baby Moisturizer Manuka Honey & Lavender for Delicate Hair and Skin Nighttime Hair and Skin Care Regimen 8 oz",
        "price": "$7.18 ($0.90 / Ounce)",
        "listPrice": "$8.97 ($1.12 / Ounce)",
        "imageUrl": "https://m.media-amazon.com/images/I/613pLrr2PkL._SL160_.jpg",
        "detailPageURL": "https://www.amazon.com/dp/B0BXB8L5W9",
        "rating": "4.6",
        "totalReviews": "82",
        "subtitle": "SheaMoisture",
        "isPrimeEligible": "1"
    },
    {
        "ASIN": "B0BZ54PBPQ",
        "title": "Drunk Elephant Lala Retro Whipped Cream. Replenishing Moisturizer for Skin Protection and Rejuvenation (15 mL / 0.5 Fl Oz)",
        "price": "$20.00 ($40.00 / Fl Oz)",
        "listPrice": "",
        "imageUrl": "https://m.media-amazon.com/images/I/31nYrR6EBjL._SL160_.jpg",
        "detailPageURL": "https://www.amazon.com/dp/B0BZ54PBPQ",
        "rating": "4.3",
        "totalReviews": "1909",
        "subtitle": "Drunk Elephant",
        "isPrimeEligible": "1"
    },
    {
        "ASIN": "B0034F9K36",
        "title": "Jergens Ultra Healing Dry Skin Moisturizer, Body and Hand Lotion for Dry Skin, for Quick Absorption into Extra Dry Skin, with HYDRALUCENCE blend, Vitamins C, E, and B5, 32 Ounce",
        "price": "$10.47 ($0.33 / Ounce)",
        "listPrice": "$12.24 ($0.38 / Ounce)",
        "imageUrl": "https://m.media-amazon.com/images/I/319i3EFVPvL._SL160_.jpg",
        "detailPageURL": "https://www.amazon.com/dp/B0034F9K36",
        "rating": "4.8",
        "totalReviews": "33564",
        "subtitle": "Jergens",
        "isPrimeEligible": "1"
    },
    {
        "ASIN": "B07F4641MC",
        "title": "Honest Beauty Deep Hydration Face Cream with Baobab Seed Oil & Shea Butter | Hypoallergenic + Dermatologist Tested Non-comedogenic & Cruelty free|1.69 fl. oz.",
        "price": "$18.97 ($11.16 / Fl Oz)",
        "listPrice": "$29.99 ($17.64 / Fl Oz)",
        "imageUrl": "https://m.media-amazon.com/images/I/21ZkHc3sQJL._SL160_.jpg",
        "detailPageURL": "https://www.amazon.com/dp/B07F4641MC",
        "rating": "4.5",
        "totalReviews": "1273",
        "subtitle": "Honest Beauty",
        "isPrimeEligible": "1"
    },
    {
        "ASIN": "B072NNC2LR",
        "title": "TATCHA The Water Cream | Oil-Free, Optimal Hydration Moisturizer For Pure Poreless Skin, 50 ml | 1.7 oz",
        "price": "$72.00 ($42.35 / Fl Oz)",
        "listPrice": "",
        "imageUrl": "https://m.media-amazon.com/images/I/31r+8HJoqQL._SL160_.jpg",
        "detailPageURL": "https://www.amazon.com/dp/B072NNC2LR",
        "rating": "4.6",
        "totalReviews": "3526",
        "subtitle": "",
        "isPrimeEligible": "1"
    },
    {
        "ASIN": "B000ORV3NC",
        "title": "Weleda Skin Food Original Ultra-Rich Body Cream 2.5 Fluid Ounce, Plant Rich Hydrating Moisturizer with Pansy, Chamomile and Calendula",
        "price": "$14.99 ($6.00 / Fl Oz)",
        "listPrice": "$18.50 ($7.40 / Fl Oz)",
        "imageUrl": "https://m.media-amazon.com/images/I/31BHurz2ArL._SL160_.jpg",
        "detailPageURL": "https://www.amazon.com/dp/B000ORV3NC",
        "rating": "4.5",
        "totalReviews": "30047",
        "subtitle": "Weleda",
        "isPrimeEligible": "1"
    },
    {
        "ASIN": "B098R1QVBK",
        "title": "L'Oreal Paris Age Perfect Collagen Expert Anti-Aging Day Moisturizer 2.5 oz",
        "price": "$12.84 ($5.14 / Ounce)",
        "listPrice": "$19.99 ($8.00 / Ounce)",
        "imageUrl": "https://m.media-amazon.com/images/I/41mAIntyONL._SL160_.jpg",
        "detailPageURL": "https://www.amazon.com/dp/B098R1QVBK",
        "rating": "4.5",
        "totalReviews": "4143",
        "subtitle": "L\u2019Or\u00e9al Paris",
        "isPrimeEligible": "1"
    },
    {
        "ASIN": "B08VF5L5LF",
        "title": "Farmacy Honey Halo Ceramide Face Moisturizer Cream - Hydrating Facial Lotion for Dry Skin (1.7 Ounce)",
        "price": "$48.00 ($28.24 / Fl Oz)",
        "listPrice": "",
        "imageUrl": "https://m.media-amazon.com/images/I/511Se+TyG6L._SL160_.jpg",
        "detailPageURL": "https://www.amazon.com/dp/B08VF5L5LF",
        "rating": "4.7",
        "totalReviews": "2017",
        "subtitle": "Farmacy",
        "isPrimeEligible": "1"
    },
    {
        "ASIN": "B08T1QL1F6",
        "title": "First Aid Beauty Firming Cream with Peptides, Niacinamide + Collagen \u2013 Day & Night Anti-Aging Face Moisturizer \u2013 1.7 fl oz",
        "price": "$44.00 ($25.88 / Fl Oz)",
        "listPrice": "",
        "imageUrl": "https://m.media-amazon.com/images/I/31WPTmhztfL._SL160_.jpg",
        "detailPageURL": "https://www.amazon.com/dp/B08T1QL1F6",
        "rating": "4.4",
        "totalReviews": "927",
        "subtitle": "First Aid Beauty",
        "isPrimeEligible": "1"
    },
    {
        "ASIN": "B0BXB8L5W9",
        "title": "SheaMoisture Baby Moisturizer Manuka Honey & Lavender for Delicate Hair and Skin Nighttime Hair and Skin Care Regimen 8 oz",
        "price": "$7.18 ($0.90 / Ounce)",
        "listPrice": "$8.97 ($1.12 / Ounce)",
        "imageUrl": "https://m.media-amazon.com/images/I/613pLrr2PkL._SL160_.jpg",
        "detailPageURL": "https://www.amazon.com/dp/B0BXB8L5W9",
        "rating": "4.6",
        "totalReviews": "82",
        "subtitle": "SheaMoisture",
        "isPrimeEligible": "1"
    },
    {
        "ASIN": "B0BZ54PBPQ",
        "title": "Drunk Elephant Lala Retro Whipped Cream. Replenishing Moisturizer for Skin Protection and Rejuvenation (15 mL / 0.5 Fl Oz)",
        "price": "$20.00 ($40.00 / Fl Oz)",
        "listPrice": "",
        "imageUrl": "https://m.media-amazon.com/images/I/31nYrR6EBjL._SL160_.jpg",
        "detailPageURL": "https://www.amazon.com/dp/B0BZ54PBPQ",
        "rating": "4.3",
        "totalReviews": "1909",
        "subtitle": "Drunk Elephant",
        "isPrimeEligible": "1"
    },
    {
        "ASIN": "B0034F9K36",
        "title": "Jergens Ultra Healing Dry Skin Moisturizer, Body and Hand Lotion for Dry Skin, for Quick Absorption into Extra Dry Skin, with HYDRALUCENCE blend, Vitamins C, E, and B5, 32 Ounce",
        "price": "$10.47 ($0.33 / Ounce)",
        "listPrice": "$12.24 ($0.38 / Ounce)",
        "imageUrl": "https://m.media-amazon.com/images/I/319i3EFVPvL._SL160_.jpg",
        "detailPageURL": "https://www.amazon.com/dp/B0034F9K36",
        "rating": "4.8",
        "totalReviews": "33564",
        "subtitle": "Jergens",
        "isPrimeEligible": "1"
    },
    {
        "ASIN": "B07F4641MC",
        "title": "Honest Beauty Deep Hydration Face Cream with Baobab Seed Oil & Shea Butter | Hypoallergenic + Dermatologist Tested Non-comedogenic & Cruelty free|1.69 fl. oz.",
        "price": "$18.97 ($11.16 / Fl Oz)",
        "listPrice": "$29.99 ($17.64 / Fl Oz)",
        "imageUrl": "https://m.media-amazon.com/images/I/21ZkHc3sQJL._SL160_.jpg",
        "detailPageURL": "https://www.amazon.com/dp/B07F4641MC",
        "rating": "4.5",
        "totalReviews": "1273",
        "subtitle": "Honest Beauty",
        "isPrimeEligible": "1"
    },
    {
        "ASIN": "B07GDT961B",
        "title": "Cetaphil DERMACONTROL Oil Absorbing Moisturizer with SPF 30, For Sensitive, Oily Skin, 4 fl oz, Absorbs Oil, Reduces Shine, Hydrates, Protects, No Added Fragrance",
        "price": "$13.55 ($3.39 / Fl Oz)",
        "listPrice": "$16.99 ($4.25 / Fl Oz)",
        "imageUrl": "https://m.media-amazon.com/images/I/31NapxOB8KL._SL160_.jpg",
        "detailPageURL": "https://www.amazon.com/dp/B07GDT961B",
        "rating": "4.5",
        "totalReviews": "13345",
        "subtitle": "Cetaphil",
        "isPrimeEligible": "1"
    },
    {
        "ASIN": "B000ORV3NC",
        "title": "Weleda Skin Food Original Ultra-Rich Body Cream 2.5 Fluid Ounce, Plant Rich Hydrating Moisturizer with Pansy, Chamomile and Calendula",
        "price": "$14.99 ($6.00 / Fl Oz)",
        "listPrice": "$18.50 ($7.40 / Fl Oz)",
        "imageUrl": "https://m.media-amazon.com/images/I/31BHurz2ArL._SL160_.jpg",
        "detailPageURL": "https://www.amazon.com/dp/B000ORV3NC",
        "rating": "4.5",
        "totalReviews": "30047",
        "subtitle": "Weleda",
        "isPrimeEligible": "1"
    },
    {
        "ASIN": "B098R1QVBK",
        "title": "L'Oreal Paris Age Perfect Collagen Expert Anti-Aging Day Moisturizer 2.5 oz",
        "price": "$12.84 ($5.14 / Ounce)",
        "listPrice": "$19.99 ($8.00 / Ounce)",
        "imageUrl": "https://m.media-amazon.com/images/I/41mAIntyONL._SL160_.jpg",
        "detailPageURL": "https://www.amazon.com/dp/B098R1QVBK",
        "rating": "4.5",
        "totalReviews": "4143",
        "subtitle": "L\u2019Or\u00e9al Paris",
        "isPrimeEligible": "1"
    },
    {
        "ASIN": "B08VF5L5LF",
        "title": "Farmacy Honey Halo Ceramide Face Moisturizer Cream - Hydrating Facial Lotion for Dry Skin (1.7 Ounce)",
        "price": "$48.00 ($28.24 / Fl Oz)",
        "listPrice": "",
        "imageUrl": "https://m.media-amazon.com/images/I/511Se+TyG6L._SL160_.jpg",
        "detailPageURL": "https://www.amazon.com/dp/B08VF5L5LF",
        "rating": "4.7",
        "totalReviews": "2017",
        "subtitle": "Farmacy",
        "isPrimeEligible": "1"
    },
    {
        "ASIN": "B08T1QL1F6",
        "title": "First Aid Beauty Firming Cream with Peptides, Niacinamide + Collagen \u2013 Day & Night Anti-Aging Face Moisturizer \u2013 1.7 fl oz",
        "price": "$44.00 ($25.88 / Fl Oz)",
        "listPrice": "",
        "imageUrl": "https://m.media-amazon.com/images/I/31WPTmhztfL._SL160_.jpg",
        "detailPageURL": "https://www.amazon.com/dp/B08T1QL1F6",
        "rating": "4.4",
        "totalReviews": "927",
        "subtitle": "First Aid Beauty",
        "isPrimeEligible": "1"
    },
    {
        "ASIN": "B0BXB8L5W9",
        "title": "SheaMoisture Baby Moisturizer Manuka Honey & Lavender for Delicate Hair and Skin Nighttime Hair and Skin Care Regimen 8 oz",
        "price": "$7.18 ($0.90 / Ounce)",
        "listPrice": "$8.97 ($1.12 / Ounce)",
        "imageUrl": "https://m.media-amazon.com/images/I/613pLrr2PkL._SL160_.jpg",
        "detailPageURL": "https://www.amazon.com/dp/B0BXB8L5W9",
        "rating": "4.6",
        "totalReviews": "82",
        "subtitle": "SheaMoisture",
        "isPrimeEligible": "1"
    },
    {
        "ASIN": "B0BZ54PBPQ",
        "title": "Drunk Elephant Lala Retro Whipped Cream. Replenishing Moisturizer for Skin Protection and Rejuvenation (15 mL / 0.5 Fl Oz)",
        "price": "$20.00 ($40.00 / Fl Oz)",
        "listPrice": "",
        "imageUrl": "https://m.media-amazon.com/images/I/31nYrR6EBjL._SL160_.jpg",
        "detailPageURL": "https://www.amazon.com/dp/B0BZ54PBPQ",
        "rating": "4.3",
        "totalReviews": "1909",
        "subtitle": "Drunk Elephant",
        "isPrimeEligible": "1"
    },
    {
        "ASIN": "B0034F9K36",
        "title": "Jergens Ultra Healing Dry Skin Moisturizer, Body and Hand Lotion for Dry Skin, for Quick Absorption into Extra Dry Skin, with HYDRALUCENCE blend, Vitamins C, E, and B5, 32 Ounce",
        "price": "$10.47 ($0.33 / Ounce)",
        "listPrice": "$12.24 ($0.38 / Ounce)",
        "imageUrl": "https://m.media-amazon.com/images/I/319i3EFVPvL._SL160_.jpg",
        "detailPageURL": "https://www.amazon.com/dp/B0034F9K36",
        "rating": "4.8",
        "totalReviews": "33564",
        "subtitle": "Jergens",
        "isPrimeEligible": "1"
    },
    {
        "ASIN": "B07F4641MC",
        "title": "Honest Beauty Deep Hydration Face Cream with Baobab Seed Oil & Shea Butter | Hypoallergenic + Dermatologist Tested Non-comedogenic & Cruelty free|1.69 fl. oz.",
        "price": "$18.97 ($11.16 / Fl Oz)",
        "listPrice": "$29.99 ($17.64 / Fl Oz)",
        "imageUrl": "https://m.media-amazon.com/images/I/21ZkHc3sQJL._SL160_.jpg",
        "detailPageURL": "https://www.amazon.com/dp/B07F4641MC",
        "rating": "4.5",
        "totalReviews": "1273",
        "subtitle": "Honest Beauty",
        "isPrimeEligible": "1"
    },
    {
        "ASIN": "B07GDT961B",
        "title": "Cetaphil DERMACONTROL Oil Absorbing Moisturizer with SPF 30, For Sensitive, Oily Skin, 4 fl oz, Absorbs Oil, Reduces Shine, Hydrates, Protects, No Added Fragrance",
        "price": "$13.55 ($3.39 / Fl Oz)",
        "listPrice": "$16.99 ($4.25 / Fl Oz)",
        "imageUrl": "https://m.media-amazon.com/images/I/31NapxOB8KL._SL160_.jpg",
        "detailPageURL": "https://www.amazon.com/dp/B07GDT961B",
        "rating": "4.5",
        "totalReviews": "13345",
        "subtitle": "Cetaphil",
        "isPrimeEligible": "1"
    },
    {
        "ASIN": "B07B6HQRYS",
        "title": "CLn\u00ae Facial Moisturizer - Soothes & Calms Skin, Helps Reduce Appearance of Redness, Locks in Moisture without Clogging Pores, Dermatologist & Clinically Tested, 3.4 oz.",
        "price": "$35.00 ($10.29 / Fl Oz)",
        "listPrice": "",
        "imageUrl": "https://m.media-amazon.com/images/I/21raQdVqaJL._SL160_.jpg",
        "detailPageURL": "https://www.amazon.com/dp/B07B6HQRYS",
        "rating": "4.5",
        "totalReviews": "265",
        "subtitle": "CLn",
        "isPrimeEligible": "1"
    },
    {
        "ASIN": "B098R1QVBK",
        "title": "L'Oreal Paris Age Perfect Collagen Expert Anti-Aging Day Moisturizer 2.5 oz",
        "price": "$12.84 ($5.14 / Ounce)",
        "listPrice": "$19.99 ($8.00 / Ounce)",
        "imageUrl": "https://m.media-amazon.com/images/I/41mAIntyONL._SL160_.jpg",
        "detailPageURL": "https://www.amazon.com/dp/B098R1QVBK",
        "rating": "4.5",
        "totalReviews": "4143",
        "subtitle": "L\u2019Or\u00e9al Paris",
        "isPrimeEligible": "1"
    },
    {
        "ASIN": "B08VF5L5LF",
        "title": "Farmacy Honey Halo Ceramide Face Moisturizer Cream - Hydrating Facial Lotion for Dry Skin (1.7 Ounce)",
        "price": "$48.00 ($28.24 / Fl Oz)",
        "listPrice": "",
        "imageUrl": "https://m.media-amazon.com/images/I/511Se+TyG6L._SL160_.jpg",
        "detailPageURL": "https://www.amazon.com/dp/B08VF5L5LF",
        "rating": "4.7",
        "totalReviews": "2017",
        "subtitle": "Farmacy",
        "isPrimeEligible": "1"
    },
    {
        "ASIN": "B08T1QL1F6",
        "title": "First Aid Beauty Firming Cream with Peptides, Niacinamide + Collagen \u2013 Day & Night Anti-Aging Face Moisturizer \u2013 1.7 fl oz",
        "price": "$44.00 ($25.88 / Fl Oz)",
        "listPrice": "",
        "imageUrl": "https://m.media-amazon.com/images/I/31WPTmhztfL._SL160_.jpg",
        "detailPageURL": "https://www.amazon.com/dp/B08T1QL1F6",
        "rating": "4.4",
        "totalReviews": "927",
        "subtitle": "First Aid Beauty",
        "isPrimeEligible": "1"
    },
    {
        "ASIN": "B0BXB8L5W9",
        "title": "SheaMoisture Baby Moisturizer Manuka Honey & Lavender for Delicate Hair and Skin Nighttime Hair and Skin Care Regimen 8 oz",
        "price": "$7.18 ($0.90 / Ounce)",
        "listPrice": "$8.97 ($1.12 / Ounce)",
        "imageUrl": "https://m.media-amazon.com/images/I/613pLrr2PkL._SL160_.jpg",
        "detailPageURL": "https://www.amazon.com/dp/B0BXB8L5W9",
        "rating": "4.6",
        "totalReviews": "82",
        "subtitle": "SheaMoisture",
        "isPrimeEligible": "1"
    },
    {
        "ASIN": "B0BZ54PBPQ",
        "title": "Drunk Elephant Lala Retro Whipped Cream. Replenishing Moisturizer for Skin Protection and Rejuvenation (15 mL / 0.5 Fl Oz)",
        "price": "$20.00 ($40.00 / Fl Oz)",
        "listPrice": "",
        "imageUrl": "https://m.media-amazon.com/images/I/31nYrR6EBjL._SL160_.jpg",
        "detailPageURL": "https://www.amazon.com/dp/B0BZ54PBPQ",
        "rating": "4.3",
        "totalReviews": "1909",
        "subtitle": "Drunk Elephant",
        "isPrimeEligible": "1"
    },
    {
        "ASIN": "B0034F9K36",
        "title": "Jergens Ultra Healing Dry Skin Moisturizer, Body and Hand Lotion for Dry Skin, for Quick Absorption into Extra Dry Skin, with HYDRALUCENCE blend, Vitamins C, E, and B5, 32 Ounce",
        "price": "$10.47 ($0.33 / Ounce)",
        "listPrice": "$12.24 ($0.38 / Ounce)",
        "imageUrl": "https://m.media-amazon.com/images/I/319i3EFVPvL._SL160_.jpg",
        "detailPageURL": "https://www.amazon.com/dp/B0034F9K36",
        "rating": "4.8",
        "totalReviews": "33564",
        "subtitle": "Jergens",
        "isPrimeEligible": "1"
    },
    {
        "ASIN": "B07F4641MC",
        "title": "Honest Beauty Deep Hydration Face Cream with Baobab Seed Oil & Shea Butter | Hypoallergenic + Dermatologist Tested Non-comedogenic & Cruelty free|1.69 fl. oz.",
        "price": "$18.97 ($11.16 / Fl Oz)",
        "listPrice": "$29.99 ($17.64 / Fl Oz)",
        "imageUrl": "https://m.media-amazon.com/images/I/21ZkHc3sQJL._SL160_.jpg",
        "detailPageURL": "https://www.amazon.com/dp/B07F4641MC",
        "rating": "4.5",
        "totalReviews": "1273",
        "subtitle": "Honest Beauty",
        "isPrimeEligible": "1"
    },
    {
        "ASIN": "B07GDT961B",
        "title": "Cetaphil DERMACONTROL Oil Absorbing Moisturizer with SPF 30, For Sensitive, Oily Skin, 4 fl oz, Absorbs Oil, Reduces Shine, Hydrates, Protects, No Added Fragrance",
        "price": "$13.55 ($3.39 / Fl Oz)",
        "listPrice": "$16.99 ($4.25 / Fl Oz)",
        "imageUrl": "https://m.media-amazon.com/images/I/31NapxOB8KL._SL160_.jpg",
        "detailPageURL": "https://www.amazon.com/dp/B07GDT961B",
        "rating": "4.5",
        "totalReviews": "13345",
        "subtitle": "Cetaphil",
        "isPrimeEligible": "1"
    },
    {
        "ASIN": "B07B6HQRYS",
        "title": "CLn\u00ae Facial Moisturizer - Soothes & Calms Skin, Helps Reduce Appearance of Redness, Locks in Moisture without Clogging Pores, Dermatologist & Clinically Tested, 3.4 oz.",
        "price": "$35.00 ($10.29 / Fl Oz)",
        "listPrice": "",
        "imageUrl": "https://m.media-amazon.com/images/I/21raQdVqaJL._SL160_.jpg",
        "detailPageURL": "https://www.amazon.com/dp/B07B6HQRYS",
        "rating": "4.5",
        "totalReviews": "265",
        "subtitle": "CLn",
        "isPrimeEligible": "1"
    },
    {
        "ASIN": "B008EPPPDK",
        "title": "Paula's Choice SKIN RECOVERY Replenishing Facial Moisturizer Cream with Hyaluronic Acid, Soothes Redness & Sensitive Skin Prone to Rosacea & Eczema, Paraben-Free & Fragrance-Free, 2 Fl Oz",
        "price": "$33.00 ($16.50 / Fl Oz)",
        "listPrice": "",
        "imageUrl": "https://m.media-amazon.com/images/I/41S38o0oTDL._SL160_.jpg",
        "detailPageURL": "https://www.amazon.com/dp/B008EPPPDK",
        "rating": "4.4",
        "totalReviews": "1155",
        "subtitle": "Paula's Choice",
        "isPrimeEligible": "1"
    },
    {
        "ASIN": "B08VF5L5LF",
        "title": "Farmacy Honey Halo Ceramide Face Moisturizer Cream - Hydrating Facial Lotion for Dry Skin (1.7 Ounce)",
        "price": "$48.00 ($28.24 / Fl Oz)",
        "listPrice": "",
        "imageUrl": "https://m.media-amazon.com/images/I/511Se+TyG6L._SL160_.jpg",
        "detailPageURL": "https://www.amazon.com/dp/B08VF5L5LF",
        "rating": "4.7",
        "totalReviews": "2017",
        "subtitle": "Farmacy",
        "isPrimeEligible": "1"
    },
    {
        "ASIN": "B08T1QL1F6",
        "title": "First Aid Beauty Firming Cream with Peptides, Niacinamide + Collagen \u2013 Day & Night Anti-Aging Face Moisturizer \u2013 1.7 fl oz",
        "price": "$44.00 ($25.88 / Fl Oz)",
        "listPrice": "",
        "imageUrl": "https://m.media-amazon.com/images/I/31WPTmhztfL._SL160_.jpg",
        "detailPageURL": "https://www.amazon.com/dp/B08T1QL1F6",
        "rating": "4.4",
        "totalReviews": "927",
        "subtitle": "First Aid Beauty",
        "isPrimeEligible": "1"
    },
    {
        "ASIN": "B0BXB8L5W9",
        "title": "SheaMoisture Baby Moisturizer Manuka Honey & Lavender for Delicate Hair and Skin Nighttime Hair and Skin Care Regimen 8 oz",
        "price": "$7.18 ($0.90 / Ounce)",
        "listPrice": "$8.97 ($1.12 / Ounce)",
        "imageUrl": "https://m.media-amazon.com/images/I/613pLrr2PkL._SL160_.jpg",
        "detailPageURL": "https://www.amazon.com/dp/B0BXB8L5W9",
        "rating": "4.6",
        "totalReviews": "82",
        "subtitle": "SheaMoisture",
        "isPrimeEligible": "1"
    },
    {
        "ASIN": "B0BZ54PBPQ",
        "title": "Drunk Elephant Lala Retro Whipped Cream. Replenishing Moisturizer for Skin Protection and Rejuvenation (15 mL / 0.5 Fl Oz)",
        "price": "$20.00 ($40.00 / Fl Oz)",
        "listPrice": "",
        "imageUrl": "https://m.media-amazon.com/images/I/31nYrR6EBjL._SL160_.jpg",
        "detailPageURL": "https://www.amazon.com/dp/B0BZ54PBPQ",
        "rating": "4.3",
        "totalReviews": "1909",
        "subtitle": "Drunk Elephant",
        "isPrimeEligible": "1"
    },
    {
        "ASIN": "B0034F9K36",
        "title": "Jergens Ultra Healing Dry Skin Moisturizer, Body and Hand Lotion for Dry Skin, for Quick Absorption into Extra Dry Skin, with HYDRALUCENCE blend, Vitamins C, E, and B5, 32 Ounce",
        "price": "$10.47 ($0.33 / Ounce)",
        "listPrice": "$12.24 ($0.38 / Ounce)",
        "imageUrl": "https://m.media-amazon.com/images/I/319i3EFVPvL._SL160_.jpg",
        "detailPageURL": "https://www.amazon.com/dp/B0034F9K36",
        "rating": "4.8",
        "totalReviews": "33564",
        "subtitle": "Jergens",
        "isPrimeEligible": "1"
    },
    {
        "ASIN": "B07F4641MC",
        "title": "Honest Beauty Deep Hydration Face Cream with Baobab Seed Oil & Shea Butter | Hypoallergenic + Dermatologist Tested Non-comedogenic & Cruelty free|1.69 fl. oz.",
        "price": "$18.97 ($11.16 / Fl Oz)",
        "listPrice": "$29.99 ($17.64 / Fl Oz)",
        "imageUrl": "https://m.media-amazon.com/images/I/21ZkHc3sQJL._SL160_.jpg",
        "detailPageURL": "https://www.amazon.com/dp/B07F4641MC",
        "rating": "4.5",
        "totalReviews": "1273",
        "subtitle": "Honest Beauty",
        "isPrimeEligible": "1"
    },
    {
        "ASIN": "B07GDT961B",
        "title": "Cetaphil DERMACONTROL Oil Absorbing Moisturizer with SPF 30, For Sensitive, Oily Skin, 4 fl oz, Absorbs Oil, Reduces Shine, Hydrates, Protects, No Added Fragrance",
        "price": "$13.55 ($3.39 / Fl Oz)",
        "listPrice": "$16.99 ($4.25 / Fl Oz)",
        "imageUrl": "https://m.media-amazon.com/images/I/31NapxOB8KL._SL160_.jpg",
        "detailPageURL": "https://www.amazon.com/dp/B07GDT961B",
        "rating": "4.5",
        "totalReviews": "13345",
        "subtitle": "Cetaphil",
        "isPrimeEligible": "1"
    },
    {
        "ASIN": "B07B6HQRYS",
        "title": "CLn\u00ae Facial Moisturizer - Soothes & Calms Skin, Helps Reduce Appearance of Redness, Locks in Moisture without Clogging Pores, Dermatologist & Clinically Tested, 3.4 oz.",
        "price": "$35.00 ($10.29 / Fl Oz)",
        "listPrice": "",
        "imageUrl": "https://m.media-amazon.com/images/I/21raQdVqaJL._SL160_.jpg",
        "detailPageURL": "https://www.amazon.com/dp/B07B6HQRYS",
        "rating": "4.5",
        "totalReviews": "265",
        "subtitle": "CLn",
        "isPrimeEligible": "1"
    },
    {
        "ASIN": "B008EPPPDK",
        "title": "Paula's Choice SKIN RECOVERY Replenishing Facial Moisturizer Cream with Hyaluronic Acid, Soothes Redness & Sensitive Skin Prone to Rosacea & Eczema, Paraben-Free & Fragrance-Free, 2 Fl Oz",
        "price": "$33.00 ($16.50 / Fl Oz)",
        "listPrice": "",
        "imageUrl": "https://m.media-amazon.com/images/I/41S38o0oTDL._SL160_.jpg",
        "detailPageURL": "https://www.amazon.com/dp/B008EPPPDK",
        "rating": "4.4",
        "totalReviews": "1155",
        "subtitle": "Paula's Choice",
        "isPrimeEligible": "1"
    },
    {
        "ASIN": "B00C8FVXQA",
        "title": "EltaMD AM Therapy Facial Moisturizer Lotion, Oil Free Face Moisturizer with Hyaluronic Acid, Hydrates and Moisturizes Skin, Lightweight Formula, Safe for Sensitive Skin, 1.7 oz Pump",
        "price": "$41.00 ($24.12 / Ounce)",
        "listPrice": "",
        "imageUrl": "https://m.media-amazon.com/images/I/31dD68M4bBL._SL160_.jpg",
        "detailPageURL": "https://www.amazon.com/dp/B00C8FVXQA",
        "rating": "4.7",
        "totalReviews": "5006",
        "subtitle": "",
        "isPrimeEligible": "1"
    },
    {
        "ASIN": "B08T1QL1F6",
        "title": "First Aid Beauty Firming Cream with Peptides, Niacinamide + Collagen \u2013 Day & Night Anti-Aging Face Moisturizer \u2013 1.7 fl oz",
        "price": "$44.00 ($25.88 / Fl Oz)",
        "listPrice": "",
        "imageUrl": "https://m.media-amazon.com/images/I/31WPTmhztfL._SL160_.jpg",
        "detailPageURL": "https://www.amazon.com/dp/B08T1QL1F6",
        "rating": "4.4",
        "totalReviews": "927",
        "subtitle": "First Aid Beauty",
        "isPrimeEligible": "1"
    },
    {
        "ASIN": "B0BXB8L5W9",
        "title": "SheaMoisture Baby Moisturizer Manuka Honey & Lavender for Delicate Hair and Skin Nighttime Hair and Skin Care Regimen 8 oz",
        "price": "$7.18 ($0.90 / Ounce)",
        "listPrice": "$8.97 ($1.12 / Ounce)",
        "imageUrl": "https://m.media-amazon.com/images/I/613pLrr2PkL._SL160_.jpg",
        "detailPageURL": "https://www.amazon.com/dp/B0BXB8L5W9",
        "rating": "4.6",
        "totalReviews": "82",
        "subtitle": "SheaMoisture",
        "isPrimeEligible": "1"
    },
    {
        "ASIN": "B0BZ54PBPQ",
        "title": "Drunk Elephant Lala Retro Whipped Cream. Replenishing Moisturizer for Skin Protection and Rejuvenation (15 mL / 0.5 Fl Oz)",
        "price": "$20.00 ($40.00 / Fl Oz)",
        "listPrice": "",
        "imageUrl": "https://m.media-amazon.com/images/I/31nYrR6EBjL._SL160_.jpg",
        "detailPageURL": "https://www.amazon.com/dp/B0BZ54PBPQ",
        "rating": "4.3",
        "totalReviews": "1909",
        "subtitle": "Drunk Elephant",
        "isPrimeEligible": "1"
    },
    {
        "ASIN": "B0034F9K36",
        "title": "Jergens Ultra Healing Dry Skin Moisturizer, Body and Hand Lotion for Dry Skin, for Quick Absorption into Extra Dry Skin, with HYDRALUCENCE blend, Vitamins C, E, and B5, 32 Ounce",
        "price": "$10.47 ($0.33 / Ounce)",
        "listPrice": "$12.24 ($0.38 / Ounce)",
        "imageUrl": "https://m.media-amazon.com/images/I/319i3EFVPvL._SL160_.jpg",
        "detailPageURL": "https://www.amazon.com/dp/B0034F9K36",
        "rating": "4.8",
        "totalReviews": "33564",
        "subtitle": "Jergens",
        "isPrimeEligible": "1"
    },
    {
        "ASIN": "B07F4641MC",
        "title": "Honest Beauty Deep Hydration Face Cream with Baobab Seed Oil & Shea Butter | Hypoallergenic + Dermatologist Tested Non-comedogenic & Cruelty free|1.69 fl. oz.",
        "price": "$18.97 ($11.16 / Fl Oz)",
        "listPrice": "$29.99 ($17.64 / Fl Oz)",
        "imageUrl": "https://m.media-amazon.com/images/I/21ZkHc3sQJL._SL160_.jpg",
        "detailPageURL": "https://www.amazon.com/dp/B07F4641MC",
        "rating": "4.5",
        "totalReviews": "1273",
        "subtitle": "Honest Beauty",
        "isPrimeEligible": "1"
    },
    {
        "ASIN": "B07GDT961B",
        "title": "Cetaphil DERMACONTROL Oil Absorbing Moisturizer with SPF 30, For Sensitive, Oily Skin, 4 fl oz, Absorbs Oil, Reduces Shine, Hydrates, Protects, No Added Fragrance",
        "price": "$13.55 ($3.39 / Fl Oz)",
        "listPrice": "$16.99 ($4.25 / Fl Oz)",
        "imageUrl": "https://m.media-amazon.com/images/I/31NapxOB8KL._SL160_.jpg",
        "detailPageURL": "https://www.amazon.com/dp/B07GDT961B",
        "rating": "4.5",
        "totalReviews": "13345",
        "subtitle": "Cetaphil",
        "isPrimeEligible": "1"
    },
    {
        "ASIN": "B07B6HQRYS",
        "title": "CLn\u00ae Facial Moisturizer - Soothes & Calms Skin, Helps Reduce Appearance of Redness, Locks in Moisture without Clogging Pores, Dermatologist & Clinically Tested, 3.4 oz.",
        "price": "$35.00 ($10.29 / Fl Oz)",
        "listPrice": "",
        "imageUrl": "https://m.media-amazon.com/images/I/21raQdVqaJL._SL160_.jpg",
        "detailPageURL": "https://www.amazon.com/dp/B07B6HQRYS",
        "rating": "4.5",
        "totalReviews": "265",
        "subtitle": "CLn",
        "isPrimeEligible": "1"
    },
    {
        "ASIN": "B008EPPPDK",
        "title": "Paula's Choice SKIN RECOVERY Replenishing Facial Moisturizer Cream with Hyaluronic Acid, Soothes Redness & Sensitive Skin Prone to Rosacea & Eczema, Paraben-Free & Fragrance-Free, 2 Fl Oz",
        "price": "$33.00 ($16.50 / Fl Oz)",
        "listPrice": "",
        "imageUrl": "https://m.media-amazon.com/images/I/41S38o0oTDL._SL160_.jpg",
        "detailPageURL": "https://www.amazon.com/dp/B008EPPPDK",
        "rating": "4.4",
        "totalReviews": "1155",
        "subtitle": "Paula's Choice",
        "isPrimeEligible": "1"
    },
    {
        "ASIN": "B00C8FVXQA",
        "title": "EltaMD AM Therapy Facial Moisturizer Lotion, Oil Free Face Moisturizer with Hyaluronic Acid, Hydrates and Moisturizes Skin, Lightweight Formula, Safe for Sensitive Skin, 1.7 oz Pump",
        "price": "$41.00 ($24.12 / Ounce)",
        "listPrice": "",
        "imageUrl": "https://m.media-amazon.com/images/I/31dD68M4bBL._SL160_.jpg",
        "detailPageURL": "https://www.amazon.com/dp/B00C8FVXQA",
        "rating": "4.7",
        "totalReviews": "5006",
        "subtitle": "",
        "isPrimeEligible": "1"
    },
    {
        "ASIN": "B07DJWZLQL",
        "title": "Neutrogena Hydro Boost Body Moisturizing Gel Cream with Hyaluronic Acid, Non-Greasy & Fast Absorbing, Lightweight Hydrating Body Lotion for Normal to Dry Skin, Paraben- & Dye-Free, 16 oz",
        "price": "$8.99 ($0.56 / Ounce)",
        "listPrice": "$15.19 ($0.95 / Ounce)",
        "imageUrl": "https://m.media-amazon.com/images/I/31pVpCu1QzL._SL160_.jpg",
        "detailPageURL": "https://www.amazon.com/dp/B07DJWZLQL",
        "rating": "4.7",
        "totalReviews": "7734",
        "subtitle": "Neutrogena",
        "isPrimeEligible": "1"
    },
    {
        "ASIN": "B0BXB8L5W9",
        "title": "SheaMoisture Baby Moisturizer Manuka Honey & Lavender for Delicate Hair and Skin Nighttime Hair and Skin Care Regimen 8 oz",
        "price": "$7.18 ($0.90 / Ounce)",
        "listPrice": "$8.97 ($1.12 / Ounce)",
        "imageUrl": "https://m.media-amazon.com/images/I/613pLrr2PkL._SL160_.jpg",
        "detailPageURL": "https://www.amazon.com/dp/B0BXB8L5W9",
        "rating": "4.6",
        "totalReviews": "82",
        "subtitle": "SheaMoisture",
        "isPrimeEligible": "1"
    },
    {
        "ASIN": "B0BZ54PBPQ",
        "title": "Drunk Elephant Lala Retro Whipped Cream. Replenishing Moisturizer for Skin Protection and Rejuvenation (15 mL / 0.5 Fl Oz)",
        "price": "$20.00 ($40.00 / Fl Oz)",
        "listPrice": "",
        "imageUrl": "https://m.media-amazon.com/images/I/31nYrR6EBjL._SL160_.jpg",
        "detailPageURL": "https://www.amazon.com/dp/B0BZ54PBPQ",
        "rating": "4.3",
        "totalReviews": "1909",
        "subtitle": "Drunk Elephant",
        "isPrimeEligible": "1"
    },
    {
        "ASIN": "B0034F9K36",
        "title": "Jergens Ultra Healing Dry Skin Moisturizer, Body and Hand Lotion for Dry Skin, for Quick Absorption into Extra Dry Skin, with HYDRALUCENCE blend, Vitamins C, E, and B5, 32 Ounce",
        "price": "$10.47 ($0.33 / Ounce)",
        "listPrice": "$12.24 ($0.38 / Ounce)",
        "imageUrl": "https://m.media-amazon.com/images/I/319i3EFVPvL._SL160_.jpg",
        "detailPageURL": "https://www.amazon.com/dp/B0034F9K36",
        "rating": "4.8",
        "totalReviews": "33564",
        "subtitle": "Jergens",
        "isPrimeEligible": "1"
    },
    {
        "ASIN": "B07F4641MC",
        "title": "Honest Beauty Deep Hydration Face Cream with Baobab Seed Oil & Shea Butter | Hypoallergenic + Dermatologist Tested Non-comedogenic & Cruelty free|1.69 fl. oz.",
        "price": "$18.97 ($11.16 / Fl Oz)",
        "listPrice": "$29.99 ($17.64 / Fl Oz)",
        "imageUrl": "https://m.media-amazon.com/images/I/21ZkHc3sQJL._SL160_.jpg",
        "detailPageURL": "https://www.amazon.com/dp/B07F4641MC",
        "rating": "4.5",
        "totalReviews": "1273",
        "subtitle": "Honest Beauty",
        "isPrimeEligible": "1"
    },
    {
        "ASIN": "B07GDT961B",
        "title": "Cetaphil DERMACONTROL Oil Absorbing Moisturizer with SPF 30, For Sensitive, Oily Skin, 4 fl oz, Absorbs Oil, Reduces Shine, Hydrates, Protects, No Added Fragrance",
        "price": "$13.55 ($3.39 / Fl Oz)",
        "listPrice": "$16.99 ($4.25 / Fl Oz)",
        "imageUrl": "https://m.media-amazon.com/images/I/31NapxOB8KL._SL160_.jpg",
        "detailPageURL": "https://www.amazon.com/dp/B07GDT961B",
        "rating": "4.5",
        "totalReviews": "13345",
        "subtitle": "Cetaphil",
        "isPrimeEligible": "1"
    },
    {
        "ASIN": "B07B6HQRYS",
        "title": "CLn\u00ae Facial Moisturizer - Soothes & Calms Skin, Helps Reduce Appearance of Redness, Locks in Moisture without Clogging Pores, Dermatologist & Clinically Tested, 3.4 oz.",
        "price": "$35.00 ($10.29 / Fl Oz)",
        "listPrice": "",
        "imageUrl": "https://m.media-amazon.com/images/I/21raQdVqaJL._SL160_.jpg",
        "detailPageURL": "https://www.amazon.com/dp/B07B6HQRYS",
        "rating": "4.5",
        "totalReviews": "265",
        "subtitle": "CLn",
        "isPrimeEligible": "1"
    },
    {
        "ASIN": "B008EPPPDK",
        "title": "Paula's Choice SKIN RECOVERY Replenishing Facial Moisturizer Cream with Hyaluronic Acid, Soothes Redness & Sensitive Skin Prone to Rosacea & Eczema, Paraben-Free & Fragrance-Free, 2 Fl Oz",
        "price": "$33.00 ($16.50 / Fl Oz)",
        "listPrice": "",
        "imageUrl": "https://m.media-amazon.com/images/I/41S38o0oTDL._SL160_.jpg",
        "detailPageURL": "https://www.amazon.com/dp/B008EPPPDK",
        "rating": "4.4",
        "totalReviews": "1155",
        "subtitle": "Paula's Choice",
        "isPrimeEligible": "1"
    },
    {
        "ASIN": "B00C8FVXQA",
        "title": "EltaMD AM Therapy Facial Moisturizer Lotion, Oil Free Face Moisturizer with Hyaluronic Acid, Hydrates and Moisturizes Skin, Lightweight Formula, Safe for Sensitive Skin, 1.7 oz Pump",
        "price": "$41.00 ($24.12 / Ounce)",
        "listPrice": "",
        "imageUrl": "https://m.media-amazon.com/images/I/31dD68M4bBL._SL160_.jpg",
        "detailPageURL": "https://www.amazon.com/dp/B00C8FVXQA",
        "rating": "4.7",
        "totalReviews": "5006",
        "subtitle": "",
        "isPrimeEligible": "1"
    },
    {
        "ASIN": "B07DJWZLQL",
        "title": "Neutrogena Hydro Boost Body Moisturizing Gel Cream with Hyaluronic Acid, Non-Greasy & Fast Absorbing, Lightweight Hydrating Body Lotion for Normal to Dry Skin, Paraben- & Dye-Free, 16 oz",
        "price": "$8.99 ($0.56 / Ounce)",
        "listPrice": "$15.19 ($0.95 / Ounce)",
        "imageUrl": "https://m.media-amazon.com/images/I/31pVpCu1QzL._SL160_.jpg",
        "detailPageURL": "https://www.amazon.com/dp/B07DJWZLQL",
        "rating": "4.7",
        "totalReviews": "7734",
        "subtitle": "Neutrogena",
        "isPrimeEligible": "1"
    },
    {
        "ASIN": "B09QBB8ZL4",
        "title": "TATCHA The Dewy Skin Cream | Rich Cream to Hydrate, Plump and Protect Dry and Combo Skin, 50 ml | 1.7 oz",
        "price": "$72.00 ($42.35 / Ounce)",
        "listPrice": "",
        "imageUrl": "https://m.media-amazon.com/images/I/31Axd4NxccL._SL160_.jpg",
        "detailPageURL": "https://www.amazon.com/dp/B09QBB8ZL4",
        "rating": "4.7",
        "totalReviews": "1759",
        "subtitle": "",
        "isPrimeEligible": "1"
    },
    {
        "ASIN": "B0BZ54PBPQ",
        "title": "Drunk Elephant Lala Retro Whipped Cream. Replenishing Moisturizer for Skin Protection and Rejuvenation (15 mL / 0.5 Fl Oz)",
        "price": "$20.00 ($40.00 / Fl Oz)",
        "listPrice": "",
        "imageUrl": "https://m.media-amazon.com/images/I/31nYrR6EBjL._SL160_.jpg",
        "detailPageURL": "https://www.amazon.com/dp/B0BZ54PBPQ",
        "rating": "4.3",
        "totalReviews": "1909",
        "subtitle": "Drunk Elephant",
        "isPrimeEligible": "1"
    },
    {
        "ASIN": "B0034F9K36",
        "title": "Jergens Ultra Healing Dry Skin Moisturizer, Body and Hand Lotion for Dry Skin, for Quick Absorption into Extra Dry Skin, with HYDRALUCENCE blend, Vitamins C, E, and B5, 32 Ounce",
        "price": "$10.47 ($0.33 / Ounce)",
        "listPrice": "$12.24 ($0.38 / Ounce)",
        "imageUrl": "https://m.media-amazon.com/images/I/319i3EFVPvL._SL160_.jpg",
        "detailPageURL": "https://www.amazon.com/dp/B0034F9K36",
        "rating": "4.8",
        "totalReviews": "33564",
        "subtitle": "Jergens",
        "isPrimeEligible": "1"
    },
    {
        "ASIN": "B07F4641MC",
        "title": "Honest Beauty Deep Hydration Face Cream with Baobab Seed Oil & Shea Butter | Hypoallergenic + Dermatologist Tested Non-comedogenic & Cruelty free|1.69 fl. oz.",
        "price": "$18.97 ($11.16 / Fl Oz)",
        "listPrice": "$29.99 ($17.64 / Fl Oz)",
        "imageUrl": "https://m.media-amazon.com/images/I/21ZkHc3sQJL._SL160_.jpg",
        "detailPageURL": "https://www.amazon.com/dp/B07F4641MC",
        "rating": "4.5",
        "totalReviews": "1273",
        "subtitle": "Honest Beauty",
        "isPrimeEligible": "1"
    },
    {
        "ASIN": "B07GDT961B",
        "title": "Cetaphil DERMACONTROL Oil Absorbing Moisturizer with SPF 30, For Sensitive, Oily Skin, 4 fl oz, Absorbs Oil, Reduces Shine, Hydrates, Protects, No Added Fragrance",
        "price": "$13.55 ($3.39 / Fl Oz)",
        "listPrice": "$16.99 ($4.25 / Fl Oz)",
        "imageUrl": "https://m.media-amazon.com/images/I/31NapxOB8KL._SL160_.jpg",
        "detailPageURL": "https://www.amazon.com/dp/B07GDT961B",
        "rating": "4.5",
        "totalReviews": "13345",
        "subtitle": "Cetaphil",
        "isPrimeEligible": "1"
    },
    {
        "ASIN": "B07B6HQRYS",
        "title": "CLn\u00ae Facial Moisturizer - Soothes & Calms Skin, Helps Reduce Appearance of Redness, Locks in Moisture without Clogging Pores, Dermatologist & Clinically Tested, 3.4 oz.",
        "price": "$35.00 ($10.29 / Fl Oz)",
        "listPrice": "",
        "imageUrl": "https://m.media-amazon.com/images/I/21raQdVqaJL._SL160_.jpg",
        "detailPageURL": "https://www.amazon.com/dp/B07B6HQRYS",
        "rating": "4.5",
        "totalReviews": "265",
        "subtitle": "CLn",
        "isPrimeEligible": "1"
    },
    {
        "ASIN": "B008EPPPDK",
        "title": "Paula's Choice SKIN RECOVERY Replenishing Facial Moisturizer Cream with Hyaluronic Acid, Soothes Redness & Sensitive Skin Prone to Rosacea & Eczema, Paraben-Free & Fragrance-Free, 2 Fl Oz",
        "price": "$33.00 ($16.50 / Fl Oz)",
        "listPrice": "",
        "imageUrl": "https://m.media-amazon.com/images/I/41S38o0oTDL._SL160_.jpg",
        "detailPageURL": "https://www.amazon.com/dp/B008EPPPDK",
        "rating": "4.4",
        "totalReviews": "1155",
        "subtitle": "Paula's Choice",
        "isPrimeEligible": "1"
    },
    {
        "ASIN": "B00C8FVXQA",
        "title": "EltaMD AM Therapy Facial Moisturizer Lotion, Oil Free Face Moisturizer with Hyaluronic Acid, Hydrates and Moisturizes Skin, Lightweight Formula, Safe for Sensitive Skin, 1.7 oz Pump",
        "price": "$41.00 ($24.12 / Ounce)",
        "listPrice": "",
        "imageUrl": "https://m.media-amazon.com/images/I/31dD68M4bBL._SL160_.jpg",
        "detailPageURL": "https://www.amazon.com/dp/B00C8FVXQA",
        "rating": "4.7",
        "totalReviews": "5006",
        "subtitle": "",
        "isPrimeEligible": "1"
    },
    {
        "ASIN": "B07DJWZLQL",
        "title": "Neutrogena Hydro Boost Body Moisturizing Gel Cream with Hyaluronic Acid, Non-Greasy & Fast Absorbing, Lightweight Hydrating Body Lotion for Normal to Dry Skin, Paraben- & Dye-Free, 16 oz",
        "price": "$8.99 ($0.56 / Ounce)",
        "listPrice": "$15.19 ($0.95 / Ounce)",
        "imageUrl": "https://m.media-amazon.com/images/I/31pVpCu1QzL._SL160_.jpg",
        "detailPageURL": "https://www.amazon.com/dp/B07DJWZLQL",
        "rating": "4.7",
        "totalReviews": "7734",
        "subtitle": "Neutrogena",
        "isPrimeEligible": "1"
    },
    {
        "ASIN": "B09QBB8ZL4",
        "title": "TATCHA The Dewy Skin Cream | Rich Cream to Hydrate, Plump and Protect Dry and Combo Skin, 50 ml | 1.7 oz",
        "price": "$72.00 ($42.35 / Ounce)",
        "listPrice": "",
        "imageUrl": "https://m.media-amazon.com/images/I/31Axd4NxccL._SL160_.jpg",
        "detailPageURL": "https://www.amazon.com/dp/B09QBB8ZL4",
        "rating": "4.7",
        "totalReviews": "1759",
        "subtitle": "",
        "isPrimeEligible": "1"
    },
    {
        "ASIN": "B003156NH0",
        "title": "Neutrogena Healthy Defense Daily Moisturizer with SPF 50 and Vitamin E, Lightweight Face Lotion with SPF 50 Sunscreen and Antioxidants, Vitamin C & Vitamin E, 1.7 fl. oz (Pack of 2)",
        "price": "$56.50 ($16.62 / Fl Oz)",
        "listPrice": "",
        "imageUrl": "https://m.media-amazon.com/images/I/410qe8Cpw6L._SL160_.jpg",
        "detailPageURL": "https://www.amazon.com/dp/B003156NH0",
        "rating": "4.6",
        "totalReviews": "5114",
        "subtitle": "Neutrogena",
        "isPrimeEligible": "1"
    },
    {
        "ASIN": "B0034F9K36",
        "title": "Jergens Ultra Healing Dry Skin Moisturizer, Body and Hand Lotion for Dry Skin, for Quick Absorption into Extra Dry Skin, with HYDRALUCENCE blend, Vitamins C, E, and B5, 32 Ounce",
        "price": "$10.47 ($0.33 / Ounce)",
        "listPrice": "$12.24 ($0.38 / Ounce)",
        "imageUrl": "https://m.media-amazon.com/images/I/319i3EFVPvL._SL160_.jpg",
        "detailPageURL": "https://www.amazon.com/dp/B0034F9K36",
        "rating": "4.8",
        "totalReviews": "33564",
        "subtitle": "Jergens",
        "isPrimeEligible": "1"
    },
    {
        "ASIN": "B07F4641MC",
        "title": "Honest Beauty Deep Hydration Face Cream with Baobab Seed Oil & Shea Butter | Hypoallergenic + Dermatologist Tested Non-comedogenic & Cruelty free|1.69 fl. oz.",
        "price": "$18.97 ($11.16 / Fl Oz)",
        "listPrice": "$29.99 ($17.64 / Fl Oz)",
        "imageUrl": "https://m.media-amazon.com/images/I/21ZkHc3sQJL._SL160_.jpg",
        "detailPageURL": "https://www.amazon.com/dp/B07F4641MC",
        "rating": "4.5",
        "totalReviews": "1273",
        "subtitle": "Honest Beauty",
        "isPrimeEligible": "1"
    },
    {
        "ASIN": "B07GDT961B",
        "title": "Cetaphil DERMACONTROL Oil Absorbing Moisturizer with SPF 30, For Sensitive, Oily Skin, 4 fl oz, Absorbs Oil, Reduces Shine, Hydrates, Protects, No Added Fragrance",
        "price": "$13.55 ($3.39 / Fl Oz)",
        "listPrice": "$16.99 ($4.25 / Fl Oz)",
        "imageUrl": "https://m.media-amazon.com/images/I/31NapxOB8KL._SL160_.jpg",
        "detailPageURL": "https://www.amazon.com/dp/B07GDT961B",
        "rating": "4.5",
        "totalReviews": "13345",
        "subtitle": "Cetaphil",
        "isPrimeEligible": "1"
    },
    {
        "ASIN": "B07B6HQRYS",
        "title": "CLn\u00ae Facial Moisturizer - Soothes & Calms Skin, Helps Reduce Appearance of Redness, Locks in Moisture without Clogging Pores, Dermatologist & Clinically Tested, 3.4 oz.",
        "price": "$35.00 ($10.29 / Fl Oz)",
        "listPrice": "",
        "imageUrl": "https://m.media-amazon.com/images/I/21raQdVqaJL._SL160_.jpg",
        "detailPageURL": "https://www.amazon.com/dp/B07B6HQRYS",
        "rating": "4.5",
        "totalReviews": "265",
        "subtitle": "CLn",
        "isPrimeEligible": "1"
    },
    {
        "ASIN": "B008EPPPDK",
        "title": "Paula's Choice SKIN RECOVERY Replenishing Facial Moisturizer Cream with Hyaluronic Acid, Soothes Redness & Sensitive Skin Prone to Rosacea & Eczema, Paraben-Free & Fragrance-Free, 2 Fl Oz",
        "price": "$33.00 ($16.50 / Fl Oz)",
        "listPrice": "",
        "imageUrl": "https://m.media-amazon.com/images/I/41S38o0oTDL._SL160_.jpg",
        "detailPageURL": "https://www.amazon.com/dp/B008EPPPDK",
        "rating": "4.4",
        "totalReviews": "1155",
        "subtitle": "Paula's Choice",
        "isPrimeEligible": "1"
    },
    {
        "ASIN": "B00C8FVXQA",
        "title": "EltaMD AM Therapy Facial Moisturizer Lotion, Oil Free Face Moisturizer with Hyaluronic Acid, Hydrates and Moisturizes Skin, Lightweight Formula, Safe for Sensitive Skin, 1.7 oz Pump",
        "price": "$41.00 ($24.12 / Ounce)",
        "listPrice": "",
        "imageUrl": "https://m.media-amazon.com/images/I/31dD68M4bBL._SL160_.jpg",
        "detailPageURL": "https://www.amazon.com/dp/B00C8FVXQA",
        "rating": "4.7",
        "totalReviews": "5006",
        "subtitle": "",
        "isPrimeEligible": "1"
    },
    {
        "ASIN": "B07DJWZLQL",
        "title": "Neutrogena Hydro Boost Body Moisturizing Gel Cream with Hyaluronic Acid, Non-Greasy & Fast Absorbing, Lightweight Hydrating Body Lotion for Normal to Dry Skin, Paraben- & Dye-Free, 16 oz",
        "price": "$8.99 ($0.56 / Ounce)",
        "listPrice": "$15.19 ($0.95 / Ounce)",
        "imageUrl": "https://m.media-amazon.com/images/I/31pVpCu1QzL._SL160_.jpg",
        "detailPageURL": "https://www.amazon.com/dp/B07DJWZLQL",
        "rating": "4.7",
        "totalReviews": "7734",
        "subtitle": "Neutrogena",
        "isPrimeEligible": "1"
    },
    {
        "ASIN": "B09QBB8ZL4",
        "title": "TATCHA The Dewy Skin Cream | Rich Cream to Hydrate, Plump and Protect Dry and Combo Skin, 50 ml | 1.7 oz",
        "price": "$72.00 ($42.35 / Ounce)",
        "listPrice": "",
        "imageUrl": "https://m.media-amazon.com/images/I/31Axd4NxccL._SL160_.jpg",
        "detailPageURL": "https://www.amazon.com/dp/B09QBB8ZL4",
        "rating": "4.7",
        "totalReviews": "1759",
        "subtitle": "",
        "isPrimeEligible": "1"
    },
    {
        "ASIN": "B003156NH0",
        "title": "Neutrogena Healthy Defense Daily Moisturizer with SPF 50 and Vitamin E, Lightweight Face Lotion with SPF 50 Sunscreen and Antioxidants, Vitamin C & Vitamin E, 1.7 fl. oz (Pack of 2)",
        "price": "$56.50 ($16.62 / Fl Oz)",
        "listPrice": "",
        "imageUrl": "https://m.media-amazon.com/images/I/410qe8Cpw6L._SL160_.jpg",
        "detailPageURL": "https://www.amazon.com/dp/B003156NH0",
        "rating": "4.6",
        "totalReviews": "5114",
        "subtitle": "Neutrogena",
        "isPrimeEligible": "1"
    },
    {
        "ASIN": "B001LF4BDK",
        "title": "Face Moisturizer by Olay, Active Hydrating Beauty Fluid Lotion, Original Facial Moisturizer, 4 Oz. (Pack of 2) Packaging may Vary",
        "price": "$17.94 ($2.24 / Ounce)",
        "listPrice": "",
        "imageUrl": "https://m.media-amazon.com/images/I/41NwHfEWsiL._SL160_.jpg",
        "detailPageURL": "https://www.amazon.com/dp/B001LF4BDK",
        "rating": "4.7",
        "totalReviews": "9357",
        "subtitle": "Olay",
        "isPrimeEligible": "1"
    },
    {
        "ASIN": "B07F4641MC",
        "title": "Honest Beauty Deep Hydration Face Cream with Baobab Seed Oil & Shea Butter | Hypoallergenic + Dermatologist Tested Non-comedogenic & Cruelty free|1.69 fl. oz.",
        "price": "$18.97 ($11.16 / Fl Oz)",
        "listPrice": "$29.99 ($17.64 / Fl Oz)",
        "imageUrl": "https://m.media-amazon.com/images/I/21ZkHc3sQJL._SL160_.jpg",
        "detailPageURL": "https://www.amazon.com/dp/B07F4641MC",
        "rating": "4.5",
        "totalReviews": "1273",
        "subtitle": "Honest Beauty",
        "isPrimeEligible": "1"
    },
    {
        "ASIN": "B07GDT961B",
        "title": "Cetaphil DERMACONTROL Oil Absorbing Moisturizer with SPF 30, For Sensitive, Oily Skin, 4 fl oz, Absorbs Oil, Reduces Shine, Hydrates, Protects, No Added Fragrance",
        "price": "$13.55 ($3.39 / Fl Oz)",
        "listPrice": "$16.99 ($4.25 / Fl Oz)",
        "imageUrl": "https://m.media-amazon.com/images/I/31NapxOB8KL._SL160_.jpg",
        "detailPageURL": "https://www.amazon.com/dp/B07GDT961B",
        "rating": "4.5",
        "totalReviews": "13345",
        "subtitle": "Cetaphil",
        "isPrimeEligible": "1"
    },
    {
        "ASIN": "B07B6HQRYS",
        "title": "CLn\u00ae Facial Moisturizer - Soothes & Calms Skin, Helps Reduce Appearance of Redness, Locks in Moisture without Clogging Pores, Dermatologist & Clinically Tested, 3.4 oz.",
        "price": "$35.00 ($10.29 / Fl Oz)",
        "listPrice": "",
        "imageUrl": "https://m.media-amazon.com/images/I/21raQdVqaJL._SL160_.jpg",
        "detailPageURL": "https://www.amazon.com/dp/B07B6HQRYS",
        "rating": "4.5",
        "totalReviews": "265",
        "subtitle": "CLn",
        "isPrimeEligible": "1"
    },
    {
        "ASIN": "B008EPPPDK",
        "title": "Paula's Choice SKIN RECOVERY Replenishing Facial Moisturizer Cream with Hyaluronic Acid, Soothes Redness & Sensitive Skin Prone to Rosacea & Eczema, Paraben-Free & Fragrance-Free, 2 Fl Oz",
        "price": "$33.00 ($16.50 / Fl Oz)",
        "listPrice": "",
        "imageUrl": "https://m.media-amazon.com/images/I/41S38o0oTDL._SL160_.jpg",
        "detailPageURL": "https://www.amazon.com/dp/B008EPPPDK",
        "rating": "4.4",
        "totalReviews": "1155",
        "subtitle": "Paula's Choice",
        "isPrimeEligible": "1"
    },
    {
        "ASIN": "B00C8FVXQA",
        "title": "EltaMD AM Therapy Facial Moisturizer Lotion, Oil Free Face Moisturizer with Hyaluronic Acid, Hydrates and Moisturizes Skin, Lightweight Formula, Safe for Sensitive Skin, 1.7 oz Pump",
        "price": "$41.00 ($24.12 / Ounce)",
        "listPrice": "",
        "imageUrl": "https://m.media-amazon.com/images/I/31dD68M4bBL._SL160_.jpg",
        "detailPageURL": "https://www.amazon.com/dp/B00C8FVXQA",
        "rating": "4.7",
        "totalReviews": "5006",
        "subtitle": "",
        "isPrimeEligible": "1"
    },
    {
        "ASIN": "B07DJWZLQL",
        "title": "Neutrogena Hydro Boost Body Moisturizing Gel Cream with Hyaluronic Acid, Non-Greasy & Fast Absorbing, Lightweight Hydrating Body Lotion for Normal to Dry Skin, Paraben- & Dye-Free, 16 oz",
        "price": "$8.99 ($0.56 / Ounce)",
        "listPrice": "$15.19 ($0.95 / Ounce)",
        "imageUrl": "https://m.media-amazon.com/images/I/31pVpCu1QzL._SL160_.jpg",
        "detailPageURL": "https://www.amazon.com/dp/B07DJWZLQL",
        "rating": "4.7",
        "totalReviews": "7734",
        "subtitle": "Neutrogena",
        "isPrimeEligible": "1"
    },
    {
        "ASIN": "B09QBB8ZL4",
        "title": "TATCHA The Dewy Skin Cream | Rich Cream to Hydrate, Plump and Protect Dry and Combo Skin, 50 ml | 1.7 oz",
        "price": "$72.00 ($42.35 / Ounce)",
        "listPrice": "",
        "imageUrl": "https://m.media-amazon.com/images/I/31Axd4NxccL._SL160_.jpg",
        "detailPageURL": "https://www.amazon.com/dp/B09QBB8ZL4",
        "rating": "4.7",
        "totalReviews": "1759",
        "subtitle": "",
        "isPrimeEligible": "1"
    },
    {
        "ASIN": "B003156NH0",
        "title": "Neutrogena Healthy Defense Daily Moisturizer with SPF 50 and Vitamin E, Lightweight Face Lotion with SPF 50 Sunscreen and Antioxidants, Vitamin C & Vitamin E, 1.7 fl. oz (Pack of 2)",
        "price": "$56.50 ($16.62 / Fl Oz)",
        "listPrice": "",
        "imageUrl": "https://m.media-amazon.com/images/I/410qe8Cpw6L._SL160_.jpg",
        "detailPageURL": "https://www.amazon.com/dp/B003156NH0",
        "rating": "4.6",
        "totalReviews": "5114",
        "subtitle": "Neutrogena",
        "isPrimeEligible": "1"
    },
    {
        "ASIN": "B001LF4BDK",
        "title": "Face Moisturizer by Olay, Active Hydrating Beauty Fluid Lotion, Original Facial Moisturizer, 4 Oz. (Pack of 2) Packaging may Vary",
        "price": "$17.94 ($2.24 / Ounce)",
        "listPrice": "",
        "imageUrl": "https://m.media-amazon.com/images/I/41NwHfEWsiL._SL160_.jpg",
        "detailPageURL": "https://www.amazon.com/dp/B001LF4BDK",
        "rating": "4.7",
        "totalReviews": "9357",
        "subtitle": "Olay",
        "isPrimeEligible": "1"
    },
    {
        "ASIN": "B0BQX6KK1M",
        "title": "Aveeno Calm+Restore Oat Gel Face Moisturizer, Sensitive Skin, 1.7 oz - Hypoallergenic, Fragrance & Paraben-Free (Pack of 2)",
        "price": "$25.95 ($7.63 / Ounce)",
        "listPrice": "",
        "imageUrl": "https://m.media-amazon.com/images/I/41QRkm7-gPL._SL160_.jpg",
        "detailPageURL": "https://www.amazon.com/dp/B0BQX6KK1M",
        "rating": "4.6",
        "totalReviews": "313",
        "subtitle": "Aveeno",
        "isPrimeEligible": "1"
    },
    {
        "ASIN": "B07GDT961B",
        "title": "Cetaphil DERMACONTROL Oil Absorbing Moisturizer with SPF 30, For Sensitive, Oily Skin, 4 fl oz, Absorbs Oil, Reduces Shine, Hydrates, Protects, No Added Fragrance",
        "price": "$13.55 ($3.39 / Fl Oz)",
        "listPrice": "$16.99 ($4.25 / Fl Oz)",
        "imageUrl": "https://m.media-amazon.com/images/I/31NapxOB8KL._SL160_.jpg",
        "detailPageURL": "https://www.amazon.com/dp/B07GDT961B",
        "rating": "4.5",
        "totalReviews": "13345",
        "subtitle": "Cetaphil",
        "isPrimeEligible": "1"
    },
    {
        "ASIN": "B07B6HQRYS",
        "title": "CLn\u00ae Facial Moisturizer - Soothes & Calms Skin, Helps Reduce Appearance of Redness, Locks in Moisture without Clogging Pores, Dermatologist & Clinically Tested, 3.4 oz.",
        "price": "$35.00 ($10.29 / Fl Oz)",
        "listPrice": "",
        "imageUrl": "https://m.media-amazon.com/images/I/21raQdVqaJL._SL160_.jpg",
        "detailPageURL": "https://www.amazon.com/dp/B07B6HQRYS",
        "rating": "4.5",
        "totalReviews": "265",
        "subtitle": "CLn",
        "isPrimeEligible": "1"
    },
    {
        "ASIN": "B008EPPPDK",
        "title": "Paula's Choice SKIN RECOVERY Replenishing Facial Moisturizer Cream with Hyaluronic Acid, Soothes Redness & Sensitive Skin Prone to Rosacea & Eczema, Paraben-Free & Fragrance-Free, 2 Fl Oz",
        "price": "$33.00 ($16.50 / Fl Oz)",
        "listPrice": "",
        "imageUrl": "https://m.media-amazon.com/images/I/41S38o0oTDL._SL160_.jpg",
        "detailPageURL": "https://www.amazon.com/dp/B008EPPPDK",
        "rating": "4.4",
        "totalReviews": "1155",
        "subtitle": "Paula's Choice",
        "isPrimeEligible": "1"
    },
    {
        "ASIN": "B00C8FVXQA",
        "title": "EltaMD AM Therapy Facial Moisturizer Lotion, Oil Free Face Moisturizer with Hyaluronic Acid, Hydrates and Moisturizes Skin, Lightweight Formula, Safe for Sensitive Skin, 1.7 oz Pump",
        "price": "$41.00 ($24.12 / Ounce)",
        "listPrice": "",
        "imageUrl": "https://m.media-amazon.com/images/I/31dD68M4bBL._SL160_.jpg",
        "detailPageURL": "https://www.amazon.com/dp/B00C8FVXQA",
        "rating": "4.7",
        "totalReviews": "5006",
        "subtitle": "",
        "isPrimeEligible": "1"
    },
    {
        "ASIN": "B07DJWZLQL",
        "title": "Neutrogena Hydro Boost Body Moisturizing Gel Cream with Hyaluronic Acid, Non-Greasy & Fast Absorbing, Lightweight Hydrating Body Lotion for Normal to Dry Skin, Paraben- & Dye-Free, 16 oz",
        "price": "$8.99 ($0.56 / Ounce)",
        "listPrice": "$15.19 ($0.95 / Ounce)",
        "imageUrl": "https://m.media-amazon.com/images/I/31pVpCu1QzL._SL160_.jpg",
        "detailPageURL": "https://www.amazon.com/dp/B07DJWZLQL",
        "rating": "4.7",
        "totalReviews": "7734",
        "subtitle": "Neutrogena",
        "isPrimeEligible": "1"
    },
    {
        "ASIN": "B09QBB8ZL4",
        "title": "TATCHA The Dewy Skin Cream | Rich Cream to Hydrate, Plump and Protect Dry and Combo Skin, 50 ml | 1.7 oz",
        "price": "$72.00 ($42.35 / Ounce)",
        "listPrice": "",
        "imageUrl": "https://m.media-amazon.com/images/I/31Axd4NxccL._SL160_.jpg",
        "detailPageURL": "https://www.amazon.com/dp/B09QBB8ZL4",
        "rating": "4.7",
        "totalReviews": "1759",
        "subtitle": "",
        "isPrimeEligible": "1"
    },
    {
        "ASIN": "B003156NH0",
        "title": "Neutrogena Healthy Defense Daily Moisturizer with SPF 50 and Vitamin E, Lightweight Face Lotion with SPF 50 Sunscreen and Antioxidants, Vitamin C & Vitamin E, 1.7 fl. oz (Pack of 2)",
        "price": "$56.50 ($16.62 / Fl Oz)",
        "listPrice": "",
        "imageUrl": "https://m.media-amazon.com/images/I/410qe8Cpw6L._SL160_.jpg",
        "detailPageURL": "https://www.amazon.com/dp/B003156NH0",
        "rating": "4.6",
        "totalReviews": "5114",
        "subtitle": "Neutrogena",
        "isPrimeEligible": "1"
    },
    {
        "ASIN": "B001LF4BDK",
        "title": "Face Moisturizer by Olay, Active Hydrating Beauty Fluid Lotion, Original Facial Moisturizer, 4 Oz. (Pack of 2) Packaging may Vary",
        "price": "$17.94 ($2.24 / Ounce)",
        "listPrice": "",
        "imageUrl": "https://m.media-amazon.com/images/I/41NwHfEWsiL._SL160_.jpg",
        "detailPageURL": "https://www.amazon.com/dp/B001LF4BDK",
        "rating": "4.7",
        "totalReviews": "9357",
        "subtitle": "Olay",
        "isPrimeEligible": "1"
    },
    {
        "ASIN": "B0BQX6KK1M",
        "title": "Aveeno Calm+Restore Oat Gel Face Moisturizer, Sensitive Skin, 1.7 oz - Hypoallergenic, Fragrance & Paraben-Free (Pack of 2)",
        "price": "$25.95 ($7.63 / Ounce)",
        "listPrice": "",
        "imageUrl": "https://m.media-amazon.com/images/I/41QRkm7-gPL._SL160_.jpg",
        "detailPageURL": "https://www.amazon.com/dp/B0BQX6KK1M",
        "rating": "4.6",
        "totalReviews": "313",
        "subtitle": "Aveeno",
        "isPrimeEligible": "1"
    },
    {
        "ASIN": "B085JRR7FR",
        "title": "belif The True Cream Moisturizing Bomb | Intensive Face Moisturizer for 26 Hour Hydration | Soothing & Nourishing Cream w/ Panthenol, Comfrey Leaf & Oat Extract | Cream for Dry, Sensitive Skin",
        "price": "$38.00 ($22.35 / Fl Oz)",
        "listPrice": "",
        "imageUrl": "https://m.media-amazon.com/images/I/41iqUWNiXdL._SL160_.jpg",
        "detailPageURL": "https://www.amazon.com/dp/B085JRR7FR",
        "rating": "4.7",
        "totalReviews": "2736",
        "subtitle": "",
        "isPrimeEligible": "1"
    }
]