ASIN,product_name,price,listPrice,detailPageURL,rating,totalReviews,product_company,isPrimeEligible,Category
B0C2NBW5LM," yopela 14 pack natural lip balm in bulk with vitamin e and coconut oil - moisturizing, soothing, and repairing dry and chapped lips - 14 flavors - non-gmo - with gift card",$5.59 ($0.40 / Count),,https://www.amazon.com/dp/B0C2NBW5LM,4.3,311.0,yopela,1.0,lipbalm
B0B43WPH44,"#ootd vegan hydrating korean face mask sheet pack gift set 30 count face masks skincare, brightening nourishing facial masks with collagen hyaluronic acid ceramide cica peptide vitamin c",$33.90 ($1.13 / Count),,https://www.amazon.com/dp/B0B43WPH44,4.5,381.0,#ootd,1.0,sheet mask
B083QCJPDD,beauty of joseon centella asiatica calming mask 10ea,$15.52 ($15.37 / Fl Oz),$25.00 ($24.75 / Fl Oz),https://www.amazon.com/dp/B083QCJPDD,4.5,135.0,beauty of joseon,1.0,sheet mask
B0B3R661JP,"beauty of joseon radiance cleansing balm (100ml, 3.38 fl.oz)",$17.10 ($5.06 / Ounce),$19.00 ($5.62 / Ounce),https://www.amazon.com/dp/B0B3R661JP,4.6,302.0,beauty of joseon,1.0,cleansing oil
B00OZ6W8DW,cosrx salicylic acid daily gentle cleanser 150milliliter / foam cleanser for blemish skin,$13.99 ($2.76 / Fl Oz),,https://www.amazon.com/dp/B00OZ6W8DW,4.6,1581.0,cosrx,1.0,cleanser
B09ZB7GDJL,"haruharu wonder black rice bakuchiol eye cream 0.67 fl.oz / 20ml | anti-aging, wrinkle care, natural retinol alternative | cruelty free, ewg-green",$8.99 ($12.84 / Fl Oz),$15.00 ($21.43 / Fl Oz),https://www.amazon.com/dp/B09ZB7GDJL,4.4,506.0,haruharu,1.0,eye cream
B08BNFVPH9,"heimish all clean balm 1.7 fl.oz/50ml | natural facial cleansing balm with aroma oils | double cleanse for sensitive skin, travel size",$11.00 ($3.18 / Ounce),,https://www.amazon.com/dp/B08BNFVPH9,4.5,821.0,heimish,1.0,cleansing balm
B085FSZ672,"heimish marine care eye cream 1.01fl.oz/30ml | nourishing and hydrating eye cream with marine collagen, adenosine, and peptides for brighter, firmer under-eye area | korean skincare",$13.00 ($12.87 / Fl Oz),$26.00 ($25.74 / Fl Oz),https://www.amazon.com/dp/B085FSZ672,4.5,317.0,heimish,1.0,eye cream
B08K339WMJ,"i'm from miniatures of rice toner, mugwort essence, fig boosting essence (mugwort)",$12.00 ($11.88 / Fl Oz),,https://www.amazon.com/dp/B08K339WMJ,4.4,1025.0,i'm from miniatures of,1.0,essence
B07FP453RC,"i'm from mugwort essence 5.4 fl oz | 100% vegan mugwort extract - soothe sensitive and irritated skin, redness relief, refreshing, hydrating toner | all skin types, peta approved",$28.57 ($5.25 / Fl Oz),,https://www.amazon.com/dp/B07FP453RC,4.6,996.0,i'm from,1.0,essence
B0CG6Q2LRH,"set coringco sparkle cute color changing lip balm｜ colored lip cream lip gloss, glitter lip care lip pack birthday gift glitter gift sequin shiny spangle lipbalm (#05 rose red)",$14.99 ($170.34 / Ounce),,https://www.amazon.com/dp/B0CG6Q2LRH,,,coringco,1.0,lipbalm
B09QKM7JWV,skin&lab porebarrier face cleansing balm | vegan makeup remover for waterproof makeup | balm to oil to milk | gentle for eyelash extensions | made in korea | 3.38 fl oz,$20.00 ($5.92 / Ounce),,https://www.amazon.com/dp/B09QKM7JWV,4.5,181.0,skin & lab skin science solution,1.0,cleansing balm
B08DTC2L3G,"varuza k-beauty real natural sheet mask with blue ampoule with unbleached & non-fluorescent sheet ewg verified non-gmo cruelty free no artificial fragrance firming even skin tone made in korea (5 pack, blue ampoule)",$9.88 ($1.98 / Count),,https://www.amazon.com/dp/B08DTC2L3G,4.4,137.0,varuza,1.0,sheet mask
B01LZHBL2W,"【orangeroses】 13 pcs combo vital ampoule sheet mask, korean facial skincare sheet | simple & effective skincare routine | moisturization | wrinkle care | brightening (new upgraded mask)",$7.95 ($0.61 / Count),,https://www.amazon.com/dp/B01LZHBL2W,4.5,758.0,obs lab,1.0,sheet mask
B07QPRXH2G,"+wis+ hyaluronic acid essence 24 sheet mask，with aloe vera, vitamin b5, deep hydration and moisturizing anti aging facial mask，beauty mask for all skin care type",$28.99 ($1.21 / Count),$32.99 ($1.37 / Count),https://www.amazon.com/dp/B07QPRXH2G,4.5,1187.0,+wis+,1.0,sheet mask
B001189I3A,"100% pure coffee bean caffeine eye cream refresh & hydrate under eye treatment reduce puffiness, dark circles, wrinkles with green tea, rose hip, vitamin e - youthful vibrant eyes - vegan - 1 oz",$29.00,,https://www.amazon.com/dp/B001189I3A,4.0,4991.0,100% pure,1.0,eye cream
B0BR5WC6VJ,"100g makeup remover, avocado makup cleansing balm with digging spoon, makeup cleansing balm for home travel and beauty salon use",$9.02 ($9.02 / Count),,https://www.amazon.com/dp/B0BR5WC6VJ,4.1,68.0,sonew,1.0,cleansing balm
B07LGT7P9D,"16 packs steam eye mask for dry eye relief, hot auto heated eye masks soothing headaches, warm eye compress mask for dry eyes, eye compress moist heat relieve eye fatigue, stress, and migraine",$16.99 ($1.06 / Count),$19.99 ($1.25 / Count),https://www.amazon.com/dp/B07LGT7P9D,4.4,4627.0,prociv,1.0,eye mask
B0CB61G1SL,"2 pack green tea cleansing mask stick, poreless deep cleanse green tea mask for blackhead remover and skin care, monte luna purifying clay stick mask.",$9.99 ($3.54 / Ounce),,https://www.amazon.com/dp/B0CB61G1SL,4.8,27.0,bablabear,1.0,clay mask
B0C9R2WNPS,"2 pcs orange exfoliating gel, face and body exfoliating scrub gel, deep cleansing moisturizing facial exfoliator.",$13.99 ($7.00 / Ounce),,https://www.amazon.com/dp/B0C9R2WNPS,3.8,6.0,jiskg,1.0,exfoliator
B09P8G5KH7,"2022 model anessa perfect uv skin care gel n sunscreen / uv fruity floral scent, main unit 3.1 oz (90 g)",$30.32 ($9.78 / Fl Oz),$31.99 ($10.32 / Fl Oz),https://www.amazon.com/dp/B09P8G5KH7,4.5,685.0,anessa,1.0,sunscreen
B0BG8GP49T,"24k gold eye masks for dark circles and puffiness 70pcs, under eye patches gel pads for puffy eyes treatment w/collagen, caffeine, peptides for eye bags treatment, gel eye mask skincare",$9.99 ($0.14 / Count),,https://www.amazon.com/dp/B0BG8GP49T,4.2,747.0,treondexir,1.0,eye mask
B08SHHLS4H,"2pcs gel eye mask, reusable hot cold therapy eye mask for puffiness /dark circles/eye bags /dry eyes/headaches/migraines/stress relief, cooling and compress eye mask (blue)",$12.99 ($12.99 / Count),,https://www.amazon.com/dp/B08SHHLS4H,4.4,1533.0,consgiji,1.0,eye mask
B0C65TFRQC,"30 pack lip balm, natural lip balm bulk, lip care product, moisturizing lip balm for dry cracked lips",$8.99 ($0.30 / Count),$11.99 ($0.40 / Count),https://www.amazon.com/dp/B0C65TFRQC,4.4,404.0,azen,1.0,lipbalm
B09B7Y8R6F,360feel peppermint detox bath salt body scrub - great exfoliating body scrub for acne scars stretch marks foot scrub great for women body - 8 fl oz,$3.50 ($0.44 / Fl Oz),$4.46 ($0.56 / Fl Oz),https://www.amazon.com/dp/B09B7Y8R6F,3.9,42.0,360feel,1.0,body scrub
B09734TG8N,"3-pack face serums set - vitamin c serum for face, hyaluronic acid serum for face, retinol serum for face - facial serum care set anti aging face serum for women, serums for skin care",$24.99 ($24.99 / Fl Oz),$28.99 ($28.99 / Fl Oz),https://www.amazon.com/dp/B09734TG8N,4.3,8960.0,eclat skincare,1.0,serum
B0BM3BX9G4,"3pcs bee balm lip balm honey pot,propolis moisturizing honey lip mask lip balm,honey propolis lip mask moisturizing moisture nourishing dry & chapped lips,lip exfoliating bee balm.",$8.99 ($0.21 / Ounce),,https://www.amazon.com/dp/B0BM3BX9G4,4.4,50.0,oukpane,1.0,lipbalm
B0B538QDNY,"4 pcs clay mask set, turmeric vitamin c clay mask, green tea mask, dead sea mud mask, rose clay mask, skin care face mask clay facial mask for deep cleansing, moisturizing and refining pores 240g",$20.99 ($1.86 / Ounce),,https://www.amazon.com/dp/B0B538QDNY,4.5,934.0,shvyog,1.0,clay mask
B09VQ6JLGR,"47 skin hydrating face serum for clearing acne and scars, anti-blemish & scar repair serum skincare treatment with silver chitoderm smooth skin moisturiser serum for all skin types 1oz",$44.99,,https://www.amazon.com/dp/B09VQ6JLGR,4.1,118.0,47 skin,1.0,serum
B0BRSNKVW5,"5 pcs face mask skin care set for deep pore cleansing turmeric vitamin c clay mask, dead sea mud mask, rose clay mask for face masks skincare personal skin care products gifts headbands for women",$14.99 ($2.02 / Ounce),,https://www.amazon.com/dp/B0BRSNKVW5,4.2,70.0,lucotiya,1.0,clay mask
B073Z7525P,"8-pack lip balm gift set by naturistick. assorted flavors. 100% natural ingredients. best beeswax chapsticks for dry, chapped lips. made in usa for men, women and children",$9.99 ($1.25 / Count),$19.99 ($2.50 / Count),https://www.amazon.com/dp/B073Z7525P,4.7,21518.0,naturistick,1.0,lipbalm
B097HYFCN5,"accumed bnx n95 mask black niosh certified made in usa particulate respirator protective face mask (20-pack, approval number tc-84a-9315 / model h95b) black",$23.99 ($1.20 / Count),,https://www.amazon.com/dp/B097HYFCN5,4.3,22293.0,accumed bnx n95 mask,1.0,face mask
B0B8SMVN44,act+acre cold processed apple stem cell scalp serum - promotes growth and lessens hair loss - soothes and hydrates the scalp - sulphate and paraben free - aloe vera for improved scalp health.,$86.00 ($39.09 / Fl Oz),,https://www.amazon.com/dp/B0B8SMVN44,4.1,172.0,act+ acre,1.0,serum
B082YGKB59,acure brightening body scrub | 100% vegan | for a brighter appearance | sea salt & niacinamide (vitamin b3) | brightens & rejuvenates | all skin types | 6 fl oz,$15.75 ($2.62 / Fl Oz),$17.99 ($3.00 / Fl Oz),https://www.amazon.com/dp/B082YGKB59,4.4,114.0,acure,0.0,body scrub
B003Z4QHP0,"acure brightening day cream set - radiant skin day cream with cica & argan oil - moisturizes, evens tone - 100% vegan formula - all skin types - soothing & nourishing ingredients - 1.7 fl oz",$15.57 ($9.16 / Fl Oz),$19.99 ($11.76 / Fl Oz),https://www.amazon.com/dp/B003Z4QHP0,4.4,2849.0,acure,1.0,moisturizer
B003Z4OD24,"acure brightening facial scrub - 4 fl oz - all skin types, sea kelp & french green clay - softens, detoxifies and cleanses",$6.62 ($1.66 / Fl Oz),$9.99 ($2.50 / Fl Oz),https://www.amazon.com/dp/B003Z4OD24,4.6,24232.0,acure,1.0,exfoliator
B082G1SBGX,"acure resurfacing glycolic + true unicorn root cleanser, 100% vegan, amethyst, lactic, resurface, refine & hydrates, all skin types, rose, 4 fl oz",$13.28 ($3.32 / Fl Oz),,https://www.amazon.com/dp/B082G1SBGX,4.7,664.0,acure,0.0,cleanser
B082G1XYRB,"acure ultra hydrating green juice cleanser | 100% vegan | intense moisture for super thirsty skin | supergreens & adaptogens - purifies, deep cleanses & refreshes | 4fl oz",$13.27 ($3.32 / Fl Oz),$13.99 ($3.50 / Fl Oz),https://www.amazon.com/dp/B082G1XYRB,4.5,333.0,acure,0.0,cleanser
B083BDVS36,"adofect 31 pair under eye patches -reduce eye bags -24k gold eye mask collagen under eye gel pads for puffiness and dark circle, wrinkle, revitalize and refresh your skin",$8.99 ($0.29 / Count),$15.99 ($0.52 / Count),https://www.amazon.com/dp/B083BDVS36,4.5,3853.0,adofect,1.0,eye mask
B0CFB66L21,"advanced snail mucin 96% power repairing essence, snail mucin serum, hydrating serum for face with snail secretion filtrate for dull and damaged skin, anti-aging & discoloration correcting 100 ml",$14.99 ($4.41 / Fl Oz),,https://www.amazon.com/dp/B0CFB66L21,5.0,15.0,cosingkin,1.0,serum
B09YDCCJBJ,"aestura atobarrier365 cream with ceramide, korean skin barrier repair moisturizer, 100-hour lasting hydration for dry & sensitive skin, cruelty free, hypoallergenic, korean skin care, 2.7 fl oz",$31.99 ($11.80 / Fl Oz),,https://www.amazon.com/dp/B09YDCCJBJ,4.6,444.0,aestura,1.0,moisturizer
B08P5YL69Q,"ahc aesthetic hydration cosmetics facial moisturizer essential eye cream for face antiaging hydrating korean skincare oz, 0.33 ounce",$3.99 ($12.09 / Ounce),$5.59 ($16.94 / Ounce),https://www.amazon.com/dp/B08P5YL69Q,4.4,997.0,ahc,1.0,eye cream
B07VJ539YP,ahc natural perfection double shield sun stick 22g spf50+ pa++++,$8.00 ($8.00 / Count),$16.39 ($16.39 / Count),https://www.amazon.com/dp/B07VJ539YP,4.5,2517.0,ahc,1.0,sunscreen
B07L9C3W23,"alastin restorative eye treatment, 0.5 fl oz",$88.00 ($176.00 / Fl Oz),,https://www.amazon.com/dp/B07L9C3W23,4.6,155.0,alastin,1.0,eye cream
B003O3YXDK,"alba botanica acnedote maximum strength face & body scrub, 8 oz",$6.18 ($0.77 / Ounce),$8.99 ($1.12 / Ounce),https://www.amazon.com/dp/B003O3YXDK,4.6,4185.0,alba botanica,1.0,face scrub
B001ET7BPS,"alba botanica hawaiian, aloe & green tea oil-free moisturizer, 3 ounce (pack of 2)",$24.80 ($4.13 / Ounce),$35.90 ($5.98 / Ounce),https://www.amazon.com/dp/B001ET7BPS,4.7,845.0,alba botanica,1.0,moisturizer
B00UTLTC1S,"alba botanica sunscreen for face and body, fragrance-free sunscreen spray for sensitive skin, broad spectrum spf 50, water resistant, 5 fl. oz. bottle",$10.48 ($2.10 / Fl Oz),$13.99 ($2.80 / Fl Oz),https://www.amazon.com/dp/B00UTLTC1S,4.3,2815.0,alba botanica,1.0,sunscreen
B0BHBNSYF1,"alba botanica sunscreen for face and body, hawaiian coconut sunscreen spray, broad spectrum spf 50 sunscreen, water resistant and biodegradable, 6 fl. oz. bottle (pack of 2)",$20.96 ($1.75 / Ounce),,https://www.amazon.com/dp/B0BHBNSYF1,3.5,512.0,alba botanica,1.0,sunscreen
B0B1SS38ZP,"albolene cleansing balm, hydrating makeup remover and face wash with shea butter and jojoba oil, 6 fl oz, packaging may vary",$9.99 ($1.66 / Ounce),$14.99 ($2.50 / Ounce),https://www.amazon.com/dp/B0B1SS38ZP,4.1,1193.0,albolene,1.0,cleansing balm
B015AMFK2K,"albolene face moisturizer and makeup remover, facial cleanser and cleansing balm, fragrance free cream, 12 oz",$9.74 ($0.81 / Ounce),$12.69 ($1.06 / Ounce),https://www.amazon.com/dp/B015AMFK2K,4.6,19824.0,albolene,1.0,cleansing balm
B08D6ZPWG8,allsense unisex premium quality protective durable reusable breathable comfortable fashion face scarf mask covering cotton navy 1pk,$6.99,,https://www.amazon.com/dp/B08D6ZPWG8,4.3,77.0,allsense,1.0,face mask
B0CGV5M59K,alpha-h | melting moment cleansing balm,$50.00 ($15.77 / Ounce),,https://www.amazon.com/dp/B0CGV5M59K,,,alpha-h | melting moment,1.0,cleansing balm
B07SY2XJZ3,"amazon basics apricot scrub facial cleanser, 6 ounce (previously solimo)",$3.12 ($0.52 / Ounce),,https://www.amazon.com/dp/B07SY2XJZ3,4.4,6696.0,amazon basics,1.0,face scrub
B0BTX3JT84,"amazon basics deep cleansing exfoliating scrub, 5 ounces, 1-pack",$5.21 ($1.04 / Ounce),,https://www.amazon.com/dp/B0BTX3JT84,4.3,13.0,amazon basics,1.0,exfoliator
B0BV2PSH3M,"amazon basics retinol eye cream, fragrance free, 0.5 ounces, 1-pack",$11.08 ($22.16 / Ounce),$12.93 ($25.86 / Ounce),https://www.amazon.com/dp/B0BV2PSH3M,5.0,10.0,amazon basics,1.0,eye cream
B07WGV6Q45,"amazon brand - solimo sport sunscreen lotion, spf 50, reef friendly (octinoxate & oxybenzone free), broad spectrum uva/uvb protection, 8 fluid ounce",$5.38 ($0.67 / Fl Oz),,https://www.amazon.com/dp/B07WGV6Q45,4.5,6729.0,solimo,1.0,sunscreen
B086ZMN1N3,"amazon essentials reusable face cover, black (pack of 3)",$7.90,$9.14,https://www.amazon.com/dp/B086ZMN1N3,4.2,7882.0,amazon essentials,1.0,face mask
B0BXTSC8YN,"amvital turmeric body scrub - handmade natural scrub for body, face, hand, and foot - natural skincare body scrub for women - suitable for all skin types (7.8oz)",$8.98 ($8.98 / Count),$9.98 ($9.98 / Count),https://www.amazon.com/dp/B0BXTSC8YN,4.1,73.0,amvital,1.0,body scrub
B07VVFTK71,"anai rui green tea mask, clay mask for poreless deep cleanse, green tea face mask blackhead remover with kaolin, aloe, collagen, pore minimizer, hydrating, moisturizing 4.05oz",$9.59 ($2.40 / Ounce),$15.99 ($4.00 / Ounce),https://www.amazon.com/dp/B07VVFTK71,4.3,188.0,anai rui,1.0,clay mask
B086V843R8,"anai rui turmeric clay mask - green tea and dead sea minerals, spa facial mask set for pore treatment/smooth/clarify, indoor use, 2.5 oz each",$16.78,$29.99,https://www.amazon.com/dp/B086V843R8,4.5,4931.0,anairui,1.0,clay mask
B07VVJ841X,"anai rui turmeric vitamin c face mask, clay facial mask with vitamin c e and aloe, skin care for acne & dark spots, smooth & refine pores, 4.23 oz…",$13.99 ($3.45 / Ounce),$17.99 ($4.44 / Ounce),https://www.amazon.com/dp/B07VVJ841X,4.3,5965.0,anai rui,1.0,clay mask
B09791CYKX,"anairui eggplant kale purifying clay facial mask, sensitive soothing, nourishing, cleansing mud mask for pores, blackhead, oily skin, vegan-based detox spa mask, 4.23 oz / 120g",$9.99 ($2.38 / Ounce),,https://www.amazon.com/dp/B09791CYKX,4.3,90.0,anai rui,1.0,clay mask
B097GYNZPP,"anairui turmeric vitamin c clay mask for dark spots, vitamin c clay facial mask for blackheads, pores, wrinkles, fine lines, hydrating, clarifying, cleansing, 4.23 oz",$15.99 ($3.78 / Fl Oz),,https://www.amazon.com/dp/B097GYNZPP,4.3,825.0,anai rui,1.0,clay mask
B08P4SYXK5,"andalou naturals age defying plant-based retinol alternative eye balm, 0.45 oz",$11.99 ($26.64 / Ounce),$17.99 ($39.98 / Ounce),https://www.amazon.com/dp/B08P4SYXK5,4.4,1209.0,andalou naturals,0.0,eye cream
B09L3XFG65,"andalou naturals deep hydration cleansing balm, 3 oz",$11.76 ($3.92 / Ounce),$17.54 ($5.85 / Ounce),https://www.amazon.com/dp/B09L3XFG65,,,andalou naturals,0.0,cleansing balm
B09327Z9DB,"andalou naturals deep hydration reviving eye cream, 0.45 oz",$17.40 ($38.67 / Ounce),$19.99 ($44.42 / Ounce),https://www.amazon.com/dp/B09327Z9DB,4.2,233.0,andalou naturals,1.0,eye cream
B07BJJ5S14,anessa perfect uv sunscreen skin care milk spf50+/pa++++ 60ml,$30.00 ($15.00 / Fl Oz),,https://www.amazon.com/dp/B07BJJ5S14,4.3,249.0,anessa,1.0,sunscreen
B083NJPGPN,"angie watts face. deep cleansing oil, 4oz - all natural and organic ingredients | 100% vegan | soap-free | with organic hempseed and tamanu oil",$30.00 ($30.00 / Count),,https://www.amazon.com/dp/B083NJPGPN,4.6,15.0,angie watts,1.0,cleansing oil
B0CFQC3T2Z,"anti-wrinkle essence series, 84% cono peptide essence, pure plant extract facial serum essence, skin deep moisturizing face essence, high hydrating anti-aging essence, 30ml (3 bottles)",$10.49 ($10.49 / Fl Oz),,https://www.amazon.com/dp/B0CFQC3T2Z,,,beaske,0.0,essence
B0BN2PX8V3,"anua heartleaf pore control cleansing oil korean facial cleanser, daily makeup blackheads removal 6.7 fl oz(200ml)",$17.90 ($2.67 / Fl Oz),,https://www.amazon.com/dp/B0BN2PX8V3,4.5,506.0,anua,1.0,cleanser
B00J2Q5MSS,a'pieu pure block daily sunscreen cream spf50/pa++++ 50ml | korean sunscreen for daily use,$14.95 ($8.85 / Fl Oz),,https://www.amazon.com/dp/B00J2Q5MSS,4.4,3810.0,a'pieu,1.0,sunscreen
B0C2PHB3X1,"aplb glutathione niacinamide mist essence | lipo gluta niac cen™ 22.6% 3.55 fl.oz/korean skincare, repenlishing moisture, revitalize for gentle and improve skin texture through niacinamide",$11.90 ($3.35 / Fl Oz),,https://www.amazon.com/dp/B0C2PHB3X1,4.7,24.0,aplb,1.0,essence
B0BG21WM6R,"aprilskin carrotene ipmp™ hydromelt cleansing balm| vegan, cruelty-free | non-comedogenic, acne-friendly, moisturizing finish | 3.04 fl.oz. (spatula included)",$32.00 ($10.53 / Fl Oz),,https://www.amazon.com/dp/B0BG21WM6R,4.2,93.0,aprilskin,1.0,cleansing balm
B06XDCPYYL,"aquaphor lip repair - soothe dry, chapped lips - two .35 oz. tubes",$8.39 ($11.99 / Fl Oz),,https://www.amazon.com/dp/B06XDCPYYL,4.8,4256.0,aquaphor,1.0,lipbalm
B008SQSBJK,"aquaphor lip repair lip balm with sunscreen, lip protectant, lip balm spf 30, 0.35 oz tube",$4.79,,https://www.amazon.com/dp/B008SQSBJK,4.6,13546.0,aquaphor,1.0,lipbalm
B004FHZKOA,aquaphor lip repair ointment - long-lasting moisture to soothe dry chapped lips - .35 fl. oz. tube,$4.19 ($11.97 / Fl Oz),$4.79 ($13.69 / Fl Oz),https://www.amazon.com/dp/B004FHZKOA,4.7,39332.0,aquaphor,1.0,lipbalm
B07SRRLVQ1,"aquaphor lip repair stick, lip protectant, moisturizing lip balm multipack, 2 count (pack of 1)",$8.36,,https://www.amazon.com/dp/B07SRRLVQ1,4.6,18209.0,aquaphor,1.0,lipbalm
B07LBL172C,"aroma season professional heated eye mask with graphene fir, relieve dry eye syndrome, chalazion, stye, mgd and blepharitis, steam warm moist compress to unclog glands (blue)",$28.99,$38.99,https://www.amazon.com/dp/B07LBL172C,4.3,6571.0,aroma season,1.0,eye mask
B08FSTBRVG,aromatica orange cleansing sherbet 150g - makeup removing balm - melts away stubborn impurities,$28.04 ($5.29 / Ounce),$29.95 ($5.65 / Ounce),https://www.amazon.com/dp/B08FSTBRVG,4.5,976.0,aromatica,1.0,cleansing balm
B076CXKV72,"aromatica tea tree balancing foaming cleanser 6.35oz / 180g, vegan, ewg verified, packaging may vary",$15.88 ($2.50 / ounce),,https://www.amazon.com/dp/B076CXKV72,4.5,976.0,aromatica,1.0,cleanser
B0BZC852XS,aromatica tea tree pore purifying clay mask 2% niacineamide + 45% clay - deep cleansing mask for pore-purifying - vegan & cruelty-free - natural ingredients with food grade tea tree oil,$30.00 ($7.14 / Ounce),,https://www.amazon.com/dp/B0BZC852XS,4.5,976.0,aromatica,1.0,clay mask
B072J6Q91G,aromine rhassoul clay powder 16oz moroccan ghassoul clay mask,$19.95 ($1.25 / Ounce),,https://www.amazon.com/dp/B072J6Q91G,4.7,1287.0,aromine,1.0,clay mask
B012Q4M3DO,"artnaturals anti-aging vitamin c serum - (1 fl oz / 30ml) - with hyaluronic acid and vit e - wrinkle repairs dark circles, fades age spots and sun damage - enhanced 20% vitamin c",$12.99,$19.99,https://www.amazon.com/dp/B012Q4M3DO,4.4,7982.0,artnaturals,1.0,serum
B01B5G45R6,artnaturals anti-aging-set with vitamin-c retinol and hyaluronic-acid - serum for anti wrinkle and dark circle remover – all natural and moisturizing (3 x 1 fl oz / 30ml) (anaa-0101),$24.95 ($8.32 / Fl Oz),$30.95 ($10.32 / Fl Oz),https://www.amazon.com/dp/B01B5G45R6,4.5,8514.0,artnaturals,1.0,serum
B0BXBJD93F,asmr cleansing oil,$0.99,,https://www.amazon.com/dp/B0BXBJD93F,,,asmr cleansing oil,0.0,cleansing oil
B01I7BJD9C,"asterwood pure hyaluronic acid serum for face; plumping anti-aging face serum, hydrating facial skin care product, fragrance free, pairs well with vitamin c serum & retinol serum, 29ml/1 oz",$13.99,,https://www.amazon.com/dp/B01I7BJD9C,4.5,23944.0,asterwood naturals,1.0,serum
B016WX7XV2,"asutra dead sea salt body scrub exfoliator (vitamin c), new bigger 16 oz size | ultra hydrating, gentle, & moisturizing | coconut, sweet orange, grapefruit, and lemon oils | includes wooden spoon | great gifts for women & men",$21.99 ($1.37 / Ounce),,https://www.amazon.com/dp/B016WX7XV2,4.4,3358.0,asutra,1.0,body scrub
B07YZQTKDJ,"australian gold botanical spf 50 tinted sunscreen for face, non-chemical bb cream & mineral sunscreen, water-resistant, matte finish, for sensitive facial skin, fair to light skin tones, 3 fl oz",$18.95 ($6.32 / Ounce),$25.00 ($8.33 / Ounce),https://www.amazon.com/dp/B07YZQTKDJ,4.4,15761.0,australian gold,1.0,sunscreen
B07YZQYBVN,"australian gold continuous spray sunscreen with instant bronzer spf 15, immediate glow & dries fast, broad spectrum, water resistant, non-greasy, oxybenzone free, cruelty free, 6 ounce",$8.77 ($1.46 / Fl Oz),,https://www.amazon.com/dp/B07YZQYBVN,4.7,12037.0,australian gold,1.0,sunscreen
B095V2G74J,"avatara drink up sheet masks for face for dry, dull skin, facial skincare and beauty essential with hydrating aloe to moisturize skin and restore glow, suitable for women and men (5 sheets per set)",$12.00 ($2.40 / Count),,https://www.amazon.com/dp/B095V2G74J,4.7,272.0,avatara,1.0,sheet mask
B0C9LKBDGH,"aveeno calm + restore daily moisturizer mineral sunscreen with broad spectrum spf 30, lightweight all day moisture + uva/uvb sun protection for sensitive skin, fragrance free, 1.7 fl. oz",$19.67 ($11.57 / Fl Oz),,https://www.amazon.com/dp/B0C9LKBDGH,4.0,22.0,aveeno,1.0,sunscreen
B0B2HTX6JF,"aveeno calm + restore nourishing oat facial cleanser for sensitive skin, gentle face wash with nourishing oat & calming feverfew, hypoallergenic, fragrance-free, refill pouch, 16 fl. oz",$15.99 ($1.00 / Fl Oz),$20.69 ($1.29 / Fl Oz),https://www.amazon.com/dp/B0B2HTX6JF,4.8,204.0,aveeno,1.0,cleanser
B0B8666NWQ,"aveeno calm + restore nourishing pha facial exfoliator daily for sensitive skin, fragrance-free & non-abrasive oat formula to gently exfoliate & cleanse skin, hypoallergenic, 4 fl. oz",$10.67 ($2.67 / Ounce),$14.29 ($3.57 / Ounce),https://www.amazon.com/dp/B0B8666NWQ,4.5,10666.0,aveeno,1.0,exfoliator
B08D9MVRXT,"aveeno calm + restore triple oat hydrating face serum for sensitive skin, gentle and lightweight facial serum to smooth and fortify skin, hypoallergenic, fragrance- and paraben-free, 1 fl. oz",$13.66,$27.09,https://www.amazon.com/dp/B08D9MVRXT,4.5,10666.0,aveeno,1.0,serum
B0BQX6KK1M,"aveeno calm+restore oat gel face moisturizer, sensitive skin, 1.7 oz - hypoallergenic, fragrance & paraben-free (pack of 2)",$25.95 ($7.63 / Ounce),,https://www.amazon.com/dp/B0BQX6KK1M,4.6,313.0,aveeno,1.0,moisturizer
B07H9DNGP8,"aveeno positively radiant brightening daily scrub, 7 ounce",$8.73 ($1.25 / Fl Oz),$12.89 ($1.84 / Fl Oz),https://www.amazon.com/dp/B07H9DNGP8,4.7,2104.0,aveeno,1.0,face scrub
B07HS3RCR8,"aveeno positively radiant skin brightening exfoliating daily facial scrub ,2.0 oz",$3.06 ($1.53 / Ounce),$4.79 ($2.40 / Ounce),https://www.amazon.com/dp/B07HS3RCR8,4.5,1428.0,aveeno,1.0,face scrub
B0000632EN,"aveeno positively radiant skin brightening exfoliating daily facial scrub, moisture-rich soy extract, helps improve skin tone & texture, oil-& soap-free, hypoallergenic, 5 oz",$8.17 ($1.63 / Ounce),,https://www.amazon.com/dp/B0000632EN,4.6,35158.0,aveeno,1.0,exfoliator
B08K9HFC31,"aveeno protect + hydrate moisturizing body sunscreen lotion with broad spectrum spf 60 & prebiotic oat, weightless & refreshing feel, paraben-free, oil-free, oxybenzone-free, 3.0 fl. oz",$8.99 ($3.00 / Fl Oz),$10.89 ($3.63 / Fl Oz),https://www.amazon.com/dp/B08K9HFC31,4.5,6373.0,aveeno,1.0,sunscreen
B08L8C6XCY,"aveeno protect + hydrate moisturizing face sunscreen lotion with broad spectrum spf 60 & prebiotic oat, weightless & refreshing feel, paraben-free, oil-free, oxybenzone-free, 2.0 ounces",$8.99 ($4.50 / Fl Oz),$10.89 ($5.44 / Fl Oz),https://www.amazon.com/dp/B08L8C6XCY,4.5,4824.0,aveeno,1.0,sunscreen
B0BJ19LLWJ,"aveeno stress relief body scrub, exfoliating body wash for softer, smoother skin, formulated with prebiotic oat & lavender scent to calm & relax, sulfate-free & soap-free, 8 fl. oz",$7.99 ($1.00 / Ounce),,https://www.amazon.com/dp/B0BJ19LLWJ,4.7,105.0,aveeno,1.0,exfoliator
B0BJ187C25,"aveeno tone + texture renewing body scrub, exfoliating body wash to reveal smoother skin and a more even skin tone, prebiotic oat formula for sensitive skin, fragrance-free, 8 oz",$7.99 ($1.00 / Ounce),,https://www.amazon.com/dp/B0BJ187C25,4.4,298.0,aveeno,1.0,body scrub
B07NWXJYVK,"awake human natural face moisturizer for sensitive skin, gentle face cream, face and neck lotion, daily facial moisturizer for dry skin, no added fragrance",$19.99 ($11.76 / Ounce),,https://www.amazon.com/dp/B07NWXJYVK,4.4,2676.0,awake human,1.0,moisturizer
B09TPPZ11J,"award winning under eye mask (blue, 24 pairs) reduce dark circles, puffy eyes, undereye bags, wrinkles - gel under eye patches, vegan cruelty-free self care by grace and stella",$17.99 ($0.75 / Count),,https://www.amazon.com/dp/B09TPPZ11J,4.3,1057.0,grace & stella,1.0,eye mask
B01DZ7C502,"award winning under eye mask (pink, 24 pairs) reduce dark circles, puffy eyes, undereye bags, wrinkles - gel under eye patches, vegan cruelty-free self care by grace and stella",$21.99 ($0.92 / Count),$30.95 ($1.29 / Count),https://www.amazon.com/dp/B01DZ7C502,4.4,15253.0,grace & stella,1.0,eye mask
B0912BD42B,"axis-y mugwort pore clarifying wash off pack | exfoliating | pore reduction | acne, blackhead, oily skin care | clay/mud mask | korean skincare | 100ml / 3.38 fl. oz.",$16.81 ($16.64 / Fl Oz),$22.00 ($21.78 / Fl Oz),https://www.amazon.com/dp/B0912BD42B,4.3,28.0,axis-y,1.0,clay mask
B0BWRFRHJM,"azen 24 pack lip balm, natural lip balm bulk, lip care product, moisturizing lip balm for dry cracked lips",$8.09 ($0.34 / Count),$11.99 ($0.50 / Count),https://www.amazon.com/dp/B0BWRFRHJM,4.4,431.0,azen,1.0,lipbalm
B07YX69NCG,"aztec premium, indian healing clay 2 lb, deep pore cleansing face & body mask powder, sterilized without radiation, chemicals or preservatives, 100% natural & organic calcium bentonite clay, 32 ounce",$10.58 ($0.33 / Ounce),$15.99 ($0.50 / Ounce),https://www.amazon.com/dp/B07YX69NCG,4.5,2456.0,aztec premium,1.0,clay mask
B00S7ZPB8Q,aztec secret – indian healing clay 1 lb – deep pore cleansing facial & body mask – the original 100% natural calcium bentonite clay – new version 2,$14.95 ($0.93 / Ounce),$16.95 ($1.06 / Ounce),https://www.amazon.com/dp/B00S7ZPB8Q,4.6,27959.0,aztec secret,1.0,clay mask
B07P6SV6W1,"aztec secret - version 1 clay - 1 lb., 2.6 x 0.4 x 1.1 inch",$11.55 ($0.72 / Ounce),,https://www.amazon.com/dp/B07P6SV6W1,4.6,27878.0,aztec secret,1.0,clay mask
B0982G5RR1,"aztec secret 1lb, original indian healing clay with a face mask mixing bowl set, includes bentonite clay powder, spatula, brush, measuring spoons, and more",$22.99 ($22.99 / Count),,https://www.amazon.com/dp/B0982G5RR1,4.6,956.0,aztec clay,1.0,clay mask
B07GVQGHQY,"aztec secret aztec clay premium mask set by etana beauty – all-in-one kit includes 1lb indian healing clay, 16oz bragg's apple cider vinegar, natural bamboo bowl, stir, scoop, brush & tote",$29.95,,https://www.amazon.com/dp/B07GVQGHQY,4.6,5541.0,aztec secret,1.0,clay mask
B0BR3SSHKJ,b_lab cica barrier 5.5 cleansing oil balm 100ml,$9.99 ($9.99 / Fl Oz),,https://www.amazon.com/dp/B0BR3SSHKJ,4.3,28.0,b_lab,1.0,cleansing oil
B098JLJTDJ,b_lab matcha hydrating foam cleanser 120ml,$9.00 ($2.20 / Fl Oz),,https://www.amazon.com/dp/B098JLJTDJ,4.4,644.0,b_lab,1.0,cleanser
B01ALT5MKW,babo botanicals sheer zinc continuous sunscreen spray spf30 - natural zinc oxide - extra sensitive skin - water resistant - vegan - fragrance-free - air-powered spray - for all ages,$19.83 ($3.30 / Fl Oz),$22.00 ($3.67 / Fl Oz),https://www.amazon.com/dp/B01ALT5MKW,4.3,4823.0,babo botanicals sheer zinc,1.0,sunscreen
B0BPSH5T4D,"babor hyaluronic cleansing balm to oil for demanding skin, gentle cleansing for face infused with hyaluronic acid to hydrate skin, 150 ml",$69.90 ($13.79 / Ounce),,https://www.amazon.com/dp/B0BPSH5T4D,4.6,67.0,babor hyaluronic cleansing balm,1.0,cleansing balm
B0CBNTND1X,bad habit omzzz acai nightly cleansing balm,$14.18,,https://www.amazon.com/dp/B0CBNTND1X,5.0,1.0,generic,1.0,cleansing balm
B00O2BT8QU,"badger - face cleansing oil, damascus rose, certified organic face oil cleanser, facial cleanser oil, natural facial cleansing oil, natural oil cleanser for face, face cleanser oil, 2 oz",$19.99 ($10.00 / Fl Oz),,https://www.amazon.com/dp/B00O2BT8QU,4.5,575.0,badger,1.0,cleansing oil
B08YFLS2LN,"badger reef safe sunscreen, spf 40 sport mineral sunscreen, 98% organic sunscreen ingredients, broad spectrum, water resistant, zinc oxide sunscreen, unscented, 2.9 fl oz (2 pack)",$28.99 ($5.00 / Fl Oz),$35.98 ($6.20 / Fl Oz),https://www.amazon.com/dp/B08YFLS2LN,4.5,2199.0,badger,1.0,sunscreen
B01K2UMMI0,"baebody eye gel, cooling eye gel for dark circles and puffiness, hydrating eye cream, soothing eye gel, brightening eye gel, day and night eye gel",$24.99 ($14.70 / Fl Oz),$34.99 ($20.58 / Fl Oz),https://www.amazon.com/dp/B01K2UMMI0,3.9,25769.0,baebody,1.0,eye cream
B07Q4NPX1C,"ballonblanc | blanc therapy premium sheet masks | relaxing spa self care gifts | moisturizing aloe and vitamin, skin nutritional korean facial masks for all skin types | 6 masks",$7.99 ($1.33 / Count),,https://www.amazon.com/dp/B07Q4NPX1C,4.6,6389.0,ballonblanc,1.0,sheet mask
B077D7L95C,"banana boat kids sport sunscreen spray, sting-free, tear-free, broad spectrum, spf 50, 6oz. - twin pack",$13.97 ($1.16 / Ounce),$21.99 ($1.83 / Ounce),https://www.amazon.com/dp/B077D7L95C,4.7,8160.0,banana boat,1.0,sunscreen
B084R1KZ1Z,"banana boat light as air sunscreen, broad spectrum lotion, spf 50, 6oz. - 2 count (pack of 1)",$14.99 ($1.25 / Fl Oz),,https://www.amazon.com/dp/B084R1KZ1Z,4.7,2595.0,banana boat,1.0,sunscreen
B08Q33Q8BK,"banana boat light as air, broad spectrum sunscreen spray 6oz. spf 50 , 2 count (pack of 1)",$13.99 ($1.17 / Ounce),$28.98 ($2.42 / Ounce),https://www.amazon.com/dp/B08Q33Q8BK,4.7,870.0,banana boat,1.0,sunscreen
B084R18M8L,"banana boat mineral enriched sunscreen, sensitive skin, broad spectrum spray, spf 50, 6oz. - twin pack",$16.68 ($1.39 / Ounce),$19.98 ($1.66 / Ounce),https://www.amazon.com/dp/B084R18M8L,4.5,2566.0,banana boat,1.0,sunscreen
B072NZYJVN,"banana boat sport cool zone spf 30 sunscreen spray | sport clear sunscreen spray, oxybenzone free sunscreen pack spf 30, 6oz each twin pack",$13.47 ($1.12 / Ounce),$26.49 ($2.21 / Ounce),https://www.amazon.com/dp/B072NZYJVN,4.7,3226.0,banana boat,1.0,sunscreen
B004CDTCOQ,"banana boat sport ultra spf 100 sunscreen spray, 6oz | high spf & water resistant",$10.97 ($1.83 / Ounce),$13.99 ($2.33 / Ounce),https://www.amazon.com/dp/B004CDTCOQ,4.7,11473.0,banana boat,1.0,sunscreen
B004CDV7EY,"banana boat sport ultra spf 50 sunscreen lotion, 12oz | banana boat sunscreen spf 50 lotion, oxybenzone free sunscreen, sunblock lotion, family size sunscreen spf 50, 12oz",$10.97 ($0.91 / Fl Oz),$12.99 ($1.08 / Fl Oz),https://www.amazon.com/dp/B004CDV7EY,4.7,28593.0,banana boat,1.0,sunscreen
B004CDTDTK,"banana boat ultra defense max skin protect clear, broad spectrum, ultra mist sunscreen spray, spf 100, 6oz, blue cyan",$10.97 ($1.83 / Ounce),$13.99 ($2.33 / Ounce),https://www.amazon.com/dp/B004CDTDTK,4.7,4629.0,banana boat,1.0,sunscreen
B0BGT6WTJW,banila clean it zero 3-in-1 cleansing balm original 25ml,$13.00 ($2.17 / Ounce),,https://www.amazon.com/dp/B0BGT6WTJW,4.2,30.0,generic,1.0,cleansing balm
B0BJVP4Y2X,banila co clean it zero mandarin-c cleansing balm brightening,$24.00 ($7.10 / Ounce),,https://www.amazon.com/dp/B0BJVP4Y2X,4.6,67.0,banila co,1.0,cleansing balm
B08QSMG1WR,"banila co clean it zero nourishing cleansing balm makeup remover & face cleanser, double cleanse, face wash for moisturized, supple skin",$21.55 ($6.38 / Ounce),,https://www.amazon.com/dp/B08QSMG1WR,4.6,346.0,banila co,1.0,cleansing balm
B08358G9LY,"banila co clean it zero original cleansing balm makeup remover, balm to oil, double cleanse, face wash",$17.00 ($5.03 / Fl Oz),,https://www.amazon.com/dp/B08358G9LY,4.8,8779.0,banila co,1.0,cleansing oil
B089QVNHKK,"banila co clean it zero pore clarifying cleansing balm: makeup remover, balm to oil, double cleanse, acne face wash,100ml",$21.95 ($6.46 / Ounce),,https://www.amazon.com/dp/B089QVNHKK,4.4,442.0,banila co,1.0,cleansing balm
B083DPCQT3,"banila co clean it zero purifying cleansing balm makeup remover & face cleanser, sensitive skin, balm to oil, double cleanse, acne, breakouts, redness",$20.48 ($6.02 / Ounce),$23.15 ($6.81 / Ounce),https://www.amazon.com/dp/B083DPCQT3,4.6,480.0,banila co,1.0,cleansing balm
B07BSS9PKB,"banila co clean it zero revitalizing cleansing balm makeup remover & face cleanser, double cleanse, balm to oil, face wash,dull skin, 100ml",$21.95 ($6.46 / Fl Oz),$24.00 ($7.06 / Fl Oz),https://www.amazon.com/dp/B07BSS9PKB,4.7,1313.0,banila co,1.0,cleansing balm
B07BSVJ4H8,"banila co new clean it zero original cleansing balm makeup remover, balm to oil, double cleanse, face wash, 2 sizes",$23.99,,https://www.amazon.com/dp/B07BSVJ4H8,4.8,8779.0,banila co,1.0,cleanser
B07CD8K7H3,"banila co new clean it zero purifying cleansing balm makeup remover & face cleanser, sensitive skin, balm to oil, double cleanse, acne, breakouts, redness, 100ml",$20.10 ($5.95 / Fl Oz),,https://www.amazon.com/dp/B07CD8K7H3,4.6,889.0,banila co,1.0,cleansing balm
B08KWHBFMV,"bare botanics lemon orange body scrub 24oz | made in madison, wi | all natural sea salt exfoliator w/ skin loving moisturizers | vegan & cruelty free | gift ready packaging w/ a cute wooden spoon",$26.95 ($1.12 / Ounce),,https://www.amazon.com/dp/B08KWHBFMV,4.4,483.0,bare botanics,1.0,body scrub
B09L8PDRH2,"bare botanics matcha eucalyptus body scrub 24oz | made in madison, wi | all natural sea salt exfoliator w/skin loving moisturizers | vegan & cruelty free | gift ready packaging w/a cute wooden spoon",$21.56 ($0.90 / Ounce),$24.95 ($1.04 / Ounce),https://www.amazon.com/dp/B09L8PDRH2,4.4,3014.0,bare botanics,1.0,body scrub
B07H2NP977,bath & body works eucalyptus spearmint stress relief sugar body scrub 13 ounce,$14.30 ($1.10 / Ounce),$16.40 ($1.26 / Ounce),https://www.amazon.com/dp/B07H2NP977,4.6,342.0,bath & body works,1.0,body scrub
B0B45M89LX,"beauty of joseon ginseng cleansing oil (210ml, 7.1 fl.oz.)",$19.90 ($2.80 / Fl Oz),,https://www.amazon.com/dp/B0B45M89LX,4.4,348.0,beauty of joseon,1.0,cleansing oil
B08RLZ28QK,"beauty of joseon ginseng essence water, 150ml, 5fl.oz.",$18.00 ($3.60 / Fl Oz),,https://www.amazon.com/dp/B08RLZ28QK,4.6,1731.0,beauty of joseon ginseng,1.0,essence
B0BJPKX14D,"beauty of joseon red bean refreshing pore mask 140ml, 4.73fl.oz",$20.00 ($4.23 / Fl Oz),,https://www.amazon.com/dp/B0BJPKX14D,4.6,262.0,beauty of joseon,1.0,clay mask
B0B45LL4DD,"beauty of joseon revive eye serum : ginseng + retinal, 30ml, 1fl.oz.",$17.00 ($17.00 / Fl Oz),,https://www.amazon.com/dp/B0B45LL4DD,4.5,1115.0,beauty of joseon,1.0,eye cream
B086VKZZZY,beauty of joseon serum line glow serum propolis + niacinamide,$16.85 ($16.68 / Fl Oz),,https://www.amazon.com/dp/B086VKZZZY,4.5,4470.0,beauty of joseon,1.0,serum
B08BJCHTDP,"bee bella lip balm, lavender vanilla scent, moisturizing lip care, 100% natural, beeswax with vitamin e, handmade in usa (3 pack), a thoughtful back-to-school or teacher appreciation gift.",$24.99 ($24.99 / Count),,https://www.amazon.com/dp/B08BJCHTDP,4.6,655.0,bee bella,1.0,lipbalm
B0084H4HAA,"bee naturals queen best eye balm peeper keeper - eyelid cream reduces crows feet, wrinkles & fine lines - moisturizes your skin - vitamin e + 10 all natural nutrient oils",$11.98 ($23.96 / Ounce),,https://www.amazon.com/dp/B0084H4HAA,4.5,2579.0,bee naturals,1.0,eye cream
B08SVYV3WY,"beekman 1802 buttermilk makeup remover cleansing balm - fragrance free - 0.39 fl oz - cleanses dirt, makeup & sunscreen - good for sensitive skin - cruelty free",$15.00 ($15.00 / Count),,https://www.amazon.com/dp/B08SVYV3WY,4.0,80.0,beekman 1802 buttermilk makeup,1.0,cleansing balm
B099XJ8J43,"belif aqua bomb cleansing balm | hydrating makeup remover & no mess clean up | smoothens & moisturizes skin after cleansing | /w lotus flower, marshmallow root & lady's mantle | 3.3 floz",$38.00 ($11.52 / Ounce),,https://www.amazon.com/dp/B099XJ8J43,4.6,80.0,belif aqua bomb cleansing,1.0,cleansing balm
B085JNJG9V,"belif the true cream aqua bomb | rich yet weightless face moisturizer for combination to oily skin | antioxidants, lady mantle & oat husk | daily hydrating facial cream minimizes pores",$38.00 ($22.35 / Fl Oz),,https://www.amazon.com/dp/B085JNJG9V,4.8,2972.0,belif the true cream,1.0,moisturizer
B085JRR7FR,"belif the true cream moisturizing bomb | intensive face moisturizer for 26 hour hydration | soothing & nourishing cream w/ panthenol, comfrey leaf & oat extract | cream for dry, sensitive skin",$38.00 ($22.35 / Fl Oz),,https://www.amazon.com/dp/B085JRR7FR,4.7,2736.0,belif the true cream,1.0,moisturizer
B01KL26GIQ,bella & bear goddess sugar scrub - travel size - vegan 3.4oz (travel size),$4.99 ($1.47 / Fl Oz),,https://www.amazon.com/dp/B01KL26GIQ,4.3,3100.0,bella and bear,1.0,body scrub
B01KLEIU7E,bella & bear ocean spray body scrub - travel size - vegan 3.4oz (3.4 oz) (3.4 oz),$4.99 ($1.47 / Ounce),,https://www.amazon.com/dp/B01KLEIU7E,4.3,917.0,bella and bear,1.0,body scrub
B0BF23PM61,bella & bear pineapple body scrub exfoliator - vegan travel size (3.4oz),$4.99 ($1.47 / Ounce),,https://www.amazon.com/dp/B0BF23PM61,4.3,354.0,bella and bear,1.0,body scrub
B087QMPBQV,"bella and bear rose & ivy body scrub, oil free, cruelty-free, vegan body exfoliator and polish for women, 6.7oz",$9.99 ($1.49 / Ounce),,https://www.amazon.com/dp/B087QMPBQV,4.2,993.0,bella and bear,1.0,body scrub
B07812KHKW,"benton fermentation essence 100ml (3.38 fl.oz.) - galactomyces ferment filtrate & bifida skin fiirming & vitalizing essence, anti-wrinkle, hydrating, for dull & dry skin",$27.49 ($8.13 / Fl Oz),$36.00 ($10.65 / Fl Oz),https://www.amazon.com/dp/B07812KHKW,4.4,305.0,benton,1.0,essence
B0C89JCB7P,beuking face make-up cleansing cream non-greasy face remover balm make wash cream for cleansing make-up skin keeping skin softness moisturizing (40 g),$7.99 ($7.99 / Fl Oz),,https://www.amazon.com/dp/B0C89JCB7P,,,beuking,1.0,cleansing balm
B0CGCM48SC,beverly kose softymo speedy cleansing oil 7.77floz(230ml) pump,$14.89 ($1.92 / Fl Oz),,https://www.amazon.com/dp/B0CGCM48SC,,,beverly,1.0,cleansing oil
B09PXB8Y5Q,"bgs black girl sunscreen spf 30. ultra sheer moisturizing sunscreen lotion. with avocado, cacao, jojoba, carrot juice and sun flower oil. oxybenzone, paraben and fragrance free. 3 fl oz. (1 pack)",$12.00 ($4.00 / Fl Oz),$17.70 ($5.90 / Fl Oz),https://www.amazon.com/dp/B09PXB8Y5Q,4.6,441.0,bgs black girl sunscreen,0.0,sunscreen
B0BGD1QQNR,"bikini area exfoliator, exfoliating scrub for bikini area, ingrown hair treatment for bikini area, razor bump treatment for bikini area, sugar scrub for bikini area, shaving exfoliator scrub for women",$24.99,$34.99,https://www.amazon.com/dp/B0BGD1QQNR,4.5,561.0,ciz,1.0,exfoliator
B0BQP7DTTL,billie body buffer - pre-shave exfoliating bar - 3.5 oz,$6.97 ($1.99 / Ounce),,https://www.amazon.com/dp/B0BQP7DTTL,4.5,452.0,billie,1.0,exfoliator
B0B2RM68G2,"biodance bio-collagen real deep mask, hydrogel mask sheet, pore tightening, hydrating, low molecular collagen face mask | 34g x4ea",$16.00 ($4.00 / Count),,https://www.amazon.com/dp/B0B2RM68G2,4.1,158.0,biodance,1.0,sheet mask
B00ZY65OSI,bioderma - atoderm - cleansing oil - face and body cleansing oil - soothes discomfort - cleansing oil for very dry sensitive skin,$29.99 ($0.89 / Fl Oz),,https://www.amazon.com/dp/B00ZY65OSI,4.6,24275.0,bioderma - atoderm -,1.0,cleansing oil
B08FD7W4SD,"bioderma - atoderm - lip stick - hydrating, soothing and renewing lip stick - for dry lips",$14.99 ($53.54 / Ounce),,https://www.amazon.com/dp/B08FD7W4SD,4.5,6145.0,bioderma - atoderm -,1.0,lipbalm
B08GNZJDM4,"bioré brightening exfoliating scrub, 3.5 fluid ounces, to exfoliate and even skin tone, for all skin types",$6.99 ($2.00 / Fl Oz),$8.49 ($2.43 / Fl Oz),https://www.amazon.com/dp/B08GNZJDM4,4.4,2648.0,bioré,1.0,face scrub
B007WIVV10,bioré japan aqua rich watery essence sunblock sunscreen blue spf50+ pa+++,$9.99 ($5.71 / Ounce),$17.00 ($9.71 / Ounce),https://www.amazon.com/dp/B007WIVV10,4.5,2196.0,bioré,1.0,sunscreen
B006RFZ5ZM,"bioré pore unclogging scrub, removes excess dirt and oils, face scrub, with salicylic acid, oil free, 5 ounces (hsa/fsa approved)",$6.29 ($1.26 / Ounce),$8.49 ($1.70 / Ounce),https://www.amazon.com/dp/B006RFZ5ZM,4.6,5433.0,bioré,1.0,face scrub
B0C69Z5LSP,"biore uv aqua rich spf 50 moisturizing sunscreen for face, oxybenzone & octinoxate free, dermatologist tested, vegan, cruelty free, for sensitive skin, 1.7 oz",$14.99 ($8.82 / Fl Oz),$15.99 ($9.41 / Fl Oz),https://www.amazon.com/dp/B0C69Z5LSP,4.2,52.0,bioré,1.0,sunscreen
B0CF7D8RVJ,biore uv aqua rich sunscreen water essence spf50+ pa++++ 2.36floz(70g) ode twin pack bundle,$22.98 ($4.69 / Ounce),$30.00 ($6.12 / Ounce),https://www.amazon.com/dp/B0CF7D8RVJ,,,ode,1.0,essence
B08YKH741F,biossance squalane + rose vegan lip balm. made with hyaluronic acid and ceramides to plump and hydrate dry lips. long-lasting and petroleum-free (0.52 ounces),$16.00 ($30.77 / Ounce),,https://www.amazon.com/dp/B08YKH741F,4.3,838.0,biossance,1.0,lipbalm
B0B8NLQGQP,birthday bumps,,,https://www.amazon.com/dp/B0B8NLQGQP,3.9,14.0,birthday bumps,,face scrub
B087Q3D6QM,blanc doux oligo hyaluronic acid uva uvb sun essence airy touch 1.35 oz spf 50+ pa++++ reef-safe makeup base sunscreen no greasiness stickiness whitecast sunblock vegan sensitive dry acne-prone skin,$18.99 ($18.99 / Count),,https://www.amazon.com/dp/B087Q3D6QM,4.6,96.0,the lab by blanc doux,1.0,sunscreen
B07N16N8N5,bliss jelly glow peel™ gentle non-abrasive cleanser and exfoliator with fruit enzymes - 4 oz - nourishes and hydrates skin - clean - vegan & cruelty free,$10.00 ($2.50 / Fl Oz),$14.99 ($3.75 / Fl Oz),https://www.amazon.com/dp/B07N16N8N5,4.4,3848.0,bliss,1.0,exfoliator
B0BBKQTGYY,bliss mighty biome deep cleansing balm - 3.0 oz - pre/post biotics + barrier aid - antioxidants to balance skin barrier - dissovlves waterproof makeup & impurities - clean - vegan & cruetly-free,$9.97 ($3.32 / Ounce),$18.00 ($6.00 / Ounce),https://www.amazon.com/dp/B0BBKQTGYY,4.0,31.0,bliss,1.0,cleansing balm
B079QQR8F1,bliss satin-skin body polish - lemon and sage - body scrub with shea butter and coconut oil - 8.5 oz - smoothing and balancing skincare - all skin types - vegan & cruelty-free,$11.80 ($1.39 / Fl Oz),$15.00 ($1.76 / Fl Oz),https://www.amazon.com/dp/B079QQR8F1,4.4,2058.0,bliss,1.0,body scrub
B003AXUQOO,"blistex five star lip protection balm, 0.15 ounce – wind & water-resistant lip care, broad spectrum spf 30 sun protection, soothes cold chapped lips, hydrating lip treatment, holds in moisture",$2.41,$7.00,https://www.amazon.com/dp/B003AXUQOO,4.6,3050.0,blistex five star lip,1.0,lipbalm
B0044B4HSM,"blistex medicated lip balm, 0.15 ounce, 3 count (pack of 1) prevent dryness & chapping, spf 15 sun protection, seals in moisture, hydrating lip balm, easy glide formula for full coverage",$3.14 ($6.98 / Ounce),$7.00 ($15.56 / Ounce),https://www.amazon.com/dp/B0044B4HSM,4.8,33709.0,"blistex medicated lip balm,",1.0,lipbalm
B07NVV7557,"blue lizard active mineral sunscreen with zinc oxide/spf 30+, unscented, 8.75 fl oz",$20.04 ($2.43 / Fl Oz),$27.45 ($3.33 / Fl Oz),https://www.amazon.com/dp/B07NVV7557,4.7,1728.0,blue lizard,1.0,sunscreen
B083VY5GVN,"blue lizard sensitive mineral sunscreen with zinc oxide, spf 50+, water resistant, uva/uvb protection with smart bottle technology - fragrance free, 5 oz",$13.10 ($2.62 / Fl Oz),$14.98 ($3.00 / Fl Oz),https://www.amazon.com/dp/B083VY5GVN,4.7,15595.0,blue lizard,1.0,sunscreen
B0BHP13NSQ,"blueberry facial scrub & facial exfoliator, deep cleansing exfoliating face scrub, brightening facial scrub, facial scrub exfoliator for blackhead improve dark spots acne for all skin types - 3.25 oz",$5.99 ($1.84 / Ounce),,https://www.amazon.com/dp/B0BHP13NSQ,2.8,12.0,tamoskiny,1.0,face scrub
B09KS7TG39,bobbi brown extra repair cleansing balm 100ml,$59.18 ($17.41 / Fl Oz),,https://www.amazon.com/dp/B09KS7TG39,4.4,8.0,bobbi brown,1.0,cleansing balm
B07D3DVQ36,"bodhi handmade soap almond honey volcanic ash whipped soap body scrub, 14 oz",$13.50 ($0.96 / Ounce),$14.59 ($1.04 / Ounce),https://www.amazon.com/dp/B07D3DVQ36,4.6,293.0,bodhi,1.0,body scrub
B07D3DFKY6,"bodhi handmade soap eucalyptus spa charcoal detox whipped soap body scrub, 14 oz",$13.00 ($0.93 / Ounce),$13.95 ($1.00 / Ounce),https://www.amazon.com/dp/B07D3DFKY6,4.4,97.0,bodhi,1.0,body scrub
B0B5PCF9GF,"body prescriptions ""love day"" vanilla sugar body scrub",$9.99 ($0.47 / Ounce),,https://www.amazon.com/dp/B0B5PCF9GF,4.3,672.0,body prescriptions,1.0,body scrub
B09Q51L5J7,"body prescriptions body scrub for men- ultimate exfoliating scrub infused with cedarwood, men’s body wash in jar with twist top, 21 oz, for all skin types",$13.99 ($0.66 / Ounce),,https://www.amazon.com/dp/B09Q51L5J7,4.4,1554.0,body prescriptions,1.0,body scrub
B0BV1BZH21,"body prescriptions exfoliating body scrub | 21.16 oz body cleanser infused with honey almond | daily body wash for nourished and ultra smooth skin, you are my sunshine?",$8.99 ($0.42 / Ounce),,https://www.amazon.com/dp/B0BV1BZH21,4.2,155.0,body prescriptions,1.0,body scrub
B0B4T81J1Q,"body scrub – moisturizing and softening with nourishing body oils -exfoliating salt scrub for body - win against aging, acne, eczema, psoriasis & dead skin scars- 10 oz (pomegranate)",$6.95 ($0.70 / Fl Oz),$9.95 ($1.00 / Fl Oz),https://www.amazon.com/dp/B0B4T81J1Q,3.2,23.0,artnaturals,1.0,body scrub
B08SLT2H3J,"body scrub exfoliator - 12oz watermelon sugar scrub cubes w/mango butter & shea butter- ultra hydrating & moisturizing - all natural & organic for all body exfoliation- for hands, arms legs, elbow & foot",$9.99 ($9.99 / Count),$14.99 ($14.99 / Count),https://www.amazon.com/dp/B08SLT2H3J,4.2,1475.0,mineral me california,1.0,body scrub
B08Q86TZMK,"bondi sands fragrance free daily sunscreen face lotion spf 50 | hydrating uva + uvb protection, non-greasy, gentle, water resistant | 2.53 oz/75 ml",$6.99 ($2.76 / Fl Oz),,https://www.amazon.com/dp/B08Q86TZMK,4.5,4488.0,bondi sands fragrance free,1.0,sunscreen
B08Q7CP5NL,"bondi sands fragrance free sunscreen body lotion spf 50 | hydrating broad spectrum protection, sheer, water resistant, reef friendly* | 5.07 oz/150 ml",$12.99 ($2.56 / Fl Oz ),,https://www.amazon.com/dp/B08Q7CP5NL,4.6,1417.0,bondi sands fragrance free,1.0,sunscreen
B06WRPJW3V,"botanic tree glycolic acid face wash, exfoliating facial cleanser and scrub, 10% glycolic acid, aha and salicylic acid face cleanser 6 fl. oz",$19.90 ($3.32 / Fl Oz),$24.90 ($4.15 / Fl Oz),https://www.amazon.com/dp/B06WRPJW3V,4.7,16241.0,botanic tree,1.0,cleanser
B0CHRBZWB8,"botox face serum, duplicate cono peptide essence 84%, botox in a bottle instant face tightening for face fade fine lines, boost skin collagen anti aging serum for all skin type (3pcs)",$10.99 ($10.99 / Fl Oz),,https://www.amazon.com/dp/B0CHRBZWB8,,,esulomp,0.0,essence
B0BXSWYZQY,"breylee rose eye mask– 60 pcs - puffy eyes and dark circles treatments – look younger and reduce wrinkles and fine lines undereye, improve and firm eye skin - pure natural material extraction",$29.99 ($29.99 / Count),,https://www.amazon.com/dp/B0BXSWYZQY,4.3,234.0,breylee,1.0,eye mask
B0776X8G8D,"brickell men's purifying charcoal face mask skin care product, natural and organic activated charcoal facial mask with detoxifying kaolin clay, 4 ounce, unscented",$35.00 ($8.75 / Ounce),,https://www.amazon.com/dp/B0776X8G8D,4.5,683.0,brickell men's products,1.0,clay mask
B00QL67MY4,"brickell men's restoring under eye cream for men, natural and organic anti aging eye balm to reduce puffiness, wrinkles, dark circles, crows feet and under eye bags, 0.5 ounce, unscented",$40.00 ($80.00 / Ounce),,https://www.amazon.com/dp/B00QL67MY4,4.3,7862.0,brickell men's products,1.0,eye cream
B07GJR4KXM,"brooklyn botany brown sugar body scrub - moisturizing and exfoliating body, face, hand, foot scrub - fights acne, fine lines & wrinkles, great gifts for women & men - 10 oz",$9.99 ($1.00 / Ounce),$16.99 ($1.70 / Ounce),https://www.amazon.com/dp/B07GJR4KXM,4.2,15096.0,brooklyn botany,1.0,exfoliator
B07GQ4W15V,"brooklyn botany dead sea salt and arabica coffee body scrub - moisturizing and exfoliating body, face, hand, foot scrub - fights stretch marks, fine lines, wrinkles - great gifts for women & men - 10 oz",$9.99 ($0.95 / Ounce),,https://www.amazon.com/dp/B07GQ4W15V,4.1,9018.0,brooklyn botany,1.0,body scrub
B07TH9YNL7,"brooklyn botany dead sea salt and coconut milk body scrub - moisturizing and exfoliating body, face, hand, foot scrub - fights stretch marks, fine lines, wrinkles - great gifts for women & men - 10 oz",$9.99 ($0.95 / Ounce),$21.99 ($2.09 / Ounce),https://www.amazon.com/dp/B07TH9YNL7,4.2,4383.0,brooklyn botany,1.0,body scrub
B07G8PDKY2,"brooklyn botany himalayan salt body scrub - moisturizing and exfoliating body, face, hand, foot scrub - fights stretch marks, fine lines, wrinkles - great gifts for women & men - 10 oz",$9.98 ($0.91 / Ounce),$21.99 ($2.00 / Ounce),https://www.amazon.com/dp/B07G8PDKY2,4.2,4029.0,brooklyn botany,1.0,exfoliator
B001HTYJLO,"brownmed - imak eye pillow - cooling sleep eye mask & shade with ergobeads for men & women- reusable eye cover for headache, sleeping, migraine, puffy eyes & eye strain relief",$14.99 ($14.99 / Count),,https://www.amazon.com/dp/B001HTYJLO,4.5,20073.0,brownmed - imak eye,1.0,eye mask
B0CB1Z15BJ,bryce gets over heartache and moves on,,,https://www.amazon.com/dp/B0CB1Z15BJ,,,bryce gets over heartache,,cleansing oil
B0BSZ23FTF,bubble skincare slam dunk hydrating facial moisturizer - natural aloe juice + avocado oil for skin hydration and blue light protection - daily face moisturizer for sensitive skin (50ml),$16.29 ($9.58 / Fl Oz),,https://www.amazon.com/dp/B0BSZ23FTF,4.5,868.0,bubble skincare,1.0,moisturizer
B074H4HKP2,"bucky 40 blinks no pressure eye mask for travel & sleep, ruby pop, one size",$12.98,$17.99,https://www.amazon.com/dp/B074H4HKP2,4.5,2587.0,bucky 40 blinks no,1.0,eye mask
B07HF8B57V,"bucky 40 blinks no pressure eye mask for travel & sleep, strawberry, one size",$10.29,$17.99,https://www.amazon.com/dp/B07HF8B57V,4.4,679.0,bucky 40 blinks no,1.0,eye mask
B00TRBV9S0,"bulldog natural skincare, original moisturizer,3.3 ounce (pack of 2)",$17.19 ($2.60 / Fl Oz),,https://www.amazon.com/dp/B00TRBV9S0,4.8,465.0,bulldog,1.0,moisturizer
B09ZVHVKNS,"burt’s bees christmas gifts, 4 lip balm stocking stuffers products, beeswax bounty classic set - beeswax moisturizing lip balm",$9.50,$11.98,https://www.amazon.com/dp/B09ZVHVKNS,4.8,2946.0,burt's bees,1.0,lipbalm
B0151RHR3E,"burt's bees 100% natural facial cleansing oil for normal to dry skin, 6 oz (package may vary)",$16.84 ($2.81 / Fl Oz),,https://www.amazon.com/dp/B0151RHR3E,4.5,4043.0,burt's bees,1.0,cleansing oil
B099CMBY76,"burts bees cooling face scrub with aloe & hemp, for men, 4 ounces",$6.49 ($1.62 / Ounce),$7.99 ($2.00 / Ounce),https://www.amazon.com/dp/B099CMBY76,4.6,240.0,burt's bees,1.0,face scrub
B07NSSS9R7,"burt's bees detoxifying clay mask for unisex, 0.57 ounce",$6.48 ($11.37 / Ounce),,https://www.amazon.com/dp/B07NSSS9R7,4.3,35.0,burt's bees,1.0,clay mask
B07TGM39FP,"burt's bees eye cream, retinol alternative moisturizer, anti-aging, renewal firming face care, 0.5 ounce (packaging may vary)",$17.06 ($34.12 / Ounce),$19.99 ($39.98 / Ounce),https://www.amazon.com/dp/B07TGM39FP,4.4,2122.0,burt's bees,1.0,eye cream
B01MXHNIA6,"burt's bees face oil, hydrating & anti-aging facial care, 0.05 fl oz ounce (packaging may vary)",$19.99 ($39.20 / Fl Oz),,https://www.amazon.com/dp/B01MXHNIA6,4.5,6135.0,burt's bees,1.0,cleansing oil
B0C8X5YKZF,"burt's bees fermented honey facial cleansing balm, with prebiotic and postbiotic blend, contains fermented honey and green tea, natural origin skin care, 1 tin, 3 oz.",$16.17 ($5.39 / Ounce),$18.99 ($6.33 / Ounce),https://www.amazon.com/dp/B0C8X5YKZF,3.9,21.0,burt's bees,1.0,cleansing balm
B005KG7V3I,"burt's bees lip balm, moisturizing lip care for all day hydation, 100% natural, ultra conditioning with shea, cocoa & kokum butter (2 pack)",$6.99 ($23.30 / Ounce),$8.29 ($27.63 / Ounce),https://www.amazon.com/dp/B005KG7V3I,4.7,10383.0,burt's bees,1.0,lipbalm
B01MRH7MR4,"burt's bees lip balm, moisturizing lip care, for all day hydration, 100% natural, original beeswax, strawberry, coconut & pear & vanilla (4 pack)",$10.49,,https://www.amazon.com/dp/B01MRH7MR4,4.8,86175.0,burt's bees,1.0,lipbalm
B0B68HXJKF,"burt's bees moisturizing lip balm, 100% natural, seasonal assortment 10 pack",$28.95 ($19.30 / Ounce),,https://www.amazon.com/dp/B0B68HXJKF,4.8,10039.0,burt's bees,1.0,lipbalm
B00076TOUO,"burt's bees moisturizing lip care, for all day hydration, 100% natural, original beeswax with vitamin e & peppermint oil (2 pack)",$6.47 ($21.57 / Ounce),,https://www.amazon.com/dp/B00076TOUO,4.8,57693.0,burt's bees,1.0,lipbalm
B09BP3WK2T,"burts bees passion fruit and chamomile overnight intensive lip treatment with and ceramides, lip hydrates lips 8 hours, natural origin, 0.25 oz",$8.99,$14.39,https://www.amazon.com/dp/B09BP3WK2T,4.6,6628.0,burt's bees,1.0,lipbalm
B002VWL2FW,"burt's bees peach and willow bark deep pore exfoliating facial scrub, package may vary, 4 oz",$6.88 ($1.72 / Ounce),$7.99 ($2.00 / Ounce),https://www.amazon.com/dp/B002VWL2FW,4.5,2996.0,burt's bees,1.0,exfoliator
B09P7V8KBF,"buvley pure oil cleansing balm i low ph, vegan, cruelty free | daily makeup remover calming and hydrating facial cleanser",$17.99 ($5.32 / Ounce),,https://www.amazon.com/dp/B09P7V8KBF,4.3,49.0,buvley,1.0,cleansing balm
B074DK734G,"buxom women's power-full plump lip balm, big ""o"", 0.17 oz",$19.00 ($19.00 / Count),,https://www.amazon.com/dp/B074DK734G,4.0,9447.0,buxom women's power-full plump,1.0,lipbalm
B08KWWJHN4,"byd care single-use level ii ear loop mask, non-sterile, appropriate for medical or personal use (50)",$7.49 ($0.15 / Count),$8.50 ($0.17 / Count),https://www.amazon.com/dp/B08KWWJHN4,4.6,997.0,byd care single-use level,0.0,face mask
B089DPXKCP,"c.o. bigelow all purpose salve lip balm tins, rose salve pack of 3 for chapped lips & dry skin - moisturizing lip, cuticle 0.8 oz each",$21.00 ($7.00 / Count),,https://www.amazon.com/dp/B089DPXKCP,4.7,1375.0,c. o. bigelow,1.0,lipbalm
B089DQ96BG,"c.o. bigelow rose salve lip balm tubes 3 pack, all purpose salves moisturizing for chapped lips and dry skin",$21.00 ($7.00 / Count),,https://www.amazon.com/dp/B089DQ96BG,4.6,868.0,c. o. bigelow,1.0,lipbalm
B00KA5R3E6,"cailyn cailyn dizzolv'it makeup melt cleansing balm, 1.7 oz",$24.00 ($14.12 / Ounce),,https://www.amazon.com/dp/B00KA5R3E6,4.8,121.0,cailyn cailyn dizzolv'it makeup,1.0,cleansing balm
B08GY3RH8Q,"carmex daily care minis moisturizing lip balm tubes with spf 15, strawberry, cool mint, wild berry, peach mango and fresh cherry lip balm pack - 0.18 oz each, 5 count (pack of 3)",$19.99 ($7.40 / Ounce),,https://www.amazon.com/dp/B08GY3RH8Q,4.7,4137.0,carmex,1.0,lipbalm
B0B5WCT3PS,cassaio turmeric face mask vitamin c clay mask clay facial mask with kaolin clay for dark spots acne control and refining pores face mask skin care for all skin types 5.29 oz,$5.99 ($1.13 / Ounce),,https://www.amazon.com/dp/B0B5WCT3PS,3.7,15.0,cassaio,1.0,clay mask
B00W3SIY1E,"caudalie instant detox clay mask - cleanse and visibly tighten pores in 10 minutes, 2.5 oz.",$42.00 ($16.80 / Fl Oz),,https://www.amazon.com/dp/B00W3SIY1E,4.5,4157.0,caudalie instant detox clay,1.0,clay mask
B0BX4T7833,caudalie vinoperfect dark circle brightening eye cream with niacinamide 0.05 oz / 15 ml,$55.00 ($55.00 / Count),,https://www.amazon.com/dp/B0BX4T7833,4.4,55.0,caudalie vinoperfect dark circle,1.0,eye cream
B001P7AWXC,caudalie vinoperfect radiance dark spot serum - 62x more effective than vitamin c (serum),$82.00 ($82.00 / Count),,https://www.amazon.com/dp/B001P7AWXC,4.3,2295.0,caudalie vinoperfect radiance dark,1.0,serum
B07GDS1NY7,caudalie vinopure natural salicylic acid pore minimizing serum (full size),$52.00 ($51.49 / Ounce),,https://www.amazon.com/dp/B07GDS1NY7,4.5,727.0,caudalie vinopure natural salicylic,1.0,serum
B08PJR6QT4,celavi essence facial face mask 24 sheets k-beauty skincare korea skin care moisturizing sheet masks,$19.99 ($0.83 / Count),$21.99 ($0.92 / Count),https://www.amazon.com/dp/B08PJR6QT4,4.8,251.0,celavi cosmetics,1.0,sheet mask
B01EGRLH40,celavi essence facial face mask paper sheet korea skin care moisturizing 12 pack (mix - 2 of each),$9.99 ($0.83 / Count),$13.99 ($1.17 / Count),https://www.amazon.com/dp/B01EGRLH40,4.6,15715.0,celavi cosmetics,1.0,sheet mask
B08575CD9V,celefit double effect cleanser oil to foam korean cleansing oil makeup remover foaming facial cleanser | makeup remover oil to foam cleanser face wash for women & men | travel size face wash (1.05oz),$5.00 ($4.76 / Ounce),,https://www.amazon.com/dp/B08575CD9V,4.7,536.0,cl celefit,1.0,cleansing oil
B07KLY4RYG,"cerave 100% mineral sunscreen spf 50 | face sunscreen with zinc oxide & titanium dioxide for sensitive skin | with hyaluronic acid, niacinamide, and ceramides | 2.5 oz",$13.97 ($5.59 / Fl Oz),$14.99 ($6.00 / Fl Oz),https://www.amazon.com/dp/B07KLY4RYG,3.9,17159.0,cerave,1.0,sunscreen
B07YLJPMC3,"cerave acne foaming cream cleanser | acne treatment face wash with 4% benzoyl peroxide, hyaluronic acid, and niacinamide | cream to foam formula | fragrance free & non comedogenic | 5 oz",$12.99 ($2.60 / Fl Oz),$17.99 ($3.60 / Fl Oz),https://www.amazon.com/dp/B07YLJPMC3,4.6,29201.0,cerave,1.0,cleanser
B00F97FHAW,cerave am facial moisturizing lotion spf 30 | oil-free face moisturizer with sunscreen | non-comedogenic | 3 ounce,$11.93 ($3.98 / Ounce),$19.99 ($6.66 / Ounce),https://www.amazon.com/dp/B00F97FHAW,4.5,76739.0,cerave,1.0,moisturizer
B07XJ7XWLW,"cerave anti aging retinol serum | cream serum for smoothing fine lines and skin brightening | with retinol, hyaluronic acid, niacinamide, and ceramides | 1 ounce",$16.99,$24.99,https://www.amazon.com/dp/B07XJ7XWLW,4.6,18466.0,cerave,1.0,serum
B077TWXCQV,cerave body wash with salicylic acid | fragrance free body wash to exfoliate rough and bumpy skin | allergy tested | 10 ounce,$13.99 ($1.40 / Count),,https://www.amazon.com/dp/B077TWXCQV,4.6,29306.0,cerave,1.0,exfoliator
B0B1PP1XCM,cerave cleansing balm for sensitive skin | hydrating makeup remover with ceramides and plant-based jojoba oil for face | non-comedogenic fragrance free non-greasy |1.3 ounces,$8.97 ($6.90 / Ounce),$10.99 ($8.45 / Ounce),https://www.amazon.com/dp/B0B1PP1XCM,4.4,3761.0,cerave,1.0,cleansing oil
B000YJ2SLG,cerave daily moisturizing lotion for dry skin | body lotion & facial moisturizer with hyaluronic acid and ceramides | 12 fl ounce,$12.53 ($1.04 / Fl Oz),$14.99 ($1.25 / Fl Oz),https://www.amazon.com/dp/B000YJ2SLG,4.7,56788.0,cerave,1.0,moisturizer
B07RK4HST7,cerave daily moisturizing lotion for dry skin | body lotion & facial moisturizer with hyaluronic acid and ceramides | fragrance free | 19 ounce,$18.39 ($0.97 / Fl Oz),,https://www.amazon.com/dp/B07RK4HST7,4.8,42181.0,cerave,1.0,moisturizer
B004TS06HG,cerave day & night face lotion skin care set | contains am with spf 30 and pm face moisturizer | fragrance free,$25.95 ($4.32 / Fl Oz),$34.99 ($5.83 / Fl Oz),https://www.amazon.com/dp/B004TS06HG,4.6,3822.0,cerave day & night,1.0,moisturizer
B0B3GCCRVH,"cerave eye cream for wrinkles | under eye cream with caffeine, peptides, hyaluronic acid, niacinamide, and ceramides for fine lines | fragrance free & ophthalmologist tested |0.5 ounces",$18.49 ($36.98 / Ounce),$21.99 ($43.98 / Ounce),https://www.amazon.com/dp/B0B3GCCRVH,4.5,3734.0,cerave,1.0,eye cream
B097WFJ5H2,"cerave face wash acne treatment | 2% salicylic acid cleanser with purifying clay for oily skin | blackhead remover and clogged pore control | fragrance free, paraben free & non comedogenic| 8 ounce",$13.49 ($1.69 / Fl Oz),$17.99 ($2.25 / Fl Oz),https://www.amazon.com/dp/B097WFJ5H2,4.7,9833.0,cerave,1.0,cleanser
B01N1LL62W,"cerave foaming facial cleanser | daily face wash for oily skin with hyaluronic acid, ceramides, and niacinamide| fragrance free paraben free | 16 fluid ounce",$16.99 ($1.06 / Fl Oz),$17.99 ($1.12 / Fl Oz),https://www.amazon.com/dp/B01N1LL62W,4.7,76016.0,cerave,1.0,cleanser
B00NQ3463K,"cerave foaming facial cleanser, 12 ounce",$19.61 ($1.63 / Fl Oz),,https://www.amazon.com/dp/B00NQ3463K,4.7,370.0,cerave,1.0,cleanser
B07K3261ZD,cerave hyaluronic acid serum for face with vitamin b5 and ceramides | hydrating face serum for dry skin | fragrance free | 1 ounce,$16.02,$22.99,https://www.amazon.com/dp/B07K3261ZD,4.6,25457.0,cerave,1.0,serum
B08CQDF382,cerave hydrating cream-to-foam cleanser | hydrating makeup remover and face wash with hyaluronic acid | fragrance free non-comedogenic | 19 fluid ounce,$17.30 ($0.91 / Fl Oz),$19.99 ($1.05 / Fl Oz),https://www.amazon.com/dp/B08CQDF382,4.7,19133.0,cerave,1.0,cleanser
B0C7J55374,"cerave hydrating foaming oil cleanser | foaming oil wash with squalane oil, triglyceride, hyaluronic acid and ceramides | for dry to very dry skin | 8 oz",$12.37 ($1.55 / Fl Oz),$15.99 ($2.00 / Fl Oz),https://www.amazon.com/dp/B0C7J55374,4.6,201.0,cerave,1.0,cleanser
B00CICLTAI,"cerave mineral sunscreen stick for kids & adults | 100% mineral sunscreen, zinc oxide & titanium dioxide with hyaluronic acid and ceramides | broad spectrum spf 50 | fragrance free | 0.47 ounce",$8.99 ($19.13 / Ounce),$9.99 ($21.26 / Ounce),https://www.amazon.com/dp/B00CICLTAI,4.5,5874.0,cerave,1.0,sunscreen
B00TTD9BRC,cerave moisturizing cream | body and face moisturizer for dry skin | body cream with hyaluronic acid and ceramides | hydrating moisturizer | fragrance free non-comedogenic | 19 ounce,$17.78 ($0.94 / Ounce),$19.49 ($1.03 / Ounce),https://www.amazon.com/dp/B00TTD9BRC,4.8,122440.0,cerave,1.0,moisturizer
B00365DABC,"cerave pm facial moisturizing lotion | night cream with hyaluronic acid and niacinamide | ultra-lightweight, oil-free moisturizer for face | 3 ounce",$14.04 ($4.68 / Ounce),$19.99 ($6.66 / Ounce),https://www.amazon.com/dp/B00365DABC,4.7,45741.0,cerave,1.0,moisturizer
B00U1YCRD8,"cerave sa cleanser | salicylic acid cleanser with hyaluronic acid, niacinamide & ceramides| bha exfoliant for face | fragrance free non-comedogenic | 8 ounce",$12.37 ($1.55 / Ounce),,https://www.amazon.com/dp/B00U1YCRD8,4.7,60760.0,cerave,1.0,cleanser
B00SNPCSUY,"cerave skin renewing night cream | niacinamide, peptide complex, and hyaluronic acid moisturizer for face | 1.7 ounce, packaging may vary",$15.38 ($9.05 / Ounce),$21.99 ($12.94 / Ounce),https://www.amazon.com/dp/B00SNPCSUY,4.6,38891.0,cerave,1.0,moisturizer
B098RBCQ4Z,"cerave skin renewing nightly exfoliating treatment | anti aging face serum with glycolic acid, lactic acid, and ceramides| dark spot corrector for face | 1.7 oz",$18.99 ($11.17 / Ounce),$29.99 ($17.64 / Ounce),https://www.amazon.com/dp/B098RBCQ4Z,4.6,4804.0,cerave,0.0,exfoliator
B07YLKXV11,cerave tinted sunscreen with spf 30 | hydrating mineral sunscreen with zinc oxide & titanium dioxide | sheer tint for healthy glow | 1.7 fluid ounce,$13.97 ($19.96 / Fl Oz),$15.99 ($22.84 / Fl Oz),https://www.amazon.com/dp/B07YLKXV11,4.4,50257.0,cerave,1.0,sunscreen
B099N1LC4R,"cetaphil body moisturizer, hydrating moisturizing cream for dry to very dry, sensitive skin, new 20 oz, fragrance free, non-comedogenic, non-greasy",$15.97 ($0.83 / Ounce),,https://www.amazon.com/dp/B099N1LC4R,4.8,10468.0,cetaphil,1.0,moisturizer
B099MYSH3X,"cetaphil body moisturizer, hydrating moisturizing lotion for all skin types, suitable for sensitive skin, new 16 oz pack of 2, fragrance free, hypoallergenic, non-comedogenic",$19.99 ($0.62 / Fl Oz),$26.99 ($0.84 / Fl Oz),https://www.amazon.com/dp/B099MYSH3X,4.7,6991.0,cetaphil,1.0,moisturizer
B07SDQDMZ4,"cetaphil clay mask pro, dermacontrol purifying clay exfoliating face mask for nourishment with bentonite clay for blackheads and pores, designed for oily, sensitive skin, 3 oz",$12.89 ($4.30 / Ounce),$15.99 ($5.33 / Ounce),https://www.amazon.com/dp/B07SDQDMZ4,4.4,11233.0,cetaphil,1.0,clay mask
B09Y4H2KSS,"cetaphil cream to foam face wash, hydrating foaming cream cleanser, 16 oz, for normal to dry, sensitive skin, with soothing prebiotic aloe, hypoallergenic, fragrance free",$12.43 ($0.78 / Ounce),$14.99 ($0.94 / Ounce),https://www.amazon.com/dp/B09Y4H2KSS,4.7,2386.0,cetaphil,1.0,cleanser
B01MG4PSK4,"cetaphil daily hydrating lotion for face, with hyaluronic acid, 3 fl oz, lasting 24 hr hydration, for combination skin, no added fragrance, non-comedogenic",$14.22 ($4.74 / Fl Oz),$14.97 ($4.99 / Fl Oz),https://www.amazon.com/dp/B01MG4PSK4,4.6,23750.0,cetaphil,1.0,moisturizer
B0897V6H9C,"cetaphil deep hydration refreshing eye serum, 0.5 fl oz, 48hr hydrating under eye cream to reduce the appearance of dark circles, with hyaluronic acid, vitamin e & b5 (packaging may vary)",$11.97 ($23.94 / Fl Oz),$17.49 ($34.98 / Fl Oz),https://www.amazon.com/dp/B0897V6H9C,4.4,5383.0,cetaphil,1.0,eye cream
B07GDT961B,"cetaphil dermacontrol oil absorbing moisturizer with spf 30, for sensitive, oily skin, 4 fl oz, absorbs oil, reduces shine, hydrates, protects, no added fragrance",$13.55 ($3.39 / Fl Oz),$16.99 ($4.25 / Fl Oz),https://www.amazon.com/dp/B07GDT961B,4.5,13345.0,cetaphil,1.0,moisturizer
B077FZ112C,"cetaphil exfoliating face wash, extra gentle daily face scrub, gently exfoliates & cleanses, for all skin types, non-irritating & hypoallergenic, suitable for sensitive skin, 6 fl oz, pack of 2",$17.94 ($1.50 / Fl Oz),,https://www.amazon.com/dp/B077FZ112C,4.5,7663.0,cetaphil,1.0,face scrub
B08LR42YZG,"cetaphil face moisturizer, daily oil free facial moisturizer with spf 35, for dry or oily combination sensitive skin, fragrance free face lotion",$11.65 ($3.88 / Fl Oz),$15.99 ($5.33 / Fl Oz),https://www.amazon.com/dp/B08LR42YZG,4.5,7613.0,cetaphil,1.0,moisturizer
B09Y4HHY1P,"cetaphil face wash, daily facial cleanser for sensitive, combination to oily skin, new 16 oz, fragrance free,gentle foaming, soap free, hypoallergenic",$11.97 ($0.75 / Fl Oz),$16.99 ($1.06 / Fl Oz),https://www.amazon.com/dp/B09Y4HHY1P,4.7,16319.0,cetaphil,1.0,cleanser
B093VXR48L,"cetaphil face wash, healthy radiance gentle exfoliating cleanser, visibly reduces look of dark spots and hyperpigmentation, designed for sensitive skin, hypoallergenic, fragrance free, 4.2oz",$7.19 ($1.71 / Fl Oz),$11.99 ($2.85 / Fl Oz),https://www.amazon.com/dp/B093VXR48L,4.4,1527.0,cetaphil,1.0,exfoliator
B099N3NM61,"cetaphil face wash, hydrating gentle skin cleanser for dry to normal sensitive skin, new 20oz, fragrance free, soap free and non-foaming",$13.97 ($0.70 / Fl Oz),$15.49 ($0.77 / Fl Oz),https://www.amazon.com/dp/B099N3NM61,4.6,8107.0,cetaphil,1.0,cleanser
B07GC74LL5,"cetaphil gentle skin cleanser 20 fl oz, hydrating face wash & body wash, ideal for sensitive, dry skin, non-irritating, wont clog pores, fragrance-free, soap-free, dermatologist recommended",$20.25 ($1.01 / Fl Oz),,https://www.amazon.com/dp/B07GC74LL5,4.6,35101.0,cetaphil,1.0,cleanser
B07798MG7Q,"cetaphil hydrating eye gel-cream, with hyaluronic acid, 0.5 fl oz, brightens and smooths under eyes, 24 hour hydration for all skin types, (packaging may vary)",$12.99 ($25.98 / Fl Oz),$15.49 ($30.98 / Fl Oz),https://www.amazon.com/dp/B07798MG7Q,4.4,17927.0,cetaphil,1.0,eye cream
B077FJJDVD,"cetaphil oil free gentle foaming cleanser for dry to normal, sensitive skin, 8oz pack of 2, made with glycerin and vitamins b5 and e, dermatologist tested, hypoallergenic, soap free, fragrance free",$17.94 ($1.12 / Fl Oz),,https://www.amazon.com/dp/B077FJJDVD,4.6,5273.0,cetaphil,1.0,cleanser
B07Q4849D5,changing faces / scrubbing the scene,$0.99,,https://www.amazon.com/dp/B07Q4849D5,,,changing faces / scrubbing,0.0,face scrub
B077MZQ4F9,"chap-ice® | premium and traditional lip balm for chapped, dry, or windburned lips | 3 flavor assorted display - cherry spf-4, moisture spf-15, watermelon - 24 sticks (0.15oz/4.25g)",$21.99 ($6.11 / Ounce),,https://www.amazon.com/dp/B077MZQ4F9,4.7,2051.0,chap-ice,1.0,lipbalm
B01LX97A0E,"chap-lip lip balm 60 ct. with fruit flavors, cocoa butter, coconut oil. moisturizing vitamin e & total hydration treatment & soothing lip therapy made in usa",$31.99 ($3.55 / Ounce),,https://www.amazon.com/dp/B01LX97A0E,4.7,5359.0,chap-lip,1.0,lipbalm
B082QV3Z49,"chap-lip vitamin e lip balm with coconut oil - lip moisturizer treatment - moisturizing, soothing, & refreshing, total hydration treatment & lip therapy - assortment of 6 refreshing flavors, 48 count",$24.98,$34.99,https://www.amazon.com/dp/B082QV3Z49,4.7,6885.0,chap-lip lip balm,1.0,lipbalm
B07NX71WJX,"chapstick classic original lip balm tubes, lip care - 0.15 oz (pack of 12)",$15.16 ($8.42 / Ounce),$16.40 ($9.11 / Ounce),https://www.amazon.com/dp/B07NX71WJX,4.6,3172.0,chapstick classic original lip,1.0,lipbalm
B000GG64O4,chapstick lip balm,$3.88 ($1.29 / Count),$4.75 ($1.58 / Count),https://www.amazon.com/dp/B000GG64O4,4.8,5329.0,chapstick lip balm,1.0,lipbalm
B06ZZCYGMD,"chapstick lip balm, 0.12 oz",$3.29,$4.49,https://www.amazon.com/dp/B06ZZCYGMD,4.6,13153.0,"chapstick lip balm, 0.12",1.0,lipbalm
B07D2L1NCJ,"chapstick lip balm, 1 count",$1.43,$1.99,https://www.amazon.com/dp/B07D2L1NCJ,4.7,4085.0,"chapstick lip balm, 1",1.0,lipbalm
B0BG6G5VPJ,"chapstick moisturizer original lip balm tube, spf 15 and skin protectant - 0.15 oz",$1.38,,https://www.amazon.com/dp/B0BG6G5VPJ,4.5,115.0,chapstick,1.0,lipbalm
B072L7LW8S,"chapstick summer collection peaches & cream, 0.15 oz (pack of 12)",$17.99 ($1.50 / Count),,https://www.amazon.com/dp/B072L7LW8S,4.7,190.0,chapstick summer collection peaches,1.0,lipbalm
B0149MTNRA,"chapstick total hydration coconut lip balm tube, hydrating coconut chapstick for lip care - 0.12 oz",$3.24 ($27.00 / Ounce),$6.99 ($58.25 / Ounce),https://www.amazon.com/dp/B0149MTNRA,4.7,7879.0,chapstick total hydration coconut,1.0,lipbalm
B072J77FVC,charcoal exfoliating face & body scrub polish with collagen & stem cell gentle body exfoliator bump eraser best shower scrub skin exfoliant moisturize skin exfoliate absorbs nutrients by m3 naturals,$19.91 ($1.66 / Fl Oz),$34.80 ($2.90 / Fl Oz),https://www.amazon.com/dp/B072J77FVC,4.4,14381.0,m3 naturals,1.0,exfoliator
B015VVFZ4I,charlotte tilbury goddess skin clay mask 2.53 oz.,$53.01 ($20.95 / Ounce),$59.99 ($23.71 / Ounce),https://www.amazon.com/dp/B015VVFZ4I,4.3,39.0,charlotte tilbury,1.0,clay mask
B08K8JQPVH,"chasin' rabbits mindful bubble cleanse | vegan all in one face to body bubble cleanser | pore purifying with charcoal face wash for mens, for oily skin | 200ml/6.76 fl. oz",$15.99 ($2.37 / Fl Oz),,https://www.amazon.com/dp/B08K8JQPVH,4.8,169.0,chasin' rabbits,1.0,cleanser
B0BXX4T82L,chasin’ rabbits magic beauty shroom essence patch | korean skin care gel face moisturizer clear essence patch | facial moisturizer essence skin care patch w/tremella mushroom extract (70 patches),$29.00 ($2.90 / Count),,https://www.amazon.com/dp/B0BXX4T82L,4.7,25.0,chasin’ rabbits magic beauty,1.0,essence
B07DCMK68J,chinoshio natural pore cleansing oil (150ml 5.07oz) natural plant extracts,$35.55 ($6.97 / Fl Oz),$37.36 ($7.33 / Fl Oz),https://www.amazon.com/dp/B07DCMK68J,4.1,47.0,chinoshio natural pore cleansing,1.0,cleansing oil
B09MD9TZRN,"clamine clay by mi nature | for younger looking skin , detoxifying skin | 227g( 8 oz) ( 0.5 lb) | facial cleansing mask | use to make masks, creams, scrubs, bath bombs, body wash and soaps (calamine clay)",$9.99 ($1.25 / Ounce),,https://www.amazon.com/dp/B09MD9TZRN,4.9,43.0,minature,1.0,clay mask
B08VTGP81H,"clarins double serum | award-winning | anti-aging | visibly firms, smoothes and boosts radiance in just 7 days* | 21 plant ingredients, including turmeric | all skin types, ages and ethnicities",$180.00 ($72.00 / Fl Oz),,https://www.amazon.com/dp/B08VTGP81H,4.7,1823.0,clarins double serum |,1.0,serum
B0BY1S1PXY,"clayco! 10 piece clay mask variety kit | rose, dead sea, green tea, aloe vera, 24k gold | for men & women facial and skin care",$13.39 ($379.32 / Ounce),,https://www.amazon.com/dp/B0BY1S1PXY,4.9,20.0,clayco!,1.0,clay mask
B00JFV5X3E,"clean & clear 2-pack day and night face cleanser citrus morning burst facial cleanser with vitamin c and cucumber, relaxing night facial cleanser with sea minerals, oil free & hypoallergenic face wash",$9.78 ($1.22 / Fl Oz),$14.59 ($1.82 / Fl Oz),https://www.amazon.com/dp/B00JFV5X3E,4.6,35910.0,clean & clear,1.0,cleanser
B001E96LVS,"clean & clear essentials dual action facial moisturizer, 0.5% salicylic acid acne medication to moisturize dry skin, treat acne & help prevent pimples, oil free for acne-prone skin, 4 oz (pack of 3)",$17.94 ($1.50 / Ounce),$23.97 ($2.00 / Ounce),https://www.amazon.com/dp/B001E96LVS,4.7,2998.0,clean & clear,1.0,moisturizer
B008IEUERE,"clean & clear essentials foaming facial cleanser, oil-free daily face wash with glycerin to remove acne breakout-causing dirt, oil & makeup without over-drying, 8 fl oz (packaging may vary)",$5.36 ($0.67 / Fl Oz),$7.59 ($0.95 / Fl Oz),https://www.amazon.com/dp/B008IEUERE,4.5,9475.0,clean & clear,1.0,cleanser
B0719GRD5R,"clean & clear oil-free deep action exfoliating facial scrub, cooling daily face wash with exfoliating beads for smooth skin, cleanses deep down to the pores to remove dirt, oil & makeup, 7 oz",$7.27 ($1.04 / Fl Oz),$9.79 ($1.40 / Fl Oz),https://www.amazon.com/dp/B0719GRD5R,4.6,24763.0,clean & clear,1.0,face scrub
B08L6SC34P,clean it zero cleansing balm revitalizing,$19.50 ($5.74 / Fl Oz),$28.90 ($8.50 / Fl Oz),https://www.amazon.com/dp/B08L6SC34P,4.6,271.0,banila co,1.0,cleansing balm
B09XJYDZGG,cleansing oil,$0.69,,https://www.amazon.com/dp/B09XJYDZGG,,,cleansing oil,0.0,cleansing oil
B0C43LK22L,cleansing with essential oils,$0.99,,https://www.amazon.com/dp/B0C43LK22L,,,cleansing with essential oils,0.0,cleansing oil
B08ZCR6WZY,"clear collective exfoliating jelly cleanser from hero cosmetics - gentle daily jelly-to-foam facial cleanser, eliminates excess oil and removes dead skin, fragrance and paraben free (5.07 fl oz)",$12.99 ($2.56 / Fl Oz),,https://www.amazon.com/dp/B08ZCR6WZY,4.4,2517.0,mighty patch,1.0,cleanser
B092TP26XG,"cliganic tinted lip balm - non-gmo, 4 colors - enriched with vitamin e, cruelty free",$9.99 ($9.99 / Count),$11.99 ($11.99 / Count),https://www.amazon.com/dp/B092TP26XG,4.3,1330.0,cliganic,1.0,lipbalm
B07X62WVM4,cliganic usda organic lip balm set - 6 flavors - 100% natural moisturizer for cracked & dry lips,$9.99 ($1.66 / Count),$11.99 ($2.00 / Count),https://www.amazon.com/dp/B07X62WVM4,4.6,25850.0,cliganic,1.0,lipbalm
B000OUTR32,"clinique all about eyes cream for unisex, 0.5 ounce",$19.00 ($37.25 / Fl Oz),$22.99 ($45.08 / Fl Oz),https://www.amazon.com/dp/B000OUTR32,4.6,2021.0,clinique,1.0,eye cream
B08XJX48SF,"clinique all about eyes cream, 0.5 oz unboxed",$17.28 ($34.56 / Ounce),$20.00 ($40.00 / Ounce),https://www.amazon.com/dp/B08XJX48SF,4.6,1044.0,clinique,1.0,eye cream
B00AGPUL7G,"clinique all about eyes rich cream, 0.5 ounce",$24.07 ($48.14 / Ounce),$27.03 ($54.06 / Ounce),https://www.amazon.com/dp/B00AGPUL7G,4.7,1312.0,clinique,1.0,eye cream
B000QXGBOU,clinique dramatically different moisturising gel with pump 4.2oz / 125ml,$18.00 ($4.29 / Fl Oz),$30.00 ($7.14 / Fl Oz),https://www.amazon.com/dp/B000QXGBOU,4.7,2258.0,clinique,1.0,moisturizer
B00CVZ3NJ2,clinique dramatically different moisturizing lotion+ with pump very dry to dry combination skin 4.2 oz / 125 ml,$21.99 ($5.24 / Fl Oz),,https://www.amazon.com/dp/B00CVZ3NJ2,4.7,12554.0,clinique,1.0,moisturizer
B09QD6NM2S,clinique smart clinical repair wrinkle correcting eye cream 5 ml / 0.17 ounce,$6.89 ($40.53 / Ounce),,https://www.amazon.com/dp/B09QD6NM2S,4.2,248.0,clinique,1.0,eye cream
B06X6NLTJX,clinique take the day off cleansing balm .5 oz makeup remover,$6.90 ($13.80 / Ounce),$9.92 ($19.84 / Ounce),https://www.amazon.com/dp/B06X6NLTJX,4.5,624.0,clinique,1.0,cleansing balm
B00EXZF01W,clinique take the day off cleansing balm makeup remover 3.8 oz/ 125 ml,$21.85 ($5.18 / Fl Oz),$23.79 ($5.64 / Fl Oz),https://www.amazon.com/dp/B00EXZF01W,4.7,403.0,clinique,0.0,cleansing balm
B07D5C86RX,"clinique take the day off cleansing balm, clear, 3.8 fl oz",$22.88 ($6.02 / Fl Oz),$29.50 ($7.76 / Fl Oz),https://www.amazon.com/dp/B07D5C86RX,4.7,1358.0,clinique,0.0,cleansing balm
B000WN6N56,"clinique take the day off cleansing balm-/3.8oz, (215552)",$21.65 ($5.70 / Ounce),$24.00 ($6.32 / Ounce),https://www.amazon.com/dp/B000WN6N56,4.7,2622.0,clinique,0.0,cleansing balm
B0BQHT413D,clinique take the day off™ charcoal cleansing balm makeup remover 4.2 oz / 125 ml,$28.31,$30.75,https://www.amazon.com/dp/B0BQHT413D,5.0,1.0,clinique,1.0,cleansing balm
B08PSX1LW2,clinique's by clinique take the day off cleansing balm -30ml,$11.46 ($11.35 / Fl Oz),,https://www.amazon.com/dp/B08PSX1LW2,4.5,50.0,clinique,1.0,cleansing balm
B07B6HQRYS,"cln® facial moisturizer - soothes & calms skin, helps reduce appearance of redness, locks in moisture without clogging pores, dermatologist & clinically tested, 3.4 oz.",$35.00 ($10.29 / Fl Oz),,https://www.amazon.com/dp/B07B6HQRYS,4.5,265.0,cln,1.0,moisturizer
B0756MRF4C,"cocomia neutrogena hydro boost eye awakening gel-cream, a shot of intense hydration, under-eye cream, 15 ml",$7.70 ($15.10 / Fl Oz),$13.48 ($26.43 / Fl Oz),https://www.amazon.com/dp/B0756MRF4C,4.3,2096.0,neutrogena,1.0,eye cream
B0CGVQ9ZZL,"cono essence skin care serum, cono peptide essence 84% anti-wrinkle serum, cono peptide essence anti-aging wrinkle serum, instant lifting face skin care, reduce pigmentation and fine lines (1 pc)",$5.99 ($5.99 / Fl Oz),,https://www.amazon.com/dp/B0CGVQ9ZZL,,,scaling women,0.0,essence
B0CGZTD4YW,"cono peptide essence - botox face serum for women, jennifer aniston anti aging serum, eelhoe cono peptide essence, instant lifting face skin, reduce pigmentation and fine lines (2pcs)",$9.95 ($4.98 / Count),,https://www.amazon.com/dp/B0CGZTD4YW,,,mknio,0.0,essence
B0CH8GZ2B1,"cono peptide essence 84% - cono peptide essence anti-aging wrinkle serum, cono peptide essence 84 percent restores youthful skin, instant lifting face skin, reduce pigmentation and fine lines (3pc)",$13.99 ($13.99 / Fl Oz),,https://www.amazon.com/dp/B0CH8GZ2B1,,,ponprngy,0.0,essence
B0CG5WZPZK,"cono peptide essence 84%, cono peptide essence anti-aging wrinkle serum, essence series,effective anti-ageing, instant lifting face skin, reduce pigmentation and fine lines (1pc)",$7.99 ($7.99 / Fl Oz),,https://www.amazon.com/dp/B0CG5WZPZK,,,generic,0.0,essence
B0CH7Y1B5Y,"cono peptide essence 84%，anti-wrinkle essence series,cono peptide anti-wrinkle anti-aging essence lifting, plumping, firming skin,pure plant extract facial serum essence(2pcs)",$12.99 ($6.50 / Ounce),,https://www.amazon.com/dp/B0CH7Y1B5Y,,,hongchengsm,1.0,essence
B0CH8D9TMC,"cono peptide essence, cono peptide essence 84%, essence anti-aging wrinkle serum instant face skin care, reduce pigmentation and fine lines(2pcs)",$9.90 ($9.90 / Fl Oz),,https://www.amazon.com/dp/B0CH8D9TMC,,,rednow,1.0,essence
B0C86B6HVF,"cono peptide essence, cono peptide essence anti-aging wrinkle serum, cono peptide essence anti-aging wrinkle serum instant lifting face skin care (2 pcs)",$9.99 ($9.99 / Count),,https://www.amazon.com/dp/B0C86B6HVF,5.0,1.0,zhxnghy,0.0,essence
B0CGR7R86V,"cono peptide essence,cono peptide essence anti-aging wrinkle serum,cono peptide essence anti-aging wrinkle serum instant lifting face skin care moisturizing facial serum(2 pcs)",$13.99 ($7.00 / Fl Oz),,https://www.amazon.com/dp/B0CGR7R86V,,,tptal,1.0,essence
B078BXSYTN,"coppertone kids sunscreen spray, spf 50, 5.5 oz, pack of 3",$19.47 ($1.18 / Ounce),$23.99 ($1.45 / Ounce),https://www.amazon.com/dp/B078BXSYTN,4.8,4827.0,coppertone,1.0,sunscreen
B0173G3AY6,"coppertone sport sunscreen spf 50 lotion, water resistant sunscreen, body sunscreen lotion, 7 fl oz",$7.24 ($1.03 / Fl Oz),$9.25 ($1.32 / Fl Oz),https://www.amazon.com/dp/B0173G3AY6,4.7,1527.0,coppertone,1.0,sunscreen
B074WVS78G,"coppertone sport sunscreen spray spf 100, water resistant, continuous spray sunscreen, broad spectrum spf 100 sunscreen, 5.5 oz spray",$10.38 ($1.89 / Ounce),,https://www.amazon.com/dp/B074WVS78G,4.4,4353.0,coppertone,1.0,sunscreen
B074W9HR72,"coppertone sport sunscreen spray spf 30, water resistant spray sunscreen, broad spectrum spf 30 sunscreen pack, 5.5 oz spray, pack of 2",$11.78 ($1.07 / Ounce),$13.89 ($1.26 / Ounce),https://www.amazon.com/dp/B074W9HR72,4.7,14984.0,coppertone,1.0,sunscreen
B078BC1NJ6,"coppertone sport sunscreen spray spf 50 5.5 oz, water resistant , broad spectrum , bulk pack, pack of 3",$20.63 ($1.25 / Ounce),$27.59 ($1.67 / Ounce),https://www.amazon.com/dp/B078BC1NJ6,4.8,8709.0,coppertone,1.0,sunscreen
B074WBHHYY,"coppertone sport sunscreen spray spf 50, water resistant spray sunscreen, broad spectrum spf 50 sunscreen pack, 5.5 oz spray, pack of 2",$14.85 ($1.35 / Ounce),,https://www.amazon.com/dp/B074WBHHYY,4.8,9127.0,coppertone,1.0,sunscreen
B09PF5KKS7,"coppertone tanning sunscreen spray, spf 15 broad spectrum tanning sunscreen, water resistant sunscreen, 5.5 oz, pack of 3",$20.63 ($1.25 / Ounce),$23.99 ($1.45 / Ounce),https://www.amazon.com/dp/B09PF5KKS7,4.7,5979.0,coppertone,1.0,sunscreen
B0B1MFMS7W,corneacare rest: self heating warm compress for eyes | heated eye mask for fast relief of dry eyes | no microwave needed | travel ready | eye treatment products for dry eye relief | 30 count,$35.00 ($1.17 / Count),,https://www.amazon.com/dp/B0B1MFMS7W,4.5,246.0,corneacare rest: self heating,1.0,eye mask
B01AH4MJ02,cosmedica hyaluronic acid serum for skin – 4 fl. oz hydrating facial moisturizer with anti-aging skin care properties. beauty and skin care,$23.95 ($5.99 / Fl. Oz),,https://www.amazon.com/dp/B01AH4MJ02,4.4,39553.0,cosmedica skincare,1.0,serum
B08V56GJ7W,"cosrx advanced snail hydrogel eye patch 60 patches (3.17 oz) | gel serum mask | undereye treament, fine lined, puffy eyes, revitalize, refresh, hydrate | paraben free, phthalates free, korean skincare",$21.29,$28.00,https://www.amazon.com/dp/B08V56GJ7W,4.6,716.0,cosrx,1.0,eye mask
B08H6PHF2N,"cosrx advanced snail mucin gel cleanser, 5.07 fl oz / 150 ml | rich daily deep cleansing gel for dry & sensitive skin | korean skincare, not tested on animals, no parabens",$18.00 ($3.55 / Ounce),,https://www.amazon.com/dp/B08H6PHF2N,4.6,1030.0,cosrx,1.0,cleanser
B07ZRF416W,"cosrx advanced snail peptide eye cream with 73.7% snail mucin + 2% niacinamide, 0.85 fl.oz / 25ml | brightening night cream for fine lines & dark circles, korean skin care, not tested on animals",$21.65 ($25.47 / Fl Oz),$26.00 ($30.59 / Fl Oz),https://www.amazon.com/dp/B07ZRF416W,4.5,2472.0,cosrx,1.0,eye cream
B07DKC23D5,"cosrx galactomyces 95% facial essence, 100ml / 3.38 fl.oz | daily lightweight korean toner with 2% niacinamide for dull & rough skin | korean skin care, not tested on animals, paraben free",$14.56 ($4.31 / Fl Oz),$24.00 ($7.10 / Fl Oz),https://www.amazon.com/dp/B07DKC23D5,4.5,2067.0,cosrx,1.0,essence
B016NRXO06,"cosrx low ph good morning gel cleanser, 5.07 fl.oz / 150ml, daily mild face cleanser for sensitive skin with bha and tea-tree oil, ph balancing, anti breakouts, no parabens, no sulfates, korean skincare",$11.00 ($2.17 / Fl Oz),$14.00 ($2.76 / Fl Oz),https://www.amazon.com/dp/B016NRXO06,4.5,14836.0,cosrx,1.0,cleanser
B09ZYB8S31,"cosrx niacinamide 15% face serum, minimize enlarged pores, redness relief, blemish & discoloration correcting treatment, 0.67 fl.oz/20 ml, not tested on animals, korean skincare",$14.50 ($21.64 / Fl Oz),$25.00 ($37.31 / Fl Oz),https://www.amazon.com/dp/B09ZYB8S31,4.6,443.0,cosrx,1.0,serum
B08FSWVXRD,"cosrx niacinamide 5% + snail mucin 74% dual essence, anti aging face serum for dull skin, hydrating, brightening, repairing, 2.70 fl.oz / 80ml, sensitive skin, not tested on animals, korean skincare",$27.09 ($10.03 / Fl Oz),,https://www.amazon.com/dp/B08FSWVXRD,4.6,2047.0,cosrx,1.0,serum
B01CLTKI4A,"cosrx oil free lotion with birch sap, daily acne facial moisturizer, 3.38 fl.oz / 100ml, hydrating moisturizer for all skin types, korean skincare, paraben free",$18.55 ($5.49 / Fl Oz),,https://www.amazon.com/dp/B01CLTKI4A,4.6,4645.0,cosrx,1.0,moisturizer
B0991FC8BG,"cosrx pink pore clarifying charcoal mask 3.8 fl. oz / 110g blackheads, pores, acne control, color changing fun skincare, detox face clay mask, wash off type",$20.96 ($5.52 / Fl Oz),,https://www.amazon.com/dp/B0991FC8BG,4.4,210.0,cosrx,1.0,clay mask
B07ZGJQZ8G,"cosrx propolis ampoule, glow boosting serum for face with 73.5% propolis extract, 1.01 fl.oz / 30ml, hydrating essence for sentsitive skin, fine lines, uneven skintone, not tested on animals, no parabens, no sulfates, no phthalates, korean skincare",$15.80 ($15.64 / Fl Oz),$28.00 ($27.72 / Fl Oz),https://www.amazon.com/dp/B07ZGJQZ8G,4.6,1684.0,cosrx,1.0,serum
B0919CJ4JG,"cosrx propolis nourishing sheet mask 10 ea, soothing & plumping honey serum, leave-on face mask for healthy glow & deep moisture, not tested on animals, no parabens, no sulfates, korean skincare",$27.00 ($2.70 / Count),$30.00 ($3.00 / Count),https://www.amazon.com/dp/B0919CJ4JG,4.7,34.0,cosrx,1.0,sheet mask
B091XYQFGN,"cosrx pure fit cica cleansing oil, 6.76 fl. oz / 200ml | light weight oil purifying centella for sensitive skin | cica-7 complex, jojoba seed oil",$25.00 ($3.70 / Fl Oz),,https://www.amazon.com/dp/B091XYQFGN,4.2,73.0,cosrx,1.0,cleansing oil
B091YKXNYL,"cosrx pure fit cica smoothing cleansing balm​, 4.05 fl oz / 120ml | deep hydrating meltaway cleanse for sensitive skin",$18.00 ($4.44 / Fl Oz),,https://www.amazon.com/dp/B091YKXNYL,4.1,73.0,cosrx,1.0,cleansing balm
B0BS8M8Q5L,"cosrx pure vitamin c 13% serum with vitamin e & hyaluronic acid, brightening & hydrating facial serum for dark spots, fine lines, uneven skin tone, 0.67fl.oz/20ml, animal testing-free, korean skincare",$18.90 ($28.21 / Fl Oz),$21.00 ($31.34 / Fl Oz),https://www.amazon.com/dp/B0BS8M8Q5L,4.4,130.0,cosrx,1.0,serum
B09ZY8T55Y,"cosrx pure vitamin c 23% serum with vitamin e & hyaluronic acid, brightening & hydrating facial serum for dark spots, fine lines, uneven skin tone, 0.67fl.oz/20ml, animal testing-free, korean skincare",$18.73 ($27.96 / Fl Oz),$25.00 ($37.31 / Fl Oz),https://www.amazon.com/dp/B09ZY8T55Y,4.3,1505.0,cosrx,1.0,serum
B01LEJ5MSK,"cosrx snail mucin 92% moisturizer 3.52 oz, daily repair face gel cream for dry skin, sensitive skin, not tested on animals, no parabens, no sulfates, no phthalates, korean skincare (3.52 oz/100g)",$19.20 ($0.19 / Fl Oz),$26.00 ($0.26 / Fl Oz),https://www.amazon.com/dp/B01LEJ5MSK,4.6,23713.0,cosrx,1.0,moisturizer
B00PBX3L7K,"cosrx snail mucin 96% power repairing essence 3.38 fl.oz 100ml, hydrating serum for face with snail secretion filtrate for dull & damaged skin, not tested on animals, no parabens, korean skincare",$15.92 ($4.71 / Fl Oz),$25.00 ($7.40 / Fl Oz),https://www.amazon.com/dp/B00PBX3L7K,4.6,47649.0,cosrx,1.0,serum
B08JSL9W6K,"cosrx snail mucin sheet mask 10 ea, snail essence leave-on face masks for dry, acne prone, sensitive skin, snail secretion filtrate, not tested on animals, no parabens, no sulfates, korean skincare",$30.00 ($3.00 / Count),,https://www.amazon.com/dp/B08JSL9W6K,4.7,1241.0,cosrx,1.0,sheet mask
B09LB91W1H,"covergirl clean fresh tinted lip balm, bliss you berry",$4.98 ($35.57 / Ounce),$6.99 ($49.93 / Ounce),https://www.amazon.com/dp/B09LB91W1H,4.5,3599.0,covergirl,1.0,lipbalm
B000GIW74S,cow brand gyunyu non additive makeup cleansing oil 5.1oz/150ml,$12.15 ($2.38 / Fl Oz),$13.00 ($2.55 / Fl Oz),https://www.amazon.com/dp/B000GIW74S,4.6,189.0,cow brand additive-free,1.0,cleansing oil
B07PCTBWZT,"coxir ultra hyaluronic cleansing oil |no paraben, no silicon, no animal testing, no mineral oil | k-beauty, korean skin care| make-up remover, blackhead off",$17.00 ($3.35 / Fl Oz),$17.89 ($3.53 / Fl Oz),https://www.amazon.com/dp/B07PCTBWZT,4.4,493.0,coxir,1.0,cleansing oil
B000HWBUBE,culture shock/f.u.n.,$1.99,,https://www.amazon.com/dp/B000HWBUBE,4.7,8278.0,culture shock/f.u.n.,0.0,face scrub
B09FYT6VR3,"curel japanese skin care facial cleansing oil for face, oil-based makeup remover for dry, sensitive skin, 5 ounce, fragrance free",$14.50 ($2.90 / Fl Oz),,https://www.amazon.com/dp/B09FYT6VR3,4.4,450.0,curel,1.0,cleansing oil
B096BNNBTR,cuteskins eye care cream - tripeptide complex - vitamin e -green tea -anti aging - day & night eye care to reduce wrinkles & fine lines 1.7,$7.99 ($4.70 / Ounce),,https://www.amazon.com/dp/B096BNNBTR,4.6,29.0,cuteskins,1.0,eye cream
B0C5NTFF9B,daeng gi meo ri - egg planet pha cleansing oil 5.0 fl oz/ 150ml,$20.00 ($20.00 / Fl Oz),,https://www.amazon.com/dp/B0C5NTFF9B,,,daeng gi meo ri,1.0,cleansing oil
B0C5WDGNRP,"dansib 600 pieces of lip balm bulk with 20 flavors, lip moisturizer for moisturizing, soothing, chapped lips, add your own labels for business, party supplies, gift baskets",$140.99 ($140.99 / Count),,https://www.amazon.com/dp/B0C5WDGNRP,,,dansib,1.0,lipbalm
B00PGOBWPW,"dearklairs gentle black deep cleansing oil, makeup cleansing oil cleanser, 150ml, 5.07oz, daily face wash remover, no clogging pores, hydrating, k beauty, all skin types",$19.00 ($3.75 / Fl Oz),$22.90 ($4.52 / Fl Oz),https://www.amazon.com/dp/B00PGOBWPW,4.4,2632.0,dearklairs,1.0,cleansing oil
B0BT6ZYDK1,"deep exfoliating mitt for body scrub. 2 pack plant-based exfoliating gloves - great for dead skin removal, keratosis pilaris and self tanning",$5.89 ($2.94 / Count),$7.97 ($3.98 / Count),https://www.amazon.com/dp/B0BT6ZYDK1,4.3,183.0,simplefield,1.0,exfoliator
B0B77QD7SN,deep hydration nourishing cleansing balm,$10.29 ($3.43 / Ounce),$15.99 ($5.33 / Ounce),https://www.amazon.com/dp/B0B77QD7SN,4.2,233.0,andalou naturals,1.0,cleansing balm
B08DJ45ZRF,"defender safety- astm level 3, 4 layer, 99% pfe, medical grade, procedure face mask (50 pack)",$19.95,,https://www.amazon.com/dp/B08DJ45ZRF,4.5,3807.0,defender safety- astm level,1.0,face mask
B0CD25XNSG,"depology matrixyl 3000 collagen boosting serum, anti-wrinkle serum, facial skin serum skin care products",$40.00 ($39.60 / Fl Oz),,https://www.amazon.com/dp/B0CD25XNSG,4.7,43.0,depology,1.0,serum
B07QFFS6HX,"derma e acne blemish control treatment serum – active salicylic acid serum for face – pore-cleaning anti-blemish and blackhead treatment for blemish-prone skin, 2 fl oz",$15.00 ($7.50 / Fl Oz),$20.41 ($10.20 / Fl Oz),https://www.amazon.com/dp/B07QFFS6HX,4.4,922.0,derma-e,1.0,serum
B0000CCW1N,"derma e microdermabrasion scrub with dead sea salt & citrus essential oils – facial exfoliating scrub smooths, revitalizes and renews – ideal for scars and wrinkles, 2oz",$18.79 ($9.40 / Ounce),$32.50 ($16.25 / Ounce),https://www.amazon.com/dp/B0000CCW1N,4.7,2623.0,derma-e,1.0,exfoliator
B010D6V1R6,"derma e purifying daily facial detox scrub with activated charcoal and seaweed extract –exfoliating face scrub cleanses, smooths and brightens, 4oz",$11.49 ($2.87 / Ounce),$15.50 ($3.88 / Ounce),https://www.amazon.com/dp/B010D6V1R6,4.6,1250.0,derma e purifying daily,1.0,face scrub
B0009ET6CA,"derma e ultra hydrating dewy skin serum – moisturizing facial treatment with anti-aging squalane, hyaluronic acid and ceramides to smooth and replenish, 2 fl oz",$15.13 ($7.56 / Ounce),$29.50 ($14.75 / Ounce),https://www.amazon.com/dp/B0009ET6CA,4.5,977.0,derma-e,1.0,serum
B01MA35EGM,"derma e vitamin c concentrated serum with hyaluronic acid – all natural, antioxidant-rich concentrated facial serum – firming and brightening skin serum, 2oz",$16.41,$24.95,https://www.amazon.com/dp/B01MA35EGM,4.5,5931.0,derma-e,1.0,serum
B00A2F06Z2,"derma-e hydrating eye cream – firming and lifting hyaluronic acid treatment - under eye and upper eyelid cream reduces puffiness and appearance of fine lines, 0.5 oz",$16.19,$29.95,https://www.amazon.com/dp/B00A2F06Z2,4.2,1368.0,derma-e,1.0,eye cream
B003XQ929I,"derma-e hydrating gentle cleanser with hyaluronic acid – moisturizing facial cleanser tones, moisturizes & improves skin texture – gently exfoliating face wash, 6 fl oz",$10.94,$15.50,https://www.amazon.com/dp/B003XQ929I,4.5,2115.0,derma-e,1.0,cleanser
B00XAJI1AE,"derma-e stem cell lifting eye treatment – multi action firming and tightening under eye and upper eyelid cream - hydrating and revitalizing moisturizer, 0.5oz",$16.84,$24.95,https://www.amazon.com/dp/B00XAJI1AE,4.0,2374.0,derma-e stem cell lifting,1.0,eye cream
B00BAM7F8C,dermal 16 combo pack a collagen essence korean face mask - hydrating & soothing facial mask with panthenol - hypoallergenic self care sheet mask for all skin types - natural home spa treatment masks,$11.99,$16.00,https://www.amazon.com/dp/B00BAM7F8C,4.5,32428.0,dermal,1.0,sheet mask
B0722LVW3B,dermal 24 combo pack a collagen essence korean face mask - hydrating & soothing facial mask with panthenol - hypoallergenic self care sheet mask for all skin types - natural home spa treatment mask,$15.99 ($0.67 / Count),$24.00 ($1.00 / Count),https://www.amazon.com/dp/B0722LVW3B,4.6,22869.0,dermal,1.0,sheet mask
B0797V8QZP,dermal 39 combo pack a collagen essence korean face mask - hydrating & soothing facial mask with panthenol - hypoallergenic self care sheet mask for all skin types - natural home spa treatment masks,$23.99 ($0.62 / Count),$39.00 ($1.00 / Count),https://www.amazon.com/dp/B0797V8QZP,4.6,7865.0,dermal,1.0,sheet mask
B001AZVRII,dermalogica active moist - oil-free lightweight face moisturizer - helps improve skin texture and combat surface dehydration for women and men 3.4 fl oz,$74.00 ($21.76 / Fl Oz),,https://www.amazon.com/dp/B001AZVRII,4.7,2590.0,dermalogica active moist -,1.0,moisturizer
B07T8WLKBH,"dermalogica age bright clearing serum (1 fl oz) anti-aging face serum with salicylic acid - promotes smoother, clearer, brighter, and more even skin",$75.00,,https://www.amazon.com/dp/B07T8WLKBH,4.6,484.0,dermalogica age bright clearing,1.0,serum
B001VMJSCW,"dermalogica daily microfoliant - exfoliator facial scrub powder - achieve brighter, smoother skin daily with papaya enzyme and salicylic acid",$18.00 ($40.00 / Ounce),,https://www.amazon.com/dp/B001VMJSCW,4.6,8465.0,dermalogica daily microfoliant -,1.0,exfoliator
B001B1MZ5U,"dermalogica intensive moisture balance (3.4 fl oz) face moisturizer with hyaluronic acid - restores balance to dry, depleted skin for optimal barrier performance",$74.00 ($21.76 / Fl Oz),,https://www.amazon.com/dp/B001B1MZ5U,4.7,2831.0,dermalogica intensive moisture balance,1.0,moisturizer
B07TKFSF17,dermalogica sebum clearing masque (2.5 fl oz) - anti-aging clay face mask with salicylic acid - absorbs excess oils to soothe and refine skin texture,$54.00 ($21.60 / Fl Oz),,https://www.amazon.com/dp/B07TKFSF17,4.5,318.0,dermalogica sebum clearing masque,1.0,clay mask
B005KUGUBS,"dermalogica skin resurfacing cleanser, dual-action anti-aging exfoliating face wash and cleanser - smoothes skin with lactic acid, 5.1 fl oz",$48.00 ($9.41 / Fl Oz),,https://www.amazon.com/dp/B005KUGUBS,4.6,1693.0,"dermalogica skin resurfacing cleanser,",1.0,cleanser
B000980PGW,dermalogica skin smoothing cream (3.4 fl oz) face moisturizer with vitamin c and vitamin e - infuses skin with 48 hours of continuous hydration,$74.00 ($21.76 / Fl Oz),,https://www.amazon.com/dp/B000980PGW,4.7,2309.0,dermalogica skin smoothing cream,1.0,moisturizer
B00D58RWPU,dermalogica ultracalming cleanser (16.9 fl oz) gentle non-foaming face wash for sensitive skin - no artificial fragrances or colors,$68.00 ($4.02 / Fl Oz),,https://www.amazon.com/dp/B00D58RWPU,4.7,1439.0,dermalogica ultracalming cleanser (16.9,1.0,cleanser
B07QC67KY3,"dermalogy by neogenlab real ferment micro essence 5.07 fl oz (150ml) - 93% naturally fermented facial essence, instantly hydrates and delivers healthy supple skin - korean skin care",$38.00 ($7.50 / Fl Oz),,https://www.amazon.com/dp/B07QC67KY3,4.6,1529.0,dermalogy by neogenlab real,1.0,essence
B01I28KFXS,"dermo expertise pure clay detox mask, black 50 ml by dermo expertise",$12.00 ($7.10 / Fl Oz),,https://www.amazon.com/dp/B01I28KFXS,4.5,8016.0,l’oréal paris,1.0,clay mask
B07N93XF4Z,"dermora skin treatment mask 24k gold eye mask - 20 pairs eye gels - rejuvenating treatment for dark cirlce,puffiness,refresh,revitalizing,travel,wrinkles",$15.88 ($0.79 / Count),$16.71 ($0.84 / Count),https://www.amazon.com/dp/B07N93XF4Z,4.2,36496.0,dermora,1.0,eye mask
B0057MHTAA,"desert essence thoroughly clean face wash original deep cleansing formula with tea tree, castile soap & coconut oil - gently removes oil & impurities for radiant, revitalized, smooth skin - 32oz",$20.26 ($0.63 / Fl Oz),$26.90 ($0.84 / Fl Oz),https://www.amazon.com/dp/B0057MHTAA,4.7,1583.0,desert essence,1.0,essence
B09NZJ599G,"devi's naturals himalayan body polish exfoliating scrub, reduce razor bumps, dark spots, and strawberry legs, moisturizes skin, gentle underarm detox scrub for body odor, great self care gift for women & men",$15.00 ($1.88 / Ounce),,https://www.amazon.com/dp/B09NZJ599G,5.0,6.0,devi's naturals,0.0,body scrub
B0C9TWVW2V,"dewytree ac control ex deep trace soothing face masks skincare | hydrating face masks beauty w/centella asiatica | facial masks for women skin care & all skin types | 10pcs sheet masks (27g, 0.95 oz)",$16.99 ($16.99 / Count),,https://www.amazon.com/dp/B0C9TWVW2V,4.6,19.0,dewytree,1.0,sheet mask
B09331N4W4,"dewytree hyaluronic acid moisturizing mask sheet for perfect makeup, dispenser type refreshing aqua mask 30 sheet - pick and quick, enriched with amino acids for hydrating and removing dead skin cells",$19.00 ($0.63 / Count),$19.99 ($0.67 / Count),https://www.amazon.com/dp/B09331N4W4,4.5,382.0,dewytree,1.0,sheet mask
B001UE60E0,"dhc deep cleansing oil, facial cleansing oil, makeup remover, cleanses without clogging pores, residue-free, fragrance and colorant free, all skin types, 6.7 fl. oz.",$23.00 ($3.43 / Fl Oz),$28.00 ($4.18 / Fl Oz),https://www.amazon.com/dp/B001UE60E0,4.7,20654.0,dhc,1.0,cleansing oil
B01FIPUJP2,"dhc lip cream, pack of 2",$15.98,$19.00,https://www.amazon.com/dp/B01FIPUJP2,4.6,3207.0,dhc,1.0,lipbalm
B00D7IA7KU,"dhc pore cleansing oil, facial cleansing oil, makeup remover, unclog pores, residue-free, ideal for oily and acne prone skin, fragrance and colorant free, 5 fl. oz.",$29.00 ($5.80 / Fl Oz),,https://www.amazon.com/dp/B00D7IA7KU,4.6,255.0,dhc,1.0,cleansing oil
B093VTD9C2,"differin body scrub with salicylic acid acne clearing improves tone and texture prone skin on back shoulders and chest, 8 oz (packaging may vary)",$10.59 ($1.32 / Fl Oz),,https://www.amazon.com/dp/B093VTD9C2,4.5,1391.0,differin,1.0,body scrub
B093VT7R7T,"differin face scrub daily brightening exfoliator, improves tone and texture for acne prone skin, green, 6 fl oz (packaging may vary)",$10.97 ($1.83 / Fl Oz),,https://www.amazon.com/dp/B093VT7R7T,4.5,1042.0,differin,1.0,exfoliator
1096859572,diy organic homemade face scrub: how to make natural face exfoliator for sensitive skin,$3.99,,https://www.amazon.com/dp/1096859572,3.6,4.0,"stevens, beverley (paperback)",1.0,face scrub
B0BZH6LP4F,"dmsky 60 pack 12 flavors lip balm bulk with vitamin e and 100% coconut oil, sunscreen lip balm spf 50 natural ingredients- lip moisturizer treatment - moisturizing soothing chapped lips",$20.49 ($0.34 / Count),,https://www.amazon.com/dp/B0BZH6LP4F,4.2,209.0,dmsky,1.0,lipbalm
B0BNK7H3NK,"dmsky 60-pack vitamin e lip balm in bulk with coconut oil -100% natural ingredients- moisturizer treatment - moisturizing, soothing, chapped lips. assortment of 12 flavors",$20.99 ($0.35 / Count),$27.99 ($0.47 / Count),https://www.amazon.com/dp/B0BNK7H3NK,4.5,949.0,dmsky,1.0,lipbalm
B0BNZYSV9R,"dongyu 5% caffeine eye serum and under eye roller cream for dark circles and puffiness, caffeine eye cream with 360° massage ball reduce wrinkles and fine lines, bags under eyes",$19.99 ($39.98 / Fl Oz),,https://www.amazon.com/dp/B0BNZYSV9R,4.7,2707.0,dongyu,1.0,eye cream
B0BW831RN7,"dorpetly under eye patches(32 pairs), 2 in 1 under eye mask for dark circles and puffiness, under eye treatments lighten wrinkles and fine lines instantly, collagen eye gel pads hydrating eye skin",$4.99 ($4.42 / Ounce),,https://www.amazon.com/dp/B0BW831RN7,4.5,201.0,dorpetly,1.0,eye mask
B0BTZN4Z9V,"dove body love body polish exfoliate away 3 count for rough, bumpy skin body scrub with ahas for silky smooth skin 12 oz",$23.97 ($0.67 / Ounce),$26.97 ($0.75 / Ounce),https://www.amazon.com/dp/B0BTZN4Z9V,4.6,115.0,dove,1.0,body scrub
B08T4FLJQZ,dove scrub brown sugar & coconut butter for silky smooth skin body scrub exfoliates & restores skin's natural nutrients 10.5 oz,$7.32 ($0.70 / Ounce),,https://www.amazon.com/dp/B08T4FLJQZ,4.7,4205.0,dove,1.0,exfoliator
B083NHCFCQ,dove scrub crushed almond & mango butter for silky smooth skin body scrub exfoliates & restores skin's natural nutrients 10.5 oz,$6.97 ($0.66 / Ounce),,https://www.amazon.com/dp/B083NHCFCQ,4.6,1742.0,dove,1.0,body scrub
B0794N16ZD,dove scrub macadamia & rice milk reveals visibly smoother skin body scrub that nourishes skin 10.5 oz,$6.97 ($0.66 / Ounce),,https://www.amazon.com/dp/B0794N16ZD,4.7,29177.0,dove scrub macadamia &,1.0,exfoliator
B09VH8PNC9,"dr teal's shea sugar body scrub, rose with essential oil, 19 oz (pack of 3) (packaging may vary)",$20.94 ($0.37 / Ounce),$23.99 ($0.42 / Ounce),https://www.amazon.com/dp/B09VH8PNC9,4.8,1995.0,dr teal's,1.0,body scrub
B000E39M48,dr. bronner's organic lip balm peppermint 0.15 oz,$8.89,,https://www.amazon.com/dp/B000E39M48,4.8,1126.0,dr. bronner's,1.0,lipbalm
B000S2LT9Q,"dr. dan's cortibalm - 1 pack - for dry cracked lips - healing lip balm for severely chapped lips - designed for men, women and children",$7.75,$8.50,https://www.amazon.com/dp/B000S2LT9Q,4.6,6667.0,dr. dan's,1.0,lipbalm
B00EXPRM7C,"dr. dan's cortibalm -3 pack -for dry cracked lips - healing lip balm for severely chapped lips- designed for men, women and children",$16.99 ($16.99 / Count),,https://www.amazon.com/dp/B00EXPRM7C,4.7,8033.0,dr. dan's cortibalm -3,1.0,lipbalm
B0B3JZZC23,"dr. hauschka cleansing balm, 2.5 fl. oz.",$24.00 ($9.60 / Fl Oz),,https://www.amazon.com/dp/B0B3JZZC23,4.5,2.0,dr. hauschka,1.0,cleansing balm
B01H3KXRWW,dr. jart dermask water jet soothing hydra solution mask 5pc,$15.01 ($15.01 / Count),$17.00 ($17.00 / Count),https://www.amazon.com/dp/B01H3KXRWW,4.7,389.0,dr.jart+,1.0,sheet mask
B0C1S27PK2,"dr. pure under eye patches (30 pairs), eye patches for puffy eyes, eye masks reduce dark circles, puffy eyes, undereye bags and wrinkles, collagen skin care products",$9.99 ($0.33 / Count),,https://www.amazon.com/dp/B0C1S27PK2,4.6,229.0,dr. pure,1.0,eye mask
B0BJ6D1H6R,"dr.ceuracle hyal reyouth multi cleansing balmㅣbalm to foam, all-in-one double cleanserㅣ10 types of hyaluronic acidㅣcleansing sherbet for soothing & hydrating, sebum careㅣmakeup remover, face wash",$12.99 ($3.84 / Fl Oz),,https://www.amazon.com/dp/B0BJ6D1H6R,3.9,37.0,leegeehaam,1.0,cleansing balm
B079KY9PXF,"dr.ceuracle jeju island matcha clay packㅣkorean facial mask purifying poreㅣremoves blackheads, detoxifying, cleansingㅣgreen tea mud mask tightening for youthful & hydrating skinㅣleegeehaam (115g/4.05oz)",$17.99 ($4.64 / Ounce),,https://www.amazon.com/dp/B079KY9PXF,4.5,139.0,leegeehaam,1.0,clay mask
B0BJJJM5XH,"dr.ceuracle vegan kombucha tea beginning setㅣstarter kit - essence 1.69 fl oz, gel cream 1.05 ozㅣhydrating & healthy complexionㅣcruelty free",$24.99 ($9.47 / Fl Oz),,https://www.amazon.com/dp/B0BJJJM5XH,4.6,75.0,leegeehaam,1.0,essence
B09434S6NC,"dr.ceuracle vegan kombucha tea essence 5.07 fl.oz. | detoxifying impurities for healthy complexion and providing hydration, vegan all in one essence for all skin types with kombucha tea extract",$34.80 ($6.82 / Fl Oz),,https://www.amazon.com/dp/B09434S6NC,4.5,134.0,dr.ceuracle vegan kombucha tea,1.0,essence
B07SJM8R71,dr.g green mild up sun (50ml) spf50+ pa++++ dr g drg,$17.80 ($5.27 / Fl Oz),$25.00 ($7.40 / Fl Oz),https://www.amazon.com/dp/B07SJM8R71,4.4,297.0,dr.g,1.0,sunscreen
B01MRFKMGQ,dr.jart+ vital hydra solution deep hydration mask sheet 25g (0.9oz.) 5ea set,$15.50 ($3.10 / Count),,https://www.amazon.com/dp/B01MRFKMGQ,4.7,1006.0,dr.jart+,1.0,sheet mask
B077MVGNXP,"drmtlgy anti aging clear face sunscreen and facial moisturizer with broad spectrum spf 45. oil free, zinc oxide sunscreen for sensitive skin and acne prone skin.",$26.50 ($15.59 / Ounce),$27.99 ($16.46 / Ounce),https://www.amazon.com/dp/B077MVGNXP,4.3,4985.0,drmtlgy,0.0,sunscreen
B076KYPY23,"drmtlgy microdermabrasion facial scrub and face mask. non-abrasive face exfoliator improves acne scars, blackheads, pore size, and skin texture. 2 oz",$16.95 ($8.48 / Ounce),,https://www.amazon.com/dp/B076KYPY23,4.6,8526.0,drmtlgy,1.0,exfoliator
B0BZ54PBPQ,drunk elephant lala retro whipped cream. replenishing moisturizer for skin protection and rejuvenation (15 ml / 0.5 fl oz),$20.00 ($40.00 / Fl Oz),,https://www.amazon.com/dp/B0BZ54PBPQ,4.3,1909.0,drunk elephant,1.0,moisturizer
B0182VMT66,drunk elephant lippe balm - moisturizing lip balm with avocado oil and vitamin c (3.7 g / 0.13 oz),$18.00,,https://www.amazon.com/dp/B0182VMT66,4.4,1496.0,drunk elephant,0.0,lipbalm
B07934S6WK,drunk elephant protini polypeptide cream. protein face moisturizer with amino acids (50 ml / 1.69 fl oz),$58.00 ($34.32 / Fl Oz),,https://www.amazon.com/dp/B07934S6WK,4.3,3306.0,drunk elephant,0.0,moisturizer
B085J3T4WL,"dry brushing body brush scala natural bristle body brush, soft body exfoliating brush scrub for dead skin, cellulite, lymphatic drainage, blood flow – thicker & stronger medium strength",$9.99,,https://www.amazon.com/dp/B085J3T4WL,4.6,5089.0,scala,1.0,exfoliator
B074DX5B8V,"dylonic exfoliating brush razor bumps and ingrown hair treatment for bikini area - eliminate shaving irritation for face, armpit, legs, neck, bikini line - silky smooth skin solution for men and women",$8.99,$18.99,https://www.amazon.com/dp/B074DX5B8V,4.3,23135.0,dylonic,1.0,exfoliator
B07GBYWW3S,"e.l.f, lip exfoliator, smoothing, conditioning, easy to apply, removes dry, chapped skin, coconut, infused with vitamin e, shea butter, avocado, grape and jojoba oils, 0.11 oz",$5.00,,https://www.amazon.com/dp/B07GBYWW3S,4.3,7017.0,e.l.f.,1.0,exfoliator
B01D1DR514,e.l.f. holy hydration! eye cream | infused with hyaluronic acid & peptides | minimizes dark circles | 0.53 oz (15g),$10.00,,https://www.amazon.com/dp/B01D1DR514,4.5,3581.0,e.l.f.,1.0,eye cream
B08TQTT8LK,"e.l.f. holy hydration! makeup melting cleansing balm, face cleanser & makeup remover, infused with hyaluronic acid to hydrate skin, 2 oz",$10.82 ($5.41 / Ounce),,https://www.amazon.com/dp/B08TQTT8LK,4.7,5043.0,e.l.f.,1.0,cleansing oil
B01D1DQSIA,"e.l.f. skin daily hydration moisturizer, ultra-hydrating formula, infused with aloe, jojoba oil & shea butter, vegan & cruelty-free, 2.53 fl oz",$8.00 ($3.16 / Fl Oz),,https://www.amazon.com/dp/B01D1DQSIA,4.6,7272.0,e.l.f.,1.0,moisturizer
B08127SC4G,"e.l.f. skin holy hydration! face cream, moisturizer for nourishing & plumping skin, infused with hyaluronic acid, vegan & cruelty-free, 1.8 oz",$12.64 ($7.02 / Ounce),,https://www.amazon.com/dp/B08127SC4G,4.6,7913.0,e.l.f.,1.0,moisturizer
B0BSP4T13Z,"e.l.f. skin holy hydration! triple bounce serum, 1.7% hyaluronic acid serum for plump, bouncy skin, great for hydrating dry skin, vegan & cruelty-free",$11.75 ($11.63 / Fl Oz),,https://www.amazon.com/dp/B0BSP4T13Z,4.6,302.0,e.l.f.,1.0,serum
B08T7DY96H,"e.l.f., holy hydration! daily cleanser, wash away excess oil, impurities, and makeup…",$6.00 ($1.62 / Fl Oz),,https://www.amazon.com/dp/B08T7DY96H,4.6,1155.0,e.l.f.,1.0,cleanser
B07ZVYMCG8,"e.l.f., superhydrate moisturiser, fast-absorbing, non-greasy, gel formula, hydrates, tones, clarifies, protects, infused with vitamin e, 1.69 oz",$12.00 ($12.00 / Fl Oz),,https://www.amazon.com/dp/B07ZVYMCG8,4.4,4766.0,e.l.f.,1.0,moisturizer
B0BTYFF8S1,"easilydays makeup cleansing stick, face makeup remover creams nourishing cleansing balm, 2 in-1 cleansing & nourishing makeup remover stick, balm to oil nourishes skin for face, eye and lip, gentle and soothing facial skin",$6.99 ($28.31 / Ounce),,https://www.amazon.com/dp/B0BTYFF8S1,3.3,6.0,easilydays,1.0,cleansing balm
B093QKJFKS,eau thermale avène solaire uv mineral multi-defense sunscreen fluid spf 50+ - non-whitening - antioxidant & blue light protection - 1.7 fl. oz.,$36.00 ($21.18 / Fl Oz),,https://www.amazon.com/dp/B093QKJFKS,4.3,437.0,eau thermale avène solaire,1.0,sunscreen
B00EYOHGPU,"eau thermale avene xeracalm a.d lipid-replenishing cleansing oil, atopic dermatitis, eczema-prone, fragrance-free, pump, 13.5 oz.",$34.00 ($2.52 / Ounce),,https://www.amazon.com/dp/B00EYOHGPU,4.7,1731.0,eau thermale avene xeracalm,1.0,cleansing oil
B01N37AK8V,"ebanel 10 pack collagen face mask, instant brightening & hydrating face sheet mask with aloe vera, hyaluronic acid, vitamin c and e, chamomile, anti aging face mask with hydrolyzed collagen, peptide",$11.04 ($1.58 / Ounce),$12.99 ($1.86 / Ounce),https://www.amazon.com/dp/B01N37AK8V,4.4,5490.0,ebanel,1.0,sheet mask
B07K6V8P2R,"ebanel 15 pack collagen peptide hydrating face masks, instant brightening firming anti aging face sheet masks, moisturizing spa face masks skincare with hyaluronic acid, vitamin c, chamomile, aloe",$16.99 ($1.62 / Ounce),$22.99 ($2.19 / Ounce),https://www.amazon.com/dp/B07K6V8P2R,4.5,7492.0,ebanel,1.0,sheet mask
B08YLS39HF,"eight saints all in eye cream, natural and organic anti aging under eye cream to reduce puffiness, wrinkles, and under eye bags, dark circles under eye treatment, 0.5 ounces",$36.00 ($72.00 / Ounce),$44.00 ($88.00 / Ounce),https://www.amazon.com/dp/B08YLS39HF,4.3,3139.0,eight saints,1.0,eye cream
B08Z2BTJST,"eight saints pure hyaluronic acid serum for face plumping, natural and organic face serum with vitamin c and vitamin e for fine lines, reduces wrinkles, firming, hydrating, anti-aging, 1 oz",$39.00,,https://www.amazon.com/dp/B08Z2BTJST,4.7,900.0,eight saints,1.0,serum
B08Z2BJ473,"eight saints vitamin c serum for face, anti aging face serum, hyaluronic acid, vitamin e, organic aloe vera and jojoba oil, hydrating & brightening serum for dark spots, fine lines and wrinkles, 1 oz",$38.00 ($38.00 / Fl Oz),,https://www.amazon.com/dp/B08Z2BJ473,4.7,995.0,eight saints,1.0,serum
B08MJZYW8P,"elemis pro-collagen cleansing , ultra nourishing treatment balm + facial mask deeply cleanses, soothes, calms & removes makeup and impurities",$66.00 ($18.86 / Fl Oz),,https://www.amazon.com/dp/B08MJZYW8P,4.5,12878.0,"elemis pro-collagen cleansing ,",1.0,cleansing balm
B08BPWRJ5D,"elemis superfood aha glow cleansing butter, 3 fl oz (pack of 1)",$41.45 ($13.82 / Fl Oz),,https://www.amazon.com/dp/B08BPWRJ5D,4.5,1230.0,elemis superfood aha glow,1.0,cleansing balm
B00MWI2IS0,elizavecca milky piggy carbonated bubble clay mask 100g/3.53 oz. - wash off face wash | bubble skin care | wash off face dead skin | blackhead remover | deep cleansing face | minuteness bubbles mask pack,$8.90 ($0.09 / Count),,https://www.amazon.com/dp/B00MWI2IS0,4.4,17119.0,elizavecca,1.0,clay mask
B00C8FVXQA,"eltamd am therapy facial moisturizer lotion, oil free face moisturizer with hyaluronic acid, hydrates and moisturizes skin, lightweight formula, safe for sensitive skin, 1.7 oz pump",$41.00 ($24.12 / Ounce),,https://www.amazon.com/dp/B00C8FVXQA,4.7,5006.0,eltamd am therapy facial,1.0,moisturizer
B004HLSZYQ,"eltamd foaming facial cleanser, foaming face wash for oily skin, gently cleanses and helps remove oil and dead skin cells, daily face wash for morning and night use, for all skin types, 7 oz pump",$32.00 ($4.57 / Fl Oz),,https://www.amazon.com/dp/B004HLSZYQ,4.6,8617.0,"eltamd foaming facial cleanser,",1.0,cleanser
B002MSN3QQ,"eltamd uv clear face sunscreen, spf 46 oil free sunscreen with zinc oxide, protects and calms sensitive skin and acne-prone skin, lightweight, silky, dermatologist recommended, 1.7 oz pump",$41.00 ($24.12 / Ounce),,https://www.amazon.com/dp/B002MSN3QQ,4.7,38499.0,eltamd uv clear face,1.0,sunscreen
B00464EC1E,"eltamd uv daily facial sunscreen with zinc oxide, spf 40 , helps hydrate and decrease wrinkles, lightweight face moisturizer sunscreen, absorbs into skin quickly, 1.7 oz pump",$36.00 ($21.18 / Ounce),,https://www.amazon.com/dp/B00464EC1E,4.7,16830.0,eltamd uv daily facial,1.0,moisturizer
B00J5KDCO2,"eltamd uv daily tinted sunscreen with zinc oxide, spf 40 face sunscreen moisturizer, helps hydrate skin and decrease wrinkles, lightweight face sunscreen, absorbs into skin quickly, 1.7 oz pump",$38.00 ($22.35 / Ounce),,https://www.amazon.com/dp/B00J5KDCO2,4.6,19383.0,eltamd uv daily tinted,1.0,sunscreen
B079YXK3L8,"eltamd uv elements tinted sunscreen moisturizer, spf 44 tinted spf moisturizer for face and body, lightweight oil free formula, great for using under makeup and sensitive skin types, 2.0 oz tube",$40.00 ($20.00 / Ounce),,https://www.amazon.com/dp/B079YXK3L8,4.6,12561.0,eltamd uv elements tinted,1.0,sunscreen
B00C8FVZZY,"eltamd uv physical tinted face sunscreen, spf 41 tinted mineral sunscreen with zinc oxide, water resistant up to 40 minutes, protects extra sensitive and post procedure skin, oil free, 3.0 oz tube",$41.00 ($13.67 / Ounce),,https://www.amazon.com/dp/B00C8FVZZY,4.6,13297.0,eltamd uv physical tinted,1.0,sunscreen
B008VK3F94,"eltamd uv sport body sunscreen, spf 50 sport sunscreen lotion, sweat resistant and water resistant up to 80 minutes, formulated with zinc oxide, oil free, full body sunscreen, 3 oz tube",$30.00 ($10.00 / Ounce),,https://www.amazon.com/dp/B008VK3F94,4.7,11738.0,eltamd uv sport body,1.0,sunscreen
B07Y2HQ5RS,"eminence organic skincare wildflower cleansing balm, 4 fl oz",$41.94 ($10.48 / Fl Oz),,https://www.amazon.com/dp/B07Y2HQ5RS,4.3,23.0,eminence,1.0,cleansing balm
B003WHBIRC,"eminence strawberry rhubarb hyaluronic serum, 1 ounce",$33.50,$42.00,https://www.amazon.com/dp/B003WHBIRC,4.6,920.0,eminence,1.0,serum
B00C0Q13XU,eminence wild plum eye cream 1.05 oz (30 ml),$52.99 ($48.17 / Ounce),,https://www.amazon.com/dp/B00C0Q13XU,4.9,33.0,eminence,1.0,eye cream
B0C9CRSNDX,"enaskin naturals under eye patches - green tea under eye masks for dark circles and puffiness, collagen eye gel pads moisturizing & reducing wrinkles, beauty & personal eye skin care products (30 pairs) (green)",$15.99 ($9.41 / Fl Oz),,https://www.amazon.com/dp/B0C9CRSNDX,4.6,118.0,enaskin naturals,1.0,eye mask
B01M0UAIQH,"entel 100 pcs combo-pack, premium korean facial mask sheet (10 types x 10 pcs), five chemical free : no-paraben, no-silicon, no-mineral oil, no-artificial colors and no-ethanol",$39.98 ($0.40 / Count),,https://www.amazon.com/dp/B01M0UAIQH,4.9,38.0,entel,1.0,sheet mask
B01MAV165F,"eos 100% natural & organic lip balm sticks- sweet mint, all-day moisture, dermatologist recommended for sensitive skin, 0.14 oz, 2-pack",$4.99,$5.99,https://www.amazon.com/dp/B01MAV165F,4.8,5119.0,eos,1.0,lipbalm
B01M59RMWJ,"eos 100% natural & organic lip balm sticks- vanilla bean, all-day moisture, dermatologist recommended, 0.14 oz, 2-pack",$4.97,$5.99,https://www.amazon.com/dp/B01M59RMWJ,4.7,5485.0,eos,1.0,lipbalm
B01MF63BCU,"eos 100% natural & organic lip balm- strawberry sorbet, dermatologist recommended for sensitive skin, all-day moisture, 0.14 oz, 2 pack",$5.99,,https://www.amazon.com/dp/B01MF63BCU,4.7,5619.0,eos,1.0,lipbalm
B07XLVJXN4,"eos 100% natural lip balm - strawberry peach and pineapple passionfruit, dermatologist recommended, all-day moisture, 0.14 oz, 2 pack",$5.99,,https://www.amazon.com/dp/B07XLVJXN4,4.6,57256.0,eos,1.0,lipbalm
B0C7S4W5F2,"eos 24h moisture super balm- watermelon frosé & mango melonade, lip mask, day or night lip treatment, made for sensitive skin, 0.35 fl oz, 2-pack",$9.57,$10.99,https://www.amazon.com/dp/B0C7S4W5F2,4.7,130.0,eos,1.0,lipbalm
B09V393WXC,"eos flavorlab super soft shea lip balm- raspberry kiwi splash, overnight lip mask and lip moisturizer, 24hr hydration,2 piece set(pack of 1)",$5.49,,https://www.amazon.com/dp/B09V393WXC,4.7,3064.0,eos,1.0,lipbalm
B0B94SSWS8,"eos limited edition smooth lip balm, whipped pumpkin latte & autumn apple cider, made for sensitive skin, all-day moisture, multicolor, 2 piece set",$14.84,,https://www.amazon.com/dp/B0B94SSWS8,4.7,880.0,eos,0.0,lipbalm
B08C8WMPMR,eos medicated lip balm - the fixer | lip care to repair and protect chapped and dry lips | instant cooling and pain relief with natural ingredients | 0.35 oz,$3.97,$4.99,https://www.amazon.com/dp/B08C8WMPMR,4.6,2709.0,eos medicated lip balm,1.0,lipbalm
B018H32LHQ,"era organics microdermabrasion facial scrub & face exfoliator - spa quality exfoliating face mask with manuka honey & walnut - moisturizing facial exfoliant for dry skin, blackheads & wrinkles (2 oz)",$16.99 ($8.50 / Ounce),$20.45 ($10.22 / Ounce),https://www.amazon.com/dp/B018H32LHQ,4.4,18337.0,era organics,1.0,face scrub
B01LZRCECX,"era organics microdermabrasion facial scrub & face exfoliator - spa quality exfoliating face mask with manuka honey & walnut - moisturizing facial exfoliant for dry skin, blackheads & wrinkles (4 oz)",$24.19 ($6.05 / Ounce),$35.00 ($8.75 / Ounce),https://www.amazon.com/dp/B01LZRCECX,4.4,18337.0,era organics,1.0,exfoliator
B08YFFFW3M,"essence | cranberry lip oil | ph-reactive, hydrating, non-sticky | with vitamin e & cranberry oil | vegan & cruelty free",$4.99 ($35.64 / Fl Oz),,https://www.amazon.com/dp/B08YFFFW3M,4.4,55.0,essence cosmetics,1.0,essence
B0C9SM8SRM,"essence | heart core fruity lip balm set | 4 lip balms for soft, hydrated lips | limited edition colors | vegan & cruelty free",$10.99 ($26.17 / Ounce),,https://www.amazon.com/dp/B0C9SM8SRM,1.0,1.0,essence cosmetics,1.0,essence
B08XZVRGNR,"essence | hello, good stuff! milky moisturizer | lightweight, hydrating, & enriched with turmeric & oat water | vegan & cruelty free | paraben free",$8.98 ($8.98 / Fl Oz),,https://www.amazon.com/dp/B08XZVRGNR,4.4,111.0,essence cosmetics,1.0,essence
B07F1KWK18,"essenherb tea tree foam cleanser, creates a creamy foam that soothes and moisturizes, for all skin types including blemishes. (150ml)",$13.99 ($2.76 / Fl Oz),$18.00 ($3.55 / Fl Oz),https://www.amazon.com/dp/B07F1KWK18,4.8,572.0,essenherb,1.0,cleanser
B0BW7XXY97,"essentially kates strawberry ice cream body & foot scrub 10 oz - pack of 1, natural strawberry seed exfoliating formula - deliciously fragrant, refreshing, and skin-polishing care",$7.95 ($0.80 / Ounce),$13.08 ($1.31 / Ounce),https://www.amazon.com/dp/B0BW7XXY97,4.5,222.0,essentially kates,1.0,body scrub
B0BBPXM1V6,"essynaturals advanced anti-aging rapid reduction eye cream under eye cream, eye cream for dark circles and puffiness, dark circles under eye treatment for women, rapid rewind wrinkle reduction",$33.10 ($97.35 / Fl Oz),,https://www.amazon.com/dp/B0BBPXM1V6,4.0,2468.0,essynaturals advanced,1.0,eye cream
B08DHQCGH9,"estee lauder advanced night repair synchronized multi-recovery complex, unisex, 1.7 oz",$62.02 ($36.48 / Fl Oz),$105.00 ($61.76 / Fl Oz),https://www.amazon.com/dp/B08DHQCGH9,4.5,764.0,estee lauder,1.0,serum
B07HRDV4SP,"estee lauder hydrating,eye aging, advanced night repair eye supercharged complex 15ml",$27.73 ($55.46 / Ounce),$69.99 ($139.98 / Ounce),https://www.amazon.com/dp/B07HRDV4SP,4.5,1136.0,estee lauder,1.0,eye cream
B0927XD98Q,"estee lauder resilience multi-effect tri-peptide eye cream, 0.5 oz full size, unscented & all skin types",$24.99 ($49.98 / Ounce),$30.00 ($60.00 / Ounce),https://www.amazon.com/dp/B0927XD98Q,4.6,583.0,estee lauder,0.0,eye cream
B00965M61G,"etude house real art cleansing oil moisture 185ml | moist type cleansing oil effective for removing dead skin cells, cleansing away makeup residue and old skin cells",$18.50 ($2.96 / Fl Oz),,https://www.amazon.com/dp/B00965M61G,4.6,659.0,etude house,1.0,cleansing oil
B091PN6NPT,"etude house soonjung 2x barrier intensive cream 60ml (21ad) | hypoallergenic shea butter hydrating facial cream for sensitive skin, water-oil balance & panthenol for damaged skin | k-beauty",$14.00 ($6.62 / Ounce),$17.00 ($8.03 / Ounce),https://www.amazon.com/dp/B091PN6NPT,4.6,5926.0,etude house,1.0,moisturizer
B0953DS5YM,etude house soonjung sheet mask panthensoside 5 pcs set (21ad) | hydrating and soothing facial sheet mask for a skin sos solution,$14.00 ($14.00 / Count),,https://www.amazon.com/dp/B0953DS5YM,4.7,78.0,etude house,1.0,sheet mask
B092PTSDB4,etude soonjung ph 6.5 whip facial cleanser 5.1 fl. oz. (150ml) 21ad | soft bubble fragrance-free low-ph korean hydrating cleansing wash for sensitive skin | k-beauty | vegan,$15.50 ($3.04 / Count),$16.50 ($3.24 / Count),https://www.amazon.com/dp/B092PTSDB4,4.6,2139.0,etude house,1.0,cleanser
B09MJGJS5V,"eucerin sun age defense spf 50 face sunscreen lotion with hyaluronic acid, facial sunscreen with 5 antioxidants, 2.5 fl oz bottle (color: white)",$13.92 ($5.57 / Fl Oz),,https://www.amazon.com/dp/B09MJGJS5V,4.6,1015.0,eucerin,1.0,sunscreen
B09MJG6X4W,"eucerin sun oil control spf 50 face sunscreen lotion with oil absorbing minerals, 2.5 fl oz bottle",$12.82 ($5.13 / Fl Oz),$13.99 ($5.60 / Fl Oz),https://www.amazon.com/dp/B09MJG6X4W,4.5,4157.0,eucerin,1.0,sunscreen
B09G6JHFD5,"eunyul pack of 10 natural sheet mask pack 10 types korean skincare facial mask pack aloe, collagen, pearl, hyaluron, avocado, pomegranate, vitamin, blueberry, green tea, cucumber",$8.99 ($0.90 / Count),,https://www.amazon.com/dp/B09G6JHFD5,4.6,447.0,eunyul,1.0,sheet mask
B08RXWDJSF,"european wax center slow hair growth aloe body polish, moisturizing & brightening exfoliating body scrub, prevent ingrown hairs & bumps, vitamin e for firming & smoothing, dry sensitive skin, 6.7oz",$16.50 ($2.46 / Ounce),,https://www.amazon.com/dp/B08RXWDJSF,,,european wax center,1.0,body scrub
B001IIM5TC,"eve lom the original balm cleanser | facial cleansing balm that provides a deep cleanse, removes waterproof make-up, tones, and gentle exfoliates to enable skin cell regeneration - 100 ml",$42.30 ($42.30 / Count),$45.90 ($45.90 / Count),https://www.amazon.com/dp/B001IIM5TC,4.3,401.0,eve lom the original,1.0,cleansing balm
B09PJQWFF2,"every man jack gentle exfoliating face scrub for men- exfoliate away dead skin, moisturize, and revive tired skin with jojoba beads, hyaluronic acid, and caffeine - 4.2 oz men’s face scrub -twin pack",$14.94 ($1.78 / Fl Oz),,https://www.amazon.com/dp/B09PJQWFF2,4.2,216.0,every man jack,1.0,face scrub
B07VWL57LT,"everyday hydrating essence korean sheet masks (8 pack bundle) , for all skin types, revitalizing, purifying, illuminating, anti-aging with no harsh chemicals and safe for sensitive skin, set of 8",$11.95 ($1.49 / Count),$13.15 ($1.64 / Count),https://www.amazon.com/dp/B07VWL57LT,4.6,3336.0,facetory,1.0,sheet mask
B076ZXLDRX,"evridwear exfoliating glove for shower man and women, dual texture bath body scrub gloves dead skin cell remover forhome spa, massage,with hanging loop (1 pair heavy)",$6.40,$10.99,https://www.amazon.com/dp/B076ZXLDRX,4.5,22941.0,evridwear,1.0,exfoliator
B09X6CVS53,exfoliating body scrub | turmeric body scrub and skin exfoliator with collagen and coconut oil | gently exfoliate face body hand and foot scrub| moisturizing body skincare products by m3 naturals,$19.72 ($1.64 / Fl Oz),$24.65 ($2.05 / Fl Oz),https://www.amazon.com/dp/B09X6CVS53,4.4,14381.0,m3 naturals,1.0,exfoliator
B077Y87XNG,"exfoliating face scrub & exfoliating face wash (2 in 1) - face exfoliator scrub, microdermabrasion facial scrub, exfoliating scrub in natural face wash base, facial exfoliator, exfoliante para la cara…",$24.99 ($6.25 / Fl Oz),$26.99 ($6.75 / Fl Oz),https://www.amazon.com/dp/B077Y87XNG,4.5,1190.0,beauty by earth,1.0,face scrub
B08F81CCNR,"exfoliating glove (4 pcs, 2 pairs) - heavy exfoliate glove for dead skin bath exfoliating gloves for shower spa massage & body scrub - shower gloves exfoliating for women & men",$11.99 ($6.00 / Count),,https://www.amazon.com/dp/B08F81CCNR,4.5,5168.0,beauty by earth,1.0,exfoliator
B000F65JSC,eye cream by olay total effects 7-in-one anti-aging transforming eye cream 0.5 oz packaging may vary,$23.48 ($46.96 / Ounce),,https://www.amazon.com/dp/B000F65JSC,4.4,5819.0,olay,1.0,eye cream
B0C6TL7Z2N,eye cream for dark circles and puffiness: caffeine eye cream - retinol eye cream- anti aging eye cream for wrinkles - with collagen hyaluronic acid for fine lines eye depuffer in 3-4 weeks-15 ml,$15.49 ($30.98 / Fl Oz),,https://www.amazon.com/dp/B0C6TL7Z2N,4.8,113.0,ronkie,1.0,eye cream
B0CD7VJCWD,"eye gel patches & collagen eye masks set (60 each) - golden glow & chlorophyll algae duo - 2-in-1 treatment for dark circles, puffiness, wrinkles, eye bags - revitalizing eye care",$25.99 ($13.00 / Count),,https://www.amazon.com/dp/B0CD7VJCWD,4.8,10175.0,amzsanjuro,1.0,eye mask
B0C5BKT2CK,"eye patches for puffy eyes 60 pcs, 24k gold under eye patches for dark circles and puffiness, retinol & collagen under eye mask patches for wrinkles, dark circles under eye bags treatment for women and men by velamo advanced",$13.59 ($0.23 / Count),$24.99 ($0.42 / Count),https://www.amazon.com/dp/B0C5BKT2CK,4.6,158.0,velamo advanced,1.0,eye mask
B08CVRZQ4N,face exfoliating scrub hyaluronic acid & sugar face wash - 5 oz,$6.99 ($1.40 / Ounce),,https://www.amazon.com/dp/B08CVRZQ4N,4.4,51.0,spascriptions,1.0,face scrub
B07GB9K25R,"face masks by olay, clay charcoal facial mask stick, glow boost white charcoal, 1.7 oz",$5.69 ($3.35 / Ounce),$9.99 ($5.88 / Ounce),https://www.amazon.com/dp/B07GB9K25R,4.3,4354.0,olay,1.0,clay mask
B09MN9KJQC,"face masks skincare with aloe vera, 8 pcs sheet mask - beauty facial mask, brightens skin, boosts collagen, hydrating face masks sheets",$6.99 ($6.99 / Count),,https://www.amazon.com/dp/B09MN9KJQC,4.5,320.0,lola skincare,1.0,sheet mask
B001LF4BDK,"face moisturizer by olay, active hydrating beauty fluid lotion, original facial moisturizer, 4 oz. (pack of 2) packaging may vary",$17.94 ($2.24 / Ounce),,https://www.amazon.com/dp/B001LF4BDK,4.7,9357.0,olay,1.0,moisturizer
B0C2KH569H,face scrub facial exfoliator for dull skin vitamin c retinol facial scrub brightening exfoliating face scrub microdermabrasion facial scrub exfoliating face wash cleanser for women men,$11.99 ($3.43 / Ounce),,https://www.amazon.com/dp/B0C2KH569H,4.1,10.0,tamoskiny,1.0,face scrub
B08TM73DZ3,"facetory 23 sheet mask collection - hydrating, moisturizing, radiance boosting, soothing, redness relief - for all skin types, made in korea, variety pack of 23 sheet masks",$29.90 ($1.30 / Count),$38.00 ($1.65 / Count),https://www.amazon.com/dp/B08TM73DZ3,4.8,3377.0,facetory,1.0,sheet mask
B07TBBPCKY,"facetory best of seven facial masks collection - hydrate, radiance boost, soothe, revitalize, nourish, purify skin - for all skin types, variety pack of 7 sheet masks",$11.95 ($1.71 / Count),$13.95 ($1.99 / Count),https://www.amazon.com/dp/B07TBBPCKY,4.7,5334.0,facetory,1.0,sheet mask
B07NVTHY7C,"facetory collection facial mask set - hydrating, purifying, soothing, moisturizing, revitalizing - soft, form-fitting face masks, for all skin types, pack of 5 sheet masks",$9.95 ($1.99 / Count),,https://www.amazon.com/dp/B07NVTHY7C,4.7,2246.0,facetory,1.0,sheet mask
B086Z4M6MJ,"facetory dream garden elderflower mask (pack of 5)- rejuvenating, illuminating, hydrating facial sheet mask",$5.95 ($1.01 / Fl Oz),,https://www.amazon.com/dp/B086Z4M6MJ,4.5,261.0,facetory,1.0,sheet mask
B07MBHHMPD,"facetory glow baby glow niacinamide and cica brightening sheet mask - brightening, calming, and moisturizing (pack of 5)",$9.95 ($1.99 / Count),$10.95 ($2.19 / Count),https://www.amazon.com/dp/B07MBHHMPD,4.5,3249.0,facetory,1.0,sheet mask
B07NVWVV9R,"facetory moon velvet moisturizing cream sheet mask with jojoba oil - for dry and combination skin - moisturizing, radiance boosting, smoothing (pack of 10)",$15.94 ($1.59 / Count),$19.25 ($1.92 / Count),https://www.amazon.com/dp/B07NVWVV9R,4.6,376.0,facetory,1.0,sheet mask
B07MTSKPRP,"facetory moon velvet moisturizing cream with jojoba oil sheet mask - moisturizing, brightening, and anti-aging (pack of 5)",$9.95 ($1.99 / Count),$10.95 ($2.19 / Count),https://www.amazon.com/dp/B07MTSKPRP,4.5,3249.0,facetory,1.0,sheet mask
B08SYYLV1Y,"facetory oats my bananas soothing sheet mask with oats extract (pack of 5) - soft, banana fiber mask material, for all skin types - soothing, moisturizing, radiance boosting",$9.95 ($1.99 / Count),,https://www.amazon.com/dp/B08SYYLV1Y,4.5,3249.0,facetory,1.0,sheet mask
B01LTI093E,"facial cleanser by olay regenerist, detoxifying pore scrub & exfoliator, 5 fl oz (pack of 3)",$22.44 ($1.50 / Fl Oz),,https://www.amazon.com/dp/B01LTI093E,4.6,6403.0,olay,1.0,cleanser
B01DTYN4N8,"facial cleansing brush by olay regenerist, face exfoliator with 2 brush heads",$20.95,$27.49,https://www.amazon.com/dp/B01DTYN4N8,4.4,23754.0,olay,1.0,face scrub
B0CBPWV4G3,"facial scrub aloe vera face scrub,brightening facial exfoliating scrub, exfoliating face wash, facial scrubs for women, deep cleansing facial exfoliator, face scrub exfoliating for blackhead, dark spots, facial cleanser for acne 3.53 oz",$12.95 ($3.67 / Ounce),,https://www.amazon.com/dp/B0CBPWV4G3,,,irev,1.0,face scrub
B09NXN33S8,"fancl official product mild cleansing oil - 100% preservative free, clean skincare for sensitive skin us package",$22.56 ($5.57 / Fl Oz),,https://www.amazon.com/dp/B09NXN33S8,4.5,76.0,fancl,1.0,cleansing oil
B0773Q4M66,fancl parallel import mild cleansing oil 120ml,$17.49 ($4.32 / Fl Oz),$19.00 ($4.69 / Fl Oz),https://www.amazon.com/dp/B0773Q4M66,4.4,2546.0,fancl,1.0,cleansing oil
B085CHYTDR,"farmacy cheer up brightening vitamin c eye cream with hyaluronic acid, peptides & caffeine - treats dark circles & fine lines",$34.49 ($68.98 / Fl Oz),$45.00 ($90.00 / Fl Oz),https://www.amazon.com/dp/B085CHYTDR,4.4,285.0,farmacy,1.0,eye cream
B07D818484,farmacy clean bee gentle facial cleanser - daily face wash & moisturizer w/hyaluronic acid,$28.00 ($5.60 / Fl Oz),,https://www.amazon.com/dp/B07D818484,4.7,1037.0,farmacy,1.0,cleanser
B08ZR715DH,farmacy coconut gel sheet masks - moisturizing skin care face mask - 12 pack,$47.00 ($3.92 / Count),,https://www.amazon.com/dp/B08ZR715DH,4.6,223.0,farmacy,1.0,sheet mask
B08VF5L5LF,farmacy honey halo ceramide face moisturizer cream - hydrating facial lotion for dry skin (1.7 ounce),$48.00 ($28.24 / Fl Oz),,https://www.amazon.com/dp/B08VF5L5LF,4.7,2017.0,farmacy,1.0,moisturizer
B09K1LRLRH,farmacy makeup remover cleansing balm - clearly clean fragrance-free makeup melting balm - great balm cleanser for sensitive skin (3.4 fl oz),$36.00 ($10.59 / Ounce),,https://www.amazon.com/dp/B09K1LRLRH,4.7,701.0,farmacy,1.0,cleansing balm
B09RKTMFDG,farmacy makeup remover cleansing balm - clearly clean fragrance-free makeup melting balm - great balm cleanser for sensitive skin (50ml),$24.00 ($14.12 / Ounce),,https://www.amazon.com/dp/B09RKTMFDG,4.2,111.0,farmacy,1.0,cleansing balm
B07NFC77LL,farmacy natural makeup remover - green clean makeup meltaway cleansing balm cosmetic - travel size 1.7 oz,$24.00 ($14.12 / Fl Oz),,https://www.amazon.com/dp/B07NFC77LL,4.6,6570.0,farmacy,1.0,cleansing balm
B08VF5RDL2,farmacy whipped greens face wash - oil free foaming facial cleanser for combination and oily skin (5.0 fl oz),$28.00 ($5.60 / Fl Oz),,https://www.amazon.com/dp/B08VF5RDL2,4.7,784.0,farmacy,1.0,cleanser
B087G2TQ2K,"farmskin organic facial sheet mask - essence moisturizing collection | for brightening and soothing | korean hydrating face mask skin care & beauty, cruelty-free, (12 pcs)",$14.99 ($1.25 / Count ),,https://www.amazon.com/dp/B087G2TQ2K,4.6,1253.0,farmskin,1.0,sheet mask
B0B7P4QSKZ,"first aid beauty 10% vitamin c brightening serum, safe for sensitive skin, helps brighten + visibly firm face + neck, 1.7 oz",$44.99 ($26.46 / Ounce),,https://www.amazon.com/dp/B0B7P4QSKZ,4.4,76.0,first aid beauty,1.0,serum
B08HDKX9FS,"first aid beauty eye duty niacinamide brightening cream, illuminating eye cream for dark circles and puffiness, 0.5 oz.",$26.94 ($53.88 / Fl Oz),$30.00 ($60.00 / Fl Oz),https://www.amazon.com/dp/B08HDKX9FS,4.3,1069.0,first aid beauty,1.0,eye cream
B08T1QL1F6,"first aid beauty firming cream with peptides, niacinamide + collagen – day & night anti-aging face moisturizer – 1.7 fl oz",$44.00 ($25.88 / Fl Oz),,https://www.amazon.com/dp/B08T1QL1F6,4.4,927.0,first aid beauty,1.0,moisturizer
B08GNS58PQ,first aid beauty kp bump eraser body scrub exfoliant for keratosis pilaris with 10% aha 2 oz.,$12.00 ($6.00 / Ounce),,https://www.amazon.com/dp/B08GNS58PQ,4.4,31435.0,first aid beauty,1.0,exfoliator
B004WC2H8A,"first aid beauty ultra repair cream intense hydration moisturizer for face and body – rich whipped texture for immediate skin hydration, 2 oz travel size",$18.00 ($9.00 / Ounce),,https://www.amazon.com/dp/B004WC2H8A,4.6,8691.0,first aid beauty,1.0,moisturizer
B0065I0UMO,"first aid beauty ultra repair cream intense hydration moisturizer for face and body – rich whipped texture for immediate skin hydration, 6 oz",$36.24 ($6.04 / Ounce),$38.00 ($6.33 / Ounce),https://www.amazon.com/dp/B0065I0UMO,4.7,8952.0,first aid beauty,1.0,moisturizer
B008RJFO6Q,"first aid beauty ultra repair face moisturizer – lightweight, hydrating face lotion for all skin types, 1.7 oz",$23.80 ($14.00 / Fl Oz),$26.00 ($15.29 / Fl Oz),https://www.amazon.com/dp/B008RJFO6Q,4.6,1891.0,first aid beauty,1.0,moisturizer
B09V4G9L3S,"fivewan 24k gold under eye patches - 60 pcs eye mask pure gold anti-aging collagen hyaluronic acid under eye mask for removing dark circles, puffiness & wrinkles refresh your skin",$10.39 ($0.17 / Count),$12.99 ($0.22 / Count),https://www.amazon.com/dp/B09V4G9L3S,4.3,5315.0,fivewan,1.0,eye mask
B091N119DD,"formulated watermelon, cactus water and alpha hydroxy acid! exfoliating face scrub that hydrate, glow and smooth skin! vegan, alcohol free & sulfate free! (hydrating)q",$17.67,$20.07,https://www.amazon.com/dp/B091N119DD,4.9,15.0,t h,1.0,face scrub
B07JYJRNZT,"frank body original coffee scrub, 7.05oz | natural & cruelty free exfoliating body scrub | hydrating vegan scrub skin care for stretch marks, acne, cellulite | 1ct",$19.95 ($2.85 / Ounce),,https://www.amazon.com/dp/B07JYJRNZT,4.6,1986.0,frank body,1.0,body scrub
B00HCUO2DW,"freeman anti-stress clay facial mask with dead sea minerals, balancing and clearing beauty face mask, 6 oz, 2 pack",$7.49 ($0.62 / Ounce),$9.99 ($0.83 / Ounce),https://www.amazon.com/dp/B00HCUO2DW,4.7,189.0,freeman,1.0,clay mask
B00RDJTKZW,"freeman clearing sweet tea & lemon peel-off clay facial mask, antioxidant rich skincare treatment, protects skin and lightens dark spots, face mask for combination skin, 6 fl.oz./175 ml tube",$3.71 ($0.62 / Ounce),$4.29 ($0.72 / Ounce),https://www.amazon.com/dp/B00RDJTKZW,4.3,1425.0,freeman,1.0,clay mask
B007CY2C76,"freeman dead sea minerals anti-stress clay facial mask, hydrating & clarifying, clears pores, face mask with lavender & bergamot for radiant skin, skin types, 6 fl. oz./175 ml tube",$3.81 ($0.64 / Ounce),$4.99 ($0.83 / Ounce),https://www.amazon.com/dp/B007CY2C76,4.5,4188.0,freeman,1.0,clay mask
B092MWFKWJ,"freeman exotic facial mask blends kit, peel-off & jelly masks, cleansing, pore-clearing & hydrating facial masks, for all skin types, includes silicone mask brush, vegan & cruelty-free, 4 piece set",$8.05,$9.99,https://www.amazon.com/dp/B092MWFKWJ,4.3,2061.0,freeman,1.0,clay mask
B01FR410BG,"freeman facial mask variety pack: oil-absorbing clay, renewing peel-off, hydrating gel, polishing charcoal multiuse face masks, variety mask set, vegan & cruelty-free skincare, 6 fl oz tubes, 4 pack",$13.99 ($0.58 / Fl Oz),,https://www.amazon.com/dp/B01FR410BG,4.6,8812.0,freeman,1.0,clay mask
B00CZA87MQ,freeman feeling beautiful facial clay masque avocado & oatmeal 6 oz (pack of 2),$9.97 ($0.83 / Fl Oz),,https://www.amazon.com/dp/B00CZA87MQ,4.7,611.0,freeman,1.0,clay mask
B09C6PTKBS,"freeman limited edition christmas metallic sheet masks, variety 12 pack, brightening gold, purifying silver, soothing rose gold, perfect for wife, spouse, girlfriend, or daughter",$5.55 ($0.46 / Count),$11.99 ($1.00 / Count),https://www.amazon.com/dp/B09C6PTKBS,4.6,130.0,freeman,1.0,sheet mask
B003N21THK,"freeman oil absorbing mint & lemon clay mask, facial mask, skincare, 6 fl oz tube/175 ml",$5.95 ($0.99 / Ounce),,https://www.amazon.com/dp/B003N21THK,4.5,2887.0,freeman,1.0,clay mask
B0C7SM1NBL,"freeman restorative makeup remover + cleansing balm, moisturizing & conditioning, coconut oil & vitamin e, lightweight formula gently removes makeup & cleanses skin, 1.4 fl.oz./ 42 ml jar",$7.18,,https://www.amazon.com/dp/B0C7SM1NBL,4.5,23.0,freeman,1.0,cleansing balm
B0C7SWZ862,"freeman restorative moisturizing & depuffing eye cream + overnight leave-on treatment, for dull & tired eyes, brightens undereye skin, infused with magnesium & hyaluronic acid, 0.5 fl.oz./ 15 ml jar",$4.44,$4.97,https://www.amazon.com/dp/B0C7SWZ862,4.8,31.0,freeman,1.0,eye cream
B07BW4Y32X,fresh umbrian clay purifying facial mask 1 oz,$17.12,$23.00,https://www.amazon.com/dp/B07BW4Y32X,4.4,33.0,fresh,1.0,clay mask
B01IYY49VY,"fresh umbrian clay purifying mask, for normal to oily skin, 3.3 ounce",$38.95 ($11.80 / Fl Oz),$45.00 ($13.64 / Fl Oz),https://www.amazon.com/dp/B01IYY49VY,4.0,65.0,fresh,1.0,clay mask
B086ZHZY6T,fruit of the loom reusable cotton face mask (pack of 50 - white),$18.57,,https://www.amazon.com/dp/B086ZHZY6T,4.3,3711.0,fruit of the loom,1.0,face mask
B017PCGABI,"garnier skinactive micellar water for all skin types, facial cleanser & makeup remover, 13.5 fl oz (400ml), 1 count (packaging may vary)",$8.93 ($0.66 / Fl Oz),$11.99 ($0.89 / Fl Oz),https://www.amazon.com/dp/B017PCGABI,4.7,58786.0,garnier,1.0,cleanser
B086QS2YHF,"gildan adult reusable 3-layer tie-on cotton face mask (48 pack), white (48 pack), adult: 6.5"" x 7"" (13"" straps)",$11.02,$12.16,https://www.amazon.com/dp/B086QS2YHF,4.2,4586.0,gildan,1.0,face mask
B00BV5RU2E,ginzing refreshing eye cream to brighten and depuff by origins for unisex - 0.5 oz eye cream,$27.31 ($53.55 / Ounce),,https://www.amazon.com/dp/B00BV5RU2E,4.4,294.0,origins,0.0,eye cream
B096M6S3HP,"glam up pore purifying matcha tea tree clay mask for acne prone skin - calming face mask for acne with green tea, tea tree - vegan skincare, cruelty free (125ml/4.23 oz)",$14.98 ($3.40 / Ounce),,https://www.amazon.com/dp/B096M6S3HP,4.3,162.0,glam up,1.0,clay mask
B07C3NBJ33,"glam up sheet mask facial sheet mask 12 combo (pack of 12) | face masks skincare, hydrating face masks, moisturizing, brightening and soothing, beauty mask for all skin type",$12.60 ($1.05 / Count),$15.00 ($1.25 / Count),https://www.amazon.com/dp/B07C3NBJ33,4.6,25718.0,glam up,1.0,face mask
B08HCVWG7B,"gleamin vitamin c clay mask - turmeric face mask - clay face mask skin care, deep cleansing face mask - facial mask improves skin, scarring and refining pores 2.1 oz",$41.99 ($20.00 / Ounce),,https://www.amazon.com/dp/B08HCVWG7B,4.3,7010.0,gleamin,1.0,clay mask
B07G25KZ5J,glow recipe mini watermelon pink juice oil-free moisturizer 0.85 oz/ 25 ml,$21.00 ($24.71 / Fl Oz),,https://www.amazon.com/dp/B07G25KZ5J,4.6,3074.0,glow recipe,1.0,moisturizer
B08KH86JX5,"glow recipe papaya sorbet enzyme cleansing balm - facial exfoliator + smoothing makeup remover - skin resurfacing face cleanser with papaya seed oil, blueberry extract & apricot kernel oil (100ml)",$32.00 ($9.41 / Fl Oz),,https://www.amazon.com/dp/B08KH86JX5,4.6,838.0,glow recipe,1.0,cleansing balm
B09Q31NDJB,glow recipe plum plump hyaluronic acid face cream - dewy glow hydrating face moisturizer plumps & balances skin - vegan whipped gel moisturizer with polyglutamic acid & ice willowherb (50ml),$39.00 ($22.94 / Ounce),,https://www.amazon.com/dp/B09Q31NDJB,4.5,622.0,glow recipe,1.0,moisturizer
B08T8L371P,"glow recipe watermelon glow niacinamide dew drops hydrating serum with hyaluronic acid, moringa oil + vitamin e - lightweight facial serum & priming liquid highlighter (40ml)",$37.00 ($27.41 / Fl Oz),,https://www.amazon.com/dp/B08T8L371P,4.6,4560.0,glow recipe,1.0,serum
B095J9J1F1,"good light cosmic dew water cleanser. celestial gel-to-foam, multi-purpose cleanser to remove impurities and hydrate. made with glycerin and hyaluronic acid. sensitive skin safe (3.38 fl oz)",$18.00 ($5.33 / Fl Oz),,https://www.amazon.com/dp/B095J9J1F1,4.6,101.0,good light,1.0,cleanser
B08RJ4ZHXJ,"good molecules discoloration correcting serum 30ml/1oz - tranexamic acid and niacinamide for dark spots, acne scars, sun damage, hyperpigmentation, and age spots - fragrance free, vegan, and ph 5.5",$12.00 ($12.00 / Fl Oz),,https://www.amazon.com/dp/B08RJ4ZHXJ,4.3,2101.0,good molecules,1.0,serum
B08TM8DLFJ,"good molecules hyaluronic acid serum 30ml/1oz - deep hydration for dry skin, non-greasy formula to moisturize, plump, firm, and smooth for youthful skin - 10% ha, water-based, fragrance-free, cruelty-free",$6.00 ($6.00 / Fl Oz),,https://www.amazon.com/dp/B08TM8DLFJ,4.6,2297.0,good molecules,1.0,serum
B08R994Q1L,"good molecules niacinamide serum 30ml/1oz - 10% niacinamide balancing b3 facial serum for acne, enlarged pores, tone, texture, brightening, and hydrating - vegan, cruelty free and ph 7.1",$6.00,,https://www.amazon.com/dp/B08R994Q1L,4.6,1927.0,good molecules,1.0,serum
B08TMDRF1L,"good molecules overnight exfoliating treatment 30ml/1oz - facial exfoliant with aha to resurface for even tone and texture - pore minimizer, anti-aging skin care for face with salicylic acid",$6.00 ($6.00 / Fl Oz),,https://www.amazon.com/dp/B08TMDRF1L,4.6,955.0,good molecules,1.0,exfoliator
B091NJQ29P,"good molecules wake up eye gel 0, 50 oz formulated with yerba mate extract revitalize and energize eyes with this soothing gel vegan, fragrance free cruelty , 0.5 fl oz (pack of 1)",$6.00 ($12.00 / Fl Oz),,https://www.amazon.com/dp/B091NJQ29P,4.2,6247.0,good molecules,1.0,eye cream
B0BGW8LGGS,"goop beauty microderm body scrub | exfoliating body wash to cleanse & moisturize skin | quartz, garnet, & hydrated silica | 6 fl oz | dead skin remover inspired by microdermabrasion | paraben free",$48.00 ($8.00 / Ounce),,https://www.amazon.com/dp/B0BGW8LGGS,4.6,40.0,goop,1.0,body scrub
B09YH2HCWC,"grapefruit body scrub - moisturizing jojoba, aloe vera & nourishing body oils - exfoliating salt scrub for body & face -win against aging, stretch marks, cellulite, acne & dead skin scars- 10 oz",$14.95 ($1.50 / Ounce),,https://www.amazon.com/dp/B09YH2HCWC,4.2,607.0,artnaturals,1.0,body scrub
B0BZGYRT2X,"green tea mud mask - green tea deep cleanse mask for pore cleansing & moisturizing & hydrating & refreshing, antioxidant green tea face mask improves overall complexion, clay mask for all skin types",$9.99 ($2.84 / Ounce),$11.99 ($3.41 / Ounce),https://www.amazon.com/dp/B0BZGYRT2X,4.3,29.0,ropalia,1.0,clay mask
B0BRNXBGGG,"guzel cilt coffee, raw sugar, chocolate and cinnamon body scrub-exfoliator anti stretch mark, for women and men sensitive skin",$15.00,,https://www.amazon.com/dp/B0BRNXBGGG,4.0,6.0,generic,1.0,face scrub
B00SB69TES,"hada labo koi-gokujyun 3d perfect mask, 14.2 ounce",$14.23 ($1.00 / Ounce),$16.60 ($1.17 / Ounce),https://www.amazon.com/dp/B00SB69TES,4.3,671.0,hada labo,1.0,sheet mask
B00OFTIQ8U,hada labo tokyo ultimate anti-aging facial mask - 0.7 oz,$10.49 ($2.62 / Count),$15.00 ($3.75 / Count),https://www.amazon.com/dp/B00OFTIQ8U,4.5,1365.0,hada labo tokyo,1.0,sheet mask
B07GH6NSS8,hadalabo gokujun oil cleansing refill 180ml,$10.96 ($1.85 / Fl Oz),,https://www.amazon.com/dp/B07GH6NSS8,4.8,1613.0,hada labo,1.0,cleansing oil
B07PVDJJLH,"hanskin aha pore cleansing balm, alpha hydroxy acid, exfoliating, gentle blackhead cleanser and makeup remover balm 80g",$22.00 ($7.80 / Ounce),,https://www.amazon.com/dp/B07PVDJJLH,4.5,120.0,hanskin,1.0,cleansing balm
B07PVDJWWC,"hanskin bha pore cleansing balm, gentle blackhead cleanser and makeup remover for combination and oily skin bha/2.82 oz",$22.00 ($7.80 / Ounce),,https://www.amazon.com/dp/B07PVDJWWC,4.6,210.0,hanskin,1.0,cleansing balm
B08543B63M,"hanskin bha pore cleansing oil and pha cleansing balm, sample trial size, travel size mini makeup remover set, gentle blackhead cleanser for combination and oily skin 30 ml/pack of 2 + 8g/pha balm",$11.99 ($5.19 / Fl Oz),,https://www.amazon.com/dp/B08543B63M,4.4,645.0,hanskin,1.0,cleansing balm
B0854GYN24,"hanskin pha pore cleansing oil and pha cleansing balm, sample trial size, travel size mini makeup remover set, gentle blackhead cleanser for sensitive skin 30 ml/pack of 2 + 8g/pha balm",$11.99 ($5.21 / Fl Oz),,https://www.amazon.com/dp/B0854GYN24,4.4,303.0,hanskin,1.0,cleansing balm
B07MP7M4YL,"hanskin real complexion hyaluron skin essence - hyaluronic acid, moisturizing, glowing, soft & fragrance-free 5.07 fl. oz. (150 ml)",$25.00 ($4.93 / Fl Oz),,https://www.amazon.com/dp/B07MP7M4YL,4.7,778.0,hanskin,1.0,essence
B07DZSZGM5,"hanskin real complexion hyaluronic skin essence - hyaluronic acid, moisturizing, glowing, soft & fragrance-free 10.14 fl. oz. (300 ml)",$42.00 ($4.14 / Fl Oz),$46.00 ($4.54 / Fl Oz),https://www.amazon.com/dp/B07DZSZGM5,4.7,125.0,hanskin,1.0,essence
B08W1ZHTL3,"haruharu wonder black rice moisture deep cleansing oil 5.1 fl.oz / 150ml | korean facial cleanser, makeup remover | vegan, cruelty free | jojoba seed oil, macadamia seed oil",$15.99 ($3.14 / Fl Oz),,https://www.amazon.com/dp/B08W1ZHTL3,4.4,159.0,haruharu,1.0,cleansing oil
B09GWFF17X,"hawaiian tropic everyday active lotion sunscreen spf 30, 8oz | hawaiian tropic sunscreen spf 30, sunblock, oxybenzone free sunscreen, broad spectrum sunscreen pack spf 30, 8oz each twin pack",$19.74 ($1.23 / Fl Oz),,https://www.amazon.com/dp/B09GWFF17X,4.8,248.0,hawaiian tropic,1.0,sunscreen
B01MY051NZ,"hawaiian tropic everyday active lotion sunscreen spf 50, 8oz | sunblock, broad spectrum & oxybenzone free sunscreen, water resistant",$9.76 ($1.22 / Fl Oz),$13.99 ($1.75 / Fl Oz),https://www.amazon.com/dp/B01MY051NZ,4.8,5815.0,hawaiian tropic,1.0,sunscreen
B084R1PWGV,"hawaiian tropic everyday active spray sunscreen spf 50, 6oz | hawaiian tropic sunscreen spf 50, sunblock, oxybenzone no sunscreen, spray on sunscreen, body sunscreen spray spf 50, 6oz each twin pack",$21.94 ($1.83 / Ounce),,https://www.amazon.com/dp/B084R1PWGV,4.8,1599.0,hawaiian tropic,1.0,sunscreen
B084R247SP,"hawaiian tropic sheer touch lotion sunscreen spf 50, 8oz | hawaiian tropic sunscreen spf 50, sunblock, oxybenzone free sunscreen, body sunscreen pack spf 50, 8oz each twin pack",$20.35 ($1.27 / Ounce),,https://www.amazon.com/dp/B084R247SP,4.8,2869.0,hawaiian tropic,1.0,sunscreen
B0031O5QF6,"hawaiian tropic sheer touch lotion, 8oz | hawaiian tropic sunscreen spf 30, sunblock, broad spectrum sunscreen, oxybenzone free sunscreen, body sunscreen spf 30, 8oz",$9.68 ($1.21 / Fl Oz),$10.49 ($1.31 / Fl Oz),https://www.amazon.com/dp/B0031O5QF6,4.7,12443.0,hawaiian tropic,1.0,sunscreen
B08Q2QX7PJ,"hawaiian tropic weightless hydration clear spray sunscreen spf 15, 6oz | hawaiian tropic sunscreen spf 15, sunblock, oxybenzone free sunscreen, spray on sunscreen pack spf 15, 6oz each twin pack",$19.94 ($1.66 / Ounce),,https://www.amazon.com/dp/B08Q2QX7PJ,4.8,1593.0,hawaiian tropic,1.0,sunscreen
B0C91KLYQT,healthy radiance kojic acid body scrub - with pure orange oil and kojic acid natural exfoliating salt body & face scrub-brigthens and softens rough skin-with all natural ingredients- 8.8 oz,$13.99 ($396.32 / Ounce),,https://www.amazon.com/dp/B0C91KLYQT,,,healthy radiance,1.0,body scrub
B01CJ639SM,"heimish all clean balm 4.0fl.oz/120ml - multi-purpose cleansing balm | makeup remover, face wash, pore care, blackhead care, moisturizer | natural aroma oil, balm-to-oil formula | korean skincare",$11.99 ($2.96 / Ounce),$18.00 ($4.44 / Ounce),https://www.amazon.com/dp/B01CJ639SM,4.6,3920.0,heimish,0.0,cleansing oil
B0BNT16V5J,"hello moisturizing vegan lip balm spf 15, sweet mint with coconut oil, beeswax free, petrolatum free, and parabens free, 0.15 ounce",$1.97,$2.22,https://www.amazon.com/dp/B0BNT16V5J,4.0,176.0,hello,1.0,lipbalm
B01MSU9K2J,"herbivore coco rose exfoliating body scrub – cleansing detox with pink clay, moisturizing coconut oil & shea butter, plant-based, vegan, cruelty-free, 8 oz",$40.00 ($5.00 / Ounce),,https://www.amazon.com/dp/B01MSU9K2J,4.5,168.0,herbivore,1.0,body scrub
B0CCZCSX7L,"hero cosmetics pore purity clay mask, 2.35 fluid ounces",$19.99 ($8.51 / Fl Oz),,https://www.amazon.com/dp/B0CCZCSX7L,4.4,18.0,hero cosmetics,1.0,clay mask
B0C1RCLD2X,"hicream 24k gold under eye patches - 60 pcs eye mask pure gold anti-aging collagen hyaluronic acid under eye mask for dark circles, puffiness & wrinkles refresh your skin",$9.99 ($0.17 / Count),,https://www.amazon.com/dp/B0C1RCLD2X,4.7,706.0,hicream,1.0,eye mask
B0CCTXHPLL,"hicream turmeric vitamin c clay mask, deep cleansing facial mask, clay face mask skin care with kaolin clay and aloe for pores, acne, dark spots, hydrating 5.29 oz",$12.99 ($2.46 / Ounce),,https://www.amazon.com/dp/B0CCTXHPLL,4.8,52.0,hicream,1.0,clay mask
B09YNC6T34,hikaru olehenriksen ole henriksen banana bright eye crème 0.5 fl oz/ 15 ml,$45.46 ($90.92 / Fl Oz),$59.99 ($119.98 / Fl Oz),https://www.amazon.com/dp/B09YNC6T34,4.2,144.0,hikaru,0.0,eye cream
B09YZ1SRDF,"himalayan body scrub – infused by collagen, saffron stem cell & nourishing body oils -exfoliating salt scrub for body - win against aging, acne, eczema, psoriasis & dead skin scars- 10 oz",$10.95 ($1.10 / Ounce),,https://www.amazon.com/dp/B09YZ1SRDF,4.0,156.0,artnaturals,1.0,body scrub
B08TM4QBDT,"himalayan salt body scrub with collagen and stem cells - natural exfoliating salt scrub & body and face souffle helps with moisturizing skin, acne, cellulite, dead skin scars, wrinkles (11 oz)",$13.89 ($1.26 / Ounce),$24.95 ($2.27 / Ounce),https://www.amazon.com/dp/B08TM4QBDT,4.3,6825.0,first botany,1.0,exfoliator
B076DSRB6B,himalayan salt scrub face foot & body exfoliator infused with collagen and stem cell natural exfoliating salt body scrub for toning skin cellulite skin care body exfoliant by m3 naturals,$19.72 ($1.64 / Ounce),$34.81 ($2.90 / Ounce),https://www.amazon.com/dp/B076DSRB6B,4.4,25041.0,m3 naturals,1.0,exfoliator
B079G73BQ7,honest beauty 3-in-1 detox mud mask with activated charcoal & jeju volcanic ash + manuka honey & shea butter | cruelty free | 2.8 fl oz,$13.99 ($5.00 / Fl Oz),$19.99 ($7.14 / Fl Oz),https://www.amazon.com/dp/B079G73BQ7,4.5,940.0,honest beauty,1.0,clay mask
B07F4641MC,honest beauty deep hydration face cream with baobab seed oil & shea butter | hypoallergenic + dermatologist tested non-comedogenic & cruelty free|1.69 fl. oz.,$18.97 ($11.16 / Fl Oz),$29.99 ($17.64 / Fl Oz),https://www.amazon.com/dp/B07F4641MC,4.5,1273.0,honest beauty,1.0,moisturizer
B07F458BRP,"honest beauty gentle gel cleanser with chamomile & calendula extracts, sulfate and paraben free, 5.0 fl oz",$12.78 ($2.56 / Fl Oz),$14.99 ($3.00 / Fl Oz),https://www.amazon.com/dp/B07F458BRP,4.6,3892.0,honest beauty,1.0,cleanser
B07NTPQRKX,"honest beauty tinted lip balm | antioxidant-rich acai extracts + avocado oil | ewg certified, vegan, cruelty free | blood orange",$8.99,$9.99,https://www.amazon.com/dp/B07NTPQRKX,4.3,17719.0,honest beauty,1.0,lipbalm
B0BCF7F5J8,hot sorry relaxing care mask sheet 6 combo pack l korean mask i moisturizing i soothing i (6 combo pack),$6.50 ($1.08 / Fl Oz),,https://www.amazon.com/dp/B0BCF7F5J8,4.4,280.0,hot sorry,1.0,sheet mask
B0C2CFMFTX,"hyaluronic acid face sheet mask skincare, hydrating facial masks, deep moisturizing face mask for all skin types anti aging facial mask for women skin care, smoothing rejuvenating, pack of 10",$12.99 ($1.30 / Count),,https://www.amazon.com/dp/B0C2CFMFTX,4.4,128.0,tamoskiny,1.0,sheet mask
B0B81VM76D,"hyggee soft reset green cleansing balm - vegan gentle makeup remover sherbet cleanser - milky oil based cleanser - tea tree extract & jojoba oil - hypoallergenic for sensitive skin, 3.38oz.",$32.00 ($9.47 / Ounce),,https://www.amazon.com/dp/B0B81VM76D,4.8,31.0,hyggee,1.0,cleansing balm
B071FPLRGS,"i dew care sheet mask pack - let’s get sheet faced | 14-day intense skincare makeover with collagen, tea tree oil, eucalyptus, lotus flower, 14 count",$21.25 ($1.52 / Count),$27.00 ($1.93 / Count),https://www.amazon.com/dp/B071FPLRGS,4.7,1929.0,i dew care,1.0,sheet mask
B0BS4CHYKY,"ilia - plant-based bright start activated eye cream | cruelty-free, vegan, clean beauty (0.5 oz | 15 ml)",$46.00 ($92.00 / Ounce),,https://www.amazon.com/dp/B0BS4CHYKY,4.4,43.0,ilia,1.0,eye cream
B077RTL1HJ,"illiyoon ceramide ato concentrate cream 200ml, 6.76 fl oz",$18.20 ($2.68 / Ounce),$24.99 ($3.68 / Ounce),https://www.amazon.com/dp/B077RTL1HJ,4.6,855.0,illiyoon,1.0,moisturizer
B086PSQ259,"i'm from fig boosting essence 150ml - hydrating & smoothening moisturizer for all skin types, natural & lightweight",$21.99 ($4.34 / Fl Oz),$35.00 ($6.90 / Fl Oz),https://www.amazon.com/dp/B086PSQ259,4.4,135.0,i'm from,1.0,essence
B086P94PJJ,"i'm from fig cleansing balm 100ml, korean makeup remover, vegan, easy to rinse off, fig oil water 7.8% with peptide and amino acid, makeup meltaway, makeup melting balm to oil",$22.75 ($6.69 / Ounce),$29.90 ($8.79 / Ounce),https://www.amazon.com/dp/B086P94PJJ,4.5,380.0,i'm from,1.0,cleansing balm
B07PSJBZ42,"image skincare i mask hydrating hydrogel sheet mask, hydro facial mask is refreshing, hydrating and soothing with hyaluronic acid, 2 oz",$10.00,,https://www.amazon.com/dp/B07PSJBZ42,4.6,231.0,image skincare i mask,1.0,sheet mask
B00T58BLJ2,"image skincare, clear cell salicylic gel cleanser, gentle foaming face wash removes excess oil and shine for oily prone skin, 6 oz",$36.00 ($6.00 / Fl Oz),,https://www.amazon.com/dp/B00T58BLJ2,4.7,1127.0,"image skincare, clear cell",1.0,cleanser
B003RJ165Y,"image skincare, vital c hydrating facial cleanser, gentle face wash with vitamin c, e and a, 6 fl oz",$38.00 ($6.33 / Fl Oz),,https://www.amazon.com/dp/B003RJ165Y,4.7,2761.0,"image skincare, vital c",1.0,cleanser
B00FU6QX96,"image skincare, vital c hydrating serum, with potent vitamin c to brighten, tone and smooth appearance of wrinkles, 1.7 fl oz",$82.00 ($48.24 / Ounce),,https://www.amazon.com/dp/B00FU6QX96,4.7,2017.0,"image skincare, vital c",1.0,serum
B07D8H88TM,"image skincare, vital c hydrating vitamin a c e serum, brightening complex, 1 fl oz",$74.00,,https://www.amazon.com/dp/B07D8H88TM,4.7,394.0,"image skincare, vital c",1.0,serum
B08WZPZHCR,"innisfree cherry blossom dewy glow jelly cream face moisturizer , 1.69 fl oz (pack of 1)",$26.00 ($15.29 / Fl Oz),,https://www.amazon.com/dp/B08WZPZHCR,4.4,1772.0,innisfree cherry blossom dewy,1.0,moisturizer
B08WZS7LVN,"innisfree daily uv defense sunscreen broad spectrum spf 36 face lotion, 1.69 fl oz (pack of 1)",$16.00 ($9.47 / Fl Oz),,https://www.amazon.com/dp/B08WZS7LVN,4.7,4301.0,innisfree daily uv defense,1.0,sunscreen
B09CQHJB4M,"innisfree green tea hyaluronic acid hydrating serum: hydrate, visibly soothe and support the moisture barrier",$30.00 ($11.11 / Fl Oz),,https://www.amazon.com/dp/B09CQHJB4M,4.7,924.0,innisfree green tea hyaluronic,1.0,serum
B0BLCXVYZQ,"innisfree green tea hydrating cleansing oil: antioxidant, amino acid rich, hydration, non-stripping",$24.00 ($4.73 / Fl Oz),,https://www.amazon.com/dp/B0BLCXVYZQ,4.6,237.0,innisfree green tea hydrating,1.0,cleansing oil
B099P4QM2X,"innisfree my real squeeze mask face sheet masks, green tea, 6-pack, 6 ct.",$11.00 ($1.83 / Count),,https://www.amazon.com/dp/B099P4QM2X,4.6,187.0,innisfree my real squeeze,1.0,sheet mask
B08WZRDXK8,innisfree orchid youth enriched eye cream hyaluronic acid moisturizer,$29.00,,https://www.amazon.com/dp/B08WZRDXK8,4.5,331.0,innisfree orchid youth enriched,1.0,eye cream
B08WZRDXK7,"innisfree pore clearing clay mask 2x super volcanic clusters face treatment , 3.38 fl oz (pack of 1)",$16.00 ($4.73 / Fl Oz),,https://www.amazon.com/dp/B08WZRDXK7,4.6,2663.0,innisfree pore clearing clay,1.0,clay mask
B08WZS292S,"innisfree pore clearing facial foam with volcanic clusters face cleanser, 5.07 fl oz (pack of 1)",$14.00 ($0.44 / Fl Oz),,https://www.amazon.com/dp/B08WZS292S,4.6,1173.0,innisfree pore clearing facial,1.0,cleanser
B08MMYW9Q6,"instanatural brightening vitamin c face scrub, gently exfoliates and refines for smooth skin, minimizes lines + wrinkles, with green tea and aloe vera, 2 fl oz",$16.95 ($8.48 / Fl Oz),$20.00 ($10.00 / Fl Oz),https://www.amazon.com/dp/B08MMYW9Q6,4.3,3594.0,instanatural,1.0,exfoliator
B00VMYKCL0,"instanatural vitamin c cleanser face wash, brightens and reduces signs of aging, fine lines and uneven texture, with coconut water and aloe vera, 6.7 fl oz",$24.95 ($3.72 / Fl Oz),$29.00 ($4.33 / Fl Oz),https://www.amazon.com/dp/B00VMYKCL0,4.4,18177.0,instanatural,1.0,cleanser
B007PFIOUQ,"is clinical active serum; face serum, helps skin with acne, 1 fl oz",$142.00,,https://www.amazon.com/dp/B007PFIOUQ,4.6,704.0,is clinical active serum;,1.0,serum
B0026TOCK2,"is clinical cleansing complex, 3in1 gentle deep pore cleanser face wash and makeup remover. helps acne and blemish-prone skin",$45.00 ($7.50 / Fl Oz),,https://www.amazon.com/dp/B0026TOCK2,4.6,2157.0,"is clinical cleansing complex,",1.0,cleanser
B09ZHHV1CN,isntree hyaluronic acid watery sun gel 50ml 1.69fl.oz,$16.99 ($10.05 / Fl Oz),,https://www.amazon.com/dp/B09ZHHV1CN,4.6,781.0,isntree,1.0,sunscreen
B07KQYWBP7,isntree mugwort calming clay mask 100ml 3.38 fl.oz | effective sebum control | exfoliates rough skin,$18.89 ($5.56 / Fl Oz),$22.20 ($6.53 / Fl Oz),https://www.amazon.com/dp/B07KQYWBP7,4.6,274.0,isntree,1.0,clay mask
B09RND9RRY,"it cosmetics bye bye makeup cleansing balm - 3-in-1 makeup remover, facial cleanser & hydrating facial mask - with vitamin c, ceramides, shea butter & rosehip oil - 4 oz",$46.00 ($11.50 / Ounce),,https://www.amazon.com/dp/B09RND9RRY,4.5,147.0,it cosmetics bye bye,1.0,cleansing balm
B09QH7C86G,"it cosmetics confidence in an eye cream, anti aging eye cream for dark circles, crow's feet, lack of firmness & dryness, 48hr hydration with 2% super peptide concentrate, for day + night - 0.5 fl oz",$47.50 ($95.00 / Fl Oz),,https://www.amazon.com/dp/B09QH7C86G,4.4,427.0,it cosmetics confidence in,1.0,eye cream
B0B79QQZMC,iunik centella calming vegan moisture spf 50+ pa++++ non-sticky no white cast light-weight daily sunscreen reef-safe uva uvb matte-finish no-scent 2 oz beta-glucan dry oily sensitive acne-prone skin korean skincare,$14.50 ($7.18 / Fl Oz),$19.99 ($9.90 / Fl Oz),https://www.amazon.com/dp/B0B79QQZMC,4.5,210.0,iunik,1.0,sunscreen
B07NMLCB1H,"iunik tea tree 67% relief vegan facial serum for clear & balanced skin - plant-based ingredients w/centella asiatica for soothing, calming, irritated skin - korean skincare for sensitive oily skin",$16.99 ($9.99 / Fl Oz),,https://www.amazon.com/dp/B07NMLCB1H,4.5,3326.0,iunik,1.0,serum
B08TZ2G8TD,"j.r. watkins sleep sugar body polish, monoi & sandalwood natural body scrub cleanses & encourages restful sleep, 6 oz",$4.39 ($0.73 / Fl Oz),$13.99 ($2.33 / Fl Oz),https://www.amazon.com/dp/B08TZ2G8TD,4.5,147.0,j.r. watkins,1.0,body scrub
B000HP9M3E,"jack black double-duty face moisturizer spf 20, 3.3 fl. oz (pack of 1)",$30.00 ($9.09 / Fl Oz),,https://www.amazon.com/dp/B000HP9M3E,4.7,8174.0,jack black double-duty face,1.0,moisturizer
B07QYWXCCT,"jack black,intense therapy lip balm spf 25,green tea antioxidants,long lasting treatment,broad-spectrum uva and uvb protection,natural mint & shea butter flavor,0.25 ounce,pack of 3 -amazon exclusive",$24.00 ($32.00 / Ounce),$30.00 ($40.00 / Ounce),https://www.amazon.com/dp/B07QYWXCCT,4.7,21193.0,"jack black,intense therapy lip",1.0,lipbalm
B082GDCJ5T,"jakuva 30 pairs 24k gold gel collagen eye mask,under eye patches for puffy eyes,dark circles & reduce wrinkles,moisturizing for face care, eye pads for your beauty skin care",$8.99 ($0.30 / Count),$18.99 ($0.63 / Count),https://www.amazon.com/dp/B082GDCJ5T,4.5,1911.0,jakuva,1.0,eye mask
B0BSTP6CRX,japanese makeup mukaiami kose softymo speedy cleansing oil 200ml refill pack x 3 packs including oil blotting papers,$31.00 ($4.40 / Fl Oz),,https://www.amazon.com/dp/B0BSTP6CRX,4.9,14.0,japanese makeup mukaiami,1.0,cleansing oil
B0C3B5MT5G,"jeosisy clay mask-face dead sea mud mask,green tea mud mask,purifying pore,remove blackheads,control oil,anti aging,brightening and moisturizing,facial clay mask gift sets for women and men-2.8oz*2",$7.99 ($1.42 / Ounce),$8.99 ($1.59 / Ounce),https://www.amazon.com/dp/B0C3B5MT5G,4.6,28.0,jeosisy,1.0,clay mask
B0034F9K36,"jergens ultra healing dry skin moisturizer, body and hand lotion for dry skin, for quick absorption into extra dry skin, with hydralucence blend, vitamins c, e, and b5, 32 ounce",$10.47 ($0.33 / Ounce),$12.24 ($0.38 / Ounce),https://www.amazon.com/dp/B0034F9K36,4.8,33564.0,jergens,1.0,moisturizer
B0BQ1WK8V6,"joli noir - brightening turmeric scrub with honey, cinnamon & vitamin e - fragrance free exfoliating face sugar scrub - for acne, hyperpigmentation & dullness - 3 ounces",$9.99 ($3.33 / Ounce),,https://www.amazon.com/dp/B0BQ1WK8V6,4.4,150.0,joli noir,1.0,face scrub
B088K23418,julep 24/7 lip treatment - hydrating lip balm and lip sleeping mask - moisturizing lip repair - soothe dry chapped lips - shea butter,$12.00 ($29.27 / Fl Oz),,https://www.amazon.com/dp/B088K23418,4.4,645.0,julep,1.0,lipbalm
B09DSQB2Y5,julep it's balm: tinted lip balm + buildable lip color - 90's neutral - natural gloss finish - hydrating vitamin e core - vegan,$14.00,,https://www.amazon.com/dp/B09DSQB2Y5,4.1,8734.0,julep,1.0,lipbalm
B07QSF1LK3,"jumiso all day vitamin serum, brightening & balancing facial serum, mother's day, gift, vitamin c, a, b, d, e , serum with vitamin, korean skincare, skin brightening, soothing, vegan serum, vitamin tree extract 86.14%, niacinamide 20,000ppm,1.01 fl oz (serum)",$14.03 ($13.89 / Fl Oz),$19.00 ($18.81 / Fl Oz),https://www.amazon.com/dp/B07QSF1LK3,4.4,1126.0,jumiso,1.0,serum
B0BN4P6LBP,juno & co. 10 ingredients cleansing balm and clarifying cleansing powder,$30.99,$32.98,https://www.amazon.com/dp/B0BN4P6LBP,4.9,50.0,juno & co.,1.0,cleansing balm
B08Q3CQM7X,juno & co. clean 10 cleansing balm 10 ingredients makeup remover 85g / 3.0oz,$14.99 ($5.00 / Ounce),$19.99 ($6.66 / Ounce),https://www.amazon.com/dp/B08Q3CQM7X,4.6,14885.0,juno & co.,1.0,cleansing oil
B09WYP8QS4,"juno & co. exfoliating face wash, 10 ingredients facial clarifying cleansing powder with hyaluronic acid for extra hydration 50g / 1.76oz",$17.99 ($10.22 / Ounce),,https://www.amazon.com/dp/B09WYP8QS4,4.4,531.0,juno & co.,1.0,cleansing balm
B07FY45C46,"kao megurism health care steam warm eye mask, made in japan, no fragrance, 12 count (pack of 1)",$11.99 ($1.00 / Count),,https://www.amazon.com/dp/B07FY45C46,4.5,3249.0,kao megurism health care,1.0,eye mask
B07FXQSRN4,"kao megurism health care steam warm eye mask,made in japan, lavender sage 12 sheets",$12.48 ($1.04 / Count),,https://www.amazon.com/dp/B07FXQSRN4,4.6,2741.0,kao megurism health care,1.0,eye mask
B07FXTHRD3,"kao megurism health care steam warm eye mask,made in japan, rose 12 sheets×2boxes",$21.80 ($0.91 / Count),,https://www.amazon.com/dp/B07FXTHRD3,4.7,830.0,kao megurism health care,1.0,eye mask
B09L3C9WY5,"karuna tone sheet mask - hydrating toner face mask, face toner for women, anti aging face mask black hoof mushroom adaptogen to balance & protect skin, improve tone & get rid of fine lines 0.74 fl.oz./22 ml.",$6.00 ($6.00 / Count),,https://www.amazon.com/dp/B09L3C9WY5,4.6,606.0,karuna,0.0,sheet mask
B01MDT786Y,"kiehl's age defender eye repair cream for men, 0.5 ounce",$36.94 ($73.88 / Ounce),$40.66 ($81.32 / Ounce),https://www.amazon.com/dp/B01MDT786Y,4.5,164.0,kiehl's,1.0,eye cream
B09P5ZRNVF,"kiehl's creamy eye treatment with avocado - 7 ml, travel size",$10.00 ($50.00 / Fl Oz),,https://www.amazon.com/dp/B09P5ZRNVF,4.3,1317.0,kiehl's,1.0,eye cream
B07ZZYMWDT,"kiehl's creamy eye treatment with avocado, 14 g",$30.00 ($61.22 / Ounce),,https://www.amazon.com/dp/B07ZZYMWDT,4.3,1736.0,kiehl's,0.0,eye cream
B0C32W143F,"kiehl's ferulic brew rejuvenating facial essence, 3.4 fl oz / 100 ml",$31.46,,https://www.amazon.com/dp/B0C32W143F,4.8,21.0,kiehl's,1.0,essence
B0BMP8TBVV,"kiehl's powerful-strength dark circle reducing vitamin c eye serum, 0.5 ounce, 42 grams",$29.99 ($59.98 / Ounce),,https://www.amazon.com/dp/B0BMP8TBVV,4.1,55.0,kiehl's,1.0,eye cream
B01KSIO76G,"kiehl's rare earth deep pore cleansing amazonian white clay mask, 0.95 ounce",$26.89 ($28.31 / Ounce),,https://www.amazon.com/dp/B01KSIO76G,4.4,188.0,kiehl's,1.0,clay mask
B0CBP57936,"kimtrue makeup remover cleansing balm and gentle eye and lip makeup remover and makeup cleansing oil (travel size x 2, 15g*2)",$7.99 ($15.10 / Ounce),,https://www.amazon.com/dp/B0CBP57936,4.5,585.0,kimtrue,1.0,cleansing balm
B07DKJDJMH,"kind lips lip balm, nourishing soothing lip moisturizer for dry cracked chapped lips, made in usa with 100% natural usda organic ingredients, sweet mint flavor, pack of 3",$9.79 ($3.26 / Count),,https://www.amazon.com/dp/B07DKJDJMH,4.6,1714.0,kind lips,1.0,lipbalm
B000RYH38Q,"kinesys fragrance free clear spray sunscreen for sensitive skin, spf 30, hypoallergenic, broad spectrum uva/uvb protection for face & body alcohol, paba and oxybenzone free, 700 sprays, 4 fl. oz",$25.99 ($6.50 / Fl Oz),,https://www.amazon.com/dp/B000RYH38Q,4.4,1682.0,kinesys performance sunscreen,1.0,sunscreen
B01DC6XTYC,"kleem organics retinol cream for face - anti aging face cream with hyaluronic acid & collagen - retinol face moisturizer for wrinkles, dark spots, and uneven skin texture - crema retinol para la cara",$26.97 ($15.86 / Ounce),$35.00 ($20.59 / Ounce),https://www.amazon.com/dp/B01DC6XTYC,4.4,27603.0,kleem organics,1.0,moisturizer
B0BW2XP5JW,"know beauty glacial bay clay mask with canadian colloidal clay - remove impurities, tighten pores, improve radiance, gentle and hydrating for acne and oily skin - with lactic acid and giant sea kelp",$45.00 ($26.47 / Ounce),,https://www.amazon.com/dp/B0BW2XP5JW,4.5,198.0,knowbeauty,1.0,clay mask
B09NS6HSTB,"kopari kp body bumps be gone exfoliating body scrub with 10% aha, to smooth skin, reduce bumps, decongest pores, clarifying, gently exfoliate & wash | 8.45 fl oz tube",$26.99 ($3.19 / Fl Oz),,https://www.amazon.com/dp/B09NS6HSTB,4.4,881.0,kopari,1.0,body scrub
B0BRKNN8SB,"korean exfoliating mitt, korintin 1pcs exfoliating body gloves clean dead skin at home, great for spray tan removal or keratosis pilaris",$3.29 ($3.29 / Count),,https://www.amazon.com/dp/B0BRKNN8SB,3.7,58.0,korintin,1.0,exfoliator
B084G2D2DX,"korres greek yoghurt foaming cream cleanser 150 ml, 5.01 fl. oz.",$28.00 ($5.59 / Fl Oz),,https://www.amazon.com/dp/B084G2D2DX,4.7,1363.0,korres greek yoghurt foaming,1.0,cleanser
B0B8TJQ3PY,"kosbeauty dr. jart mask sheet set 7 pcs random(brightening, ceramidin, clearing, firming, peeling, porecting, soothing, tiger calming, vital hydra, wrinkle), skincare, facial care",$23.99 ($3.43 / Count),,https://www.amazon.com/dp/B0B8TJQ3PY,4.7,97.0,kosbeauty,1.0,sheet mask
B000V2FB88,"kose softy mo deep treatment oil, 7.8oz",$11.59 ($1.49 / Fl Oz),$13.99 ($1.79 / Fl Oz),https://www.amazon.com/dp/B000V2FB88,4.4,3029.0,kose,1.0,cleansing oil
B002IT6GWW,kose softy mo white cleansing oil refill,$8.83 ($1.10 / Ounce),$11.99 ($1.50 / Ounce),https://www.amazon.com/dp/B002IT6GWW,4.6,51.0,kose,1.0,cleansing oil
B002IT6GVS,kose softymo deep cleansing oil makeup remover (refill) 200ml,$9.98 ($1.48 / Fl Oz),,https://www.amazon.com/dp/B002IT6GVS,4.6,606.0,kose,1.0,cleansing oil
B002IT6GTU,kose softymo speedy cleansing oil 200ml refill pack,$14.97 ($2.21 / Fl Oz),,https://www.amazon.com/dp/B002IT6GTU,4.7,1944.0,kose cosmeport,1.0,cleansing oil
B0CF1R2Z5C,"kp bump eraser body scrub, exfoliating body scrub, body exfoliator scrub, kp body scrub for women strawberry legs, effective body scrubs for women exfoliation bump eraser",$19.99 ($2.46 / Fl Oz),,https://www.amazon.com/dp/B0CF1R2Z5C,4.8,243.0,ciz,1.0,exfoliator
B0BXDC96G5,"kp bump eraser body scrub, keratosis pilaris treatment, strawberry legs treatment for women, bump eraser body scrub, keratosis pilaris, body scrub for strawberry legs",$18.99 ($4.72 / Fl Oz),,https://www.amazon.com/dp/B0BXDC96G5,4.2,88.0,rida hair research institute,1.0,body scrub
B01CTJU09A,"la prairie cellular swiss uv protection veil spf 50 women's sunscreen, 1.7 fl oz",$185.49 ($109.11 / Ounce),,https://www.amazon.com/dp/B01CTJU09A,4.0,58.0,la prairie,1.0,sunscreen
B016OVYT3W,"la pure 24k gold eye treatment masks - under eye patches, under eye bags treatment, eye mask for puffy eyes, anti-wrinkle, dark circles, gel pads 15 pairs",$17.47 ($1.16 / Count),$29.95 ($2.00 / Count),https://www.amazon.com/dp/B016OVYT3W,4.3,7094.0,la pure,1.0,eye mask
B06VV8FBDQ,"la pure korean face mask - hydrating beauty snail mask, anti-wrinkle skin care, anti-aging sheets pack, hydration deep moisturizing facemask, 10 facial masks for women & men",$30.95 ($3.10 / Count),,https://www.amazon.com/dp/B06VV8FBDQ,4.6,3449.0,la pure,1.0,sheet mask
B01A0NT3D6,"la roche-posay anthelios clear skin dry touch sunscreen spf 60, oil free face sunscreen for acne prone skin, won't cause breakouts, non-greasy, oxybenzone free",$19.99 ($11.76 / Fl Oz),,https://www.amazon.com/dp/B01A0NT3D6,4.4,15373.0,la roche-posay anthelios clear,1.0,sunscreen
B00TBJWP9K,"la roche-posay anthelios cooling water lotion sunscreen for body and face, broad spectrum sunscreen spf, absorbs quickly, water resistant every day sun protection for sensitive skin",$37.99 ($7.60 / Fl Oz),,https://www.amazon.com/dp/B00TBJWP9K,4.7,1608.0,la roche-posay anthelios cooling,1.0,sunscreen
B002CML1XE,"la roche-posay anthelios light fluid face sunscreen broad spectrum spf 60, sensitive skin sunscreen, oxybenzone free, oil free, non-comedogenic",$32.99 ($19.41 / Fl Oz),,https://www.amazon.com/dp/B002CML1XE,4.7,6216.0,la roche-posay anthelios light,1.0,sunscreen
B07YGVSGMW,"la roche-posay anthelios melt-in milk body & face sunscreen lotion broad spectrum spf 100, oxybenzone & octinoxate free, sunscreen for kids, adults & sun sensitive skin, unscented, 3 fl oz",$26.99 ($9.00 / Fl Oz),,https://www.amazon.com/dp/B07YGVSGMW,4.7,7614.0,la roche-posay anthelios melt-in,1.0,sunscreen
B002CML1VG,"la roche-posay anthelios melt-in milk body & face sunscreen spf 60, oil free sunscreen for sensitive skin, sport sunscreen lotion, sun protection & sun skin care, oxybenzone free",$36.99 ($7.40 / Fl Oz),,https://www.amazon.com/dp/B002CML1VG,4.6,12200.0,la roche-posay anthelios melt-in,1.0,sunscreen
B07HF7VMXZ,"la roche-posay anthelios mineral sunscreen gentle lotion broad spectrum spf 50, face and body sunscreen with zinc oxide and titanium dioxide, oxybenzone & octinoxate free, oil-free",$25.99 ($8.66 / Fl Oz),,https://www.amazon.com/dp/B07HF7VMXZ,4.2,2474.0,la roche-posay anthelios mineral,1.0,sunscreen
B007EUSL5U,"la roche-posay anthelios ultra-light sunscreen lotion spray broad spectrum spf 60, alcohol-free, oil-free, water resistant, 5 fl. oz.",$26.99 ($5.40 / Ounce),,https://www.amazon.com/dp/B007EUSL5U,4.4,2444.0,la roche-posay anthelios ultra-light,1.0,sunscreen
B06XH1WJNR,"la roche-posay effaclar clarifying clay face mask for oily skin, unclogs pores and controls shine without over-drying, packaging may vary",$21.99 ($6.47 / Fl Oz),,https://www.amazon.com/dp/B06XH1WJNR,4.6,1598.0,la roche-posay effaclar clarifying,1.0,clay mask
B00LO1DNXU,"la roche-posay effaclar medicated gel facial cleanser, foaming acne face wash with salicylic acid, helps clear acne breakouts and with oily skin control, oil free, fragrance free",$15.99 ($2.35 / Fl Oz),$16.99 ($2.50 / Fl Oz),https://www.amazon.com/dp/B00LO1DNXU,4.6,14476.0,la roche-posay effaclar medicated,1.0,cleanser
B003JSEGNC,"la roche-posay effaclar purifying foaming gel cleanser for oily skin, ph balancing daily face wash, oil free and soap free",$22.99 ($1.70 / Fl Oz),,https://www.amazon.com/dp/B003JSEGNC,4.7,31710.0,la roche-posay effaclar purifying,1.0,cleanser
B075VX4QVM,"la roche-posay hyalu b5 pure hyaluronic acid serum for face, with vitamin b5, anti-aging serum for fine lines and wrinkles, hydrating serum to plump and repair dry skin, safe on sensitive skin",$39.99,,https://www.amazon.com/dp/B075VX4QVM,4.6,21026.0,la roche-posay hyalu b5,1.0,serum
B003QXZWYW,"la roche-posay lipikar balm ap+ intense repair body lotion for dry skin, body cream with shea butter and niacinamide, moisturizer for dry and rough skin, sensitive skin safe, 13.52 fl oz (pack of 1)",$19.99 ($1.48 / Fl Oz),,https://www.amazon.com/dp/B003QXZWYW,4.7,21597.0,la roche-posay lipikar balm,1.0,moisturizer
B00B4RJP72,la roche-posay mat oil-free mattifying moisturizer,$35.99 ($25.71 / Fl Oz),,https://www.amazon.com/dp/B00B4RJP72,4.5,13725.0,la roche-posay mat oil-free,1.0,moisturizer
B0C673PKK3,la roche-posay new lipikar ap+ gentle foaming cleansing oil | gentle oil cleanser for face and body formulated with niacinamide | long-lasting 24-hour hydration | fragrance-free & soap free,$16.99 ($1.26 / Fl Oz),,https://www.amazon.com/dp/B0C673PKK3,4.5,165.0,la roche-posay new lipikar,1.0,cleansing oil
B09X2H4SLY,"la roche-posay niacinamide 10 face serum, brightening and anti-aging facial serum with 10% niacinamide, reduces the look of dark spots, discoloration, and uneven skin tone",$39.99,,https://www.amazon.com/dp/B09X2H4SLY,4.6,2113.0,la roche-posay niacinamide 10,1.0,serum
B002SMNBXG,"la roche-posay nutritic lip balm for very dry lips, soothes and repairs chapped lips with shea butter and ceramides, 0.15 fl oz (pack of 1)",$16.99,,https://www.amazon.com/dp/B002SMNBXG,4.4,2071.0,la roche-posay nutritic lip,1.0,lipbalm
B07Z9Y4M3C,"la roche-posay pure retinol face serum with vitamin b3. anti aging face serum for lines, wrinkles & premature sun damage to resurface & hydrate. suitable for sensitive skin, 1.0 fl. oz",$44.99 ($44.54 / Fl Oz),,https://www.amazon.com/dp/B07Z9Y4M3C,4.6,8341.0,la roche-posay pure retinol,1.0,serum
B00VGCXN0U,"la roche-posay toleriane dermallergo eye cream soothing repair moisturizer, soothes and comforts sensitive skin, allergy tested, fragrance free, alcohol free, formerly toleriane ultra eyes",$29.99 ($42.84 / Fl Oz),,https://www.amazon.com/dp/B00VGCXN0U,4.5,3028.0,la roche-posay toleriane dermallergo,1.0,eye cream
B09N13T8TL,"la roche-posay toleriane double repair matte face moisturizer, daily gel moisturizer for oily skin control with niacinamide, oil-free, non-comedogenic, moisturizing for sensitive skin",$21.99 ($8.66 / Fl Oz),,https://www.amazon.com/dp/B09N13T8TL,4.5,4174.0,la roche-posay toleriane double,1.0,moisturizer
B01N7T7JKJ,"la roche-posay toleriane hydrating gentle face cleanser, daily facial cleanser with niacinamide and ceramides for sensitive skin, moisturizing face wash for normal to dry skin, fragrance free",$16.99 ($1.26 / Fl Oz),,https://www.amazon.com/dp/B01N7T7JKJ,4.6,28107.0,la roche-posay toleriane hydrating,1.0,cleanser
B01N34XW93,"la roche-posay toleriane purifying foaming facial, oil free face wash for oily skin and for sensitive skin with niacinamide, pore cleanser wonâ€™t dry out skin, unscented",$16.99 ($1.26 / Fl Oz),,https://www.amazon.com/dp/B01N34XW93,4.7,28321.0,la roche-posay toleriane purifying,1.0,cleanser
B002WDKJZO,"la roche-posay ultra-fine scrub for sensitive skin, gentle exfoliating face wash with ultra-fine pumice particles to remove dead skin",$19.99 ($11.83 / Fl Oz),,https://www.amazon.com/dp/B002WDKJZO,4.4,3045.0,la roche-posay ultra-fine scrub,1.0,exfoliator
B0165XUWGC,"lalicious sugar lavender extraordinary whipped sugar scrub - cane sugar body & foot scrub, exfoliating & moisturizing skin care with coconut oil & honey, no parabens (16oz)",$40.00 ($2.50 / Ounce),,https://www.amazon.com/dp/B0165XUWGC,4.7,1200.0,lalicious,1.0,body scrub
B01MQG6S6V,lancôme​ créme radiance cream-to-foam face cleanser - gently cleanses skin & removes makeup - with rose & lotus flower extract - 4.2 fl oz,$34.00 ($8.10 / Fl Oz),,https://www.amazon.com/dp/B01MQG6S6V,4.8,984.0,lancôme​ créme radiance cream-to-foam,1.0,cleanser
B07XXPHQZK,laneige lip sleeping mask - berry (packaging may vary),$24.00,,https://www.amazon.com/dp/B07XXPHQZK,4.7,32538.0,laneige lip sleeping mask,1.0,lipbalm
B07DN3HB2G,"lapcos aqua sheet mask, hydrating daily face mask with seawater and plankton extract to nourish skin, korean beauty favorite, 5-pack",$17.00 ($3.40 / Count),,https://www.amazon.com/dp/B07DN3HB2G,4.6,305.0,lapcos,1.0,sheet mask
B07D23BCKT,"lapcos charcoal sheet mask, daily face mask with salicylic acid and tea tree oil to detoxify and tighten skin, korean beauty favorite, 5-pack",$17.00 ($3.40 / Count),,https://www.amazon.com/dp/B07D23BCKT,4.4,372.0,lapcos,1.0,sheet mask
B07DN4H67T,"lapcos collagen sheet mask, firming daily face mask with collagen peptides for wrinkles & dark spots, korean beauty favorite, 5-pack",$17.00 ($3.40 / Count),,https://www.amazon.com/dp/B07DN4H67T,4.6,1704.0,lapcos,1.0,sheet mask
B07J4X9C51,"lapcos honey sheet mask, daily face mask with hyaluronic acid and antioxidants to hydrate and tighten dry skin, korean beauty favorite, 5-pack",$17.00 ($3.40 / Count),,https://www.amazon.com/dp/B07J4X9C51,4.6,696.0,lapcos,1.0,sheet mask
B07TKR69FD,"lapcos hyaluronic acid sheet mask, daily hydrating face mask, protects & nourishes skin, korean beauty favorite, 5-pack",$17.00 ($3.40 / Count),,https://www.amazon.com/dp/B07TKR69FD,4.6,768.0,lapcos,1.0,sheet mask
B07H76M36L,"lapcos milk sheet mask, moisturizing daily face mask to replenish and restore dry skin, korean beauty favorite, 5-pack",$17.00 ($3.40 / Count),,https://www.amazon.com/dp/B07H76M36L,4.6,284.0,lapcos,1.0,sheet mask
B07D236GQY,"lapcos pearl sheet mask, daily face mask with probiotics to brighten and clarify skin, korean beauty favorite, 5-pack",$17.00 ($3.40 / Count),,https://www.amazon.com/dp/B07D236GQY,4.5,587.0,lapcos,1.0,sheet mask
B07JNCKBZM,"lapcos rejuvenating sheet mask variety set, korean facial sheet masks, moisturizing & restorative skincare, 5-pack",$17.00 ($3.40 / Count),,https://www.amazon.com/dp/B07JNCKBZM,4.6,1289.0,lapcos,1.0,sheet mask
B09H72ZFQ4,"lavender oil body scrub exfoliator with shea butter, collagen, stem cells, grapefruit oil - natural exfoliating salt scrub & body and face souffle helps with moisturizing skin, acne, cellulite, dead skin scars, wrinkles - 11 oz",$11.98 ($11.98 / Count),,https://www.amazon.com/dp/B09H72ZFQ4,4.4,895.0,first botany,1.0,body scrub
B0BRQNRQTR,"lavone rose clay mask, face masks skincare with rose, aloe and green tea extract for dark spots, ances, blackheads, controlling oil and refining pores 4 oz, for all skin types.",$9.99,,https://www.amazon.com/dp/B0BRQNRQTR,4.4,398.0,lavone,1.0,clay mask
B07RFG647Q,"le gushe under eye patches (20 pairs) 24k gold eye mask - anti-aging, hyaluronic acid & collagen eye treatment to reduce dark circles, puffy eyes & wrinkles - transforms tired eyes",$13.97 ($0.35 / Count),$14.97 ($0.37 / Count),https://www.amazon.com/dp/B07RFG647Q,4.3,13136.0,le gushe,1.0,eye mask
B00FCAL3XQ,"le mieux bio cell rejuvenating cream - triple peptide facial moisturizer with hyaluronic acid, squalane & rose hip, night & day cream for face & neck, no parabens or sulfates (1.75 oz / 52 ml)",$39.98 ($22.21 / Fl Oz),$45.00 ($25.00 / Fl Oz),https://www.amazon.com/dp/B00FCAL3XQ,4.6,311.0,le mieux,0.0,moisturizer
B00FZVX5EC,"le mieux eye wrinkle corrector cream - hyaluronic acid moisturizer for eyes with 7 potent peptides & amino acids, under eye corrector cream (0.5 oz / 15 ml)",$36.00 ($72.00 / Fl Oz),$48.00 ($96.00 / Fl Oz),https://www.amazon.com/dp/B00FZVX5EC,4.7,203.0,le mieux,1.0,eye cream
B09KGWBCWG,lenboken 4 pack neck gaiter face mask scarf masks bandanas breathable outdoor headwear balaclavas cover for men women (black&blue&navy&army green),$9.99,$11.97,https://www.amazon.com/dp/B09KGWBCWG,4.6,496.0,lenboken,1.0,face mask
B00J4WZ9GK,"lerosett spot treatment & clay mask - swedish facial clay for acne, oily & congested skin, blemishes, blackheads, pimples, ingrown hairs, tighten pores | fast-drying, natural, vegan. 3 oz",$26.95 ($8.98 / Ounce),,https://www.amazon.com/dp/B00J4WZ9GK,4.5,611.0,gunilla of sweden,1.0,clay mask
B07XDTFQ9V,"lily sado matcha made in heaven sugar facial scrub - best daily facial exfoliating cleanser for women & men - vegan face wash exfoliates skin, treats acne, reduces pore size - all skin types - 4 oz",$21.95 ($5.49 / Fl Oz),,https://www.amazon.com/dp/B07XDTFQ9V,4.5,688.0,lily sado,1.0,exfoliator
B08K3TSKQ8,"lilyana naturals eye cream for dark circles and puffiness, under eye cream for wrinkles, anti aging eye cream helps improve dryness and sensitive skin - 1.7oz - 2 pack - made in usa",$39.99 ($11.76 / Fl Oz),,https://www.amazon.com/dp/B08K3TSKQ8,4.2,32626.0,lilyana naturals,1.0,eye cream
B07JQX3F23,lip naturals® mini vanilla lip balm with sunscreen (spf-15) | made in usa with beeswax & coconut oil | 12-count pack with vanilla bean flavor (0.10oz/3g each),$12.99 ($1.08 / Count),$13.99 ($1.17 / Count),https://www.amazon.com/dp/B07JQX3F23,4.7,742.0,chap-ice,1.0,lipbalm
B00CXK623E,"lip smacker coca-cola flavored balm, 8 count, flavors coke, cherry vanilla sprite, root beer, orange fanta, grape strawberry fanta",$8.66,$11.00,https://www.amazon.com/dp/B00CXK623E,4.7,8741.0,lip smacker,1.0,lipbalm
B0BDD93P3M,lip smacker holiday coca cola flavored lip balm coke bottle,$5.99,,https://www.amazon.com/dp/B0BDD93P3M,4.8,1051.0,lip smacker,1.0,lipbalm
B00CXK66U8,"lip smacker original & best holiday flavored lip balm party pack, oatmeal cookie, vanilla, mango, watermelon, tropical punch, cotton candy, kiwi, strawberry, clear",$8.89,$11.00,https://www.amazon.com/dp/B00CXK66U8,4.8,7196.0,lip smacker,1.0,lipbalm
B09NN1L5TH,liyalan 24k gold under eye patches for dark circles and puffiness eye mask skin care products eye patches for puffy eyes beauty under eye treatment for women 60pcs…,$5.99 ($5.99 / Count),,https://www.amazon.com/dp/B09NN1L5TH,4.2,832.0,liyalan,1.0,eye mask
B09NNGXD3B,"liyalan turmeric body scrub moisturizing and exfoliating body, face, hand, foot scrub,nourishes skin,deep cleansing 7.8oz",$8.99 ($1.15 / Ounce),$9.99 ($1.28 / Ounce),https://www.amazon.com/dp/B09NNGXD3B,4.0,2152.0,liyalan,1.0,body scrub
B017D5N9W0,"l'occitane cleansing & softening almond shower oil, 16.9 fl oz: oil-to-milky lather, softer skin, smooth skin, cleanse without drying, with almond oil",$46.00 ($2.72 / Fl Oz),,https://www.amazon.com/dp/B017D5N9W0,4.7,2455.0,l'occitane cleansing & softening,1.0,cleansing oil
B001G60EK8,"l'occitane cleansing & softening almond shower oil, 8.4 fl oz: oil-to-milky lather, softer skin, smooth skin, cleanse without drying, with almond oil",$29.00 ($3.45 / Fl Oz),,https://www.amazon.com/dp/B001G60EK8,4.6,7361.0,l'occitane cleansing & softening,1.0,cleansing oil
B0009JQN9Y,"l'occitane ultra-rich 10% shea butter nourishing lip balm stick: moisturize dry lips, twist up, softening, with beeswax and castor oil, silicone-free",$10.00,,https://www.amazon.com/dp/B0009JQN9Y,4.4,1755.0,l'occitane ultra-rich 10% shea,1.0,lipbalm
B098QZL96Z,"l'oreal paris age perfect cell renewal anti-aging eye cream, for dark circles & puffiness 0.5 fl oz (pack of 1)",$14.85 ($8.74 / Fl Oz),$28.99 ($17.05 / Fl Oz),https://www.amazon.com/dp/B098QZL96Z,4.3,1606.0,l’oréal paris,1.0,eye cream
B098R1QVBK,l'oreal paris age perfect collagen expert anti-aging day moisturizer 2.5 oz,$12.84 ($5.14 / Ounce),$19.99 ($8.00 / Ounce),https://www.amazon.com/dp/B098R1QVBK,4.5,4143.0,l’oréal paris,1.0,moisturizer
B07MM625RD,"l'oreal paris age perfect rosy tone anti-aging eye cream, treat and visibily color correct dark circles, .5 oz",$13.25 ($26.50 / Ounce),$24.99 ($49.98 / Ounce),https://www.amazon.com/dp/B07MM625RD,4.2,2718.0,l’oréal paris,1.0,eye cream
B01M09QQI0,"l'oreal paris age perfect rosy tone anti-aging face moisturizer, renew & revive healthy tone, 1.7 oz",$16.21 ($9.54 / Ounce),$24.99 ($14.70 / Ounce),https://www.amazon.com/dp/B01M09QQI0,4.5,7021.0,l’oréal paris,1.0,moisturizer
B002JDUMFO,"l'oreal paris collagen daily face moisturizer, reduce wrinkles, face cream 1.7 oz",$8.98 ($5.28 / Ounce),$11.49 ($6.76 / Ounce),https://www.amazon.com/dp/B002JDUMFO,4.5,56614.0,l’oréal paris,1.0,moisturizer
B00005333I,l'oreal paris dermo-expertise eye defense eye cream with caffeine and hyaluronic acid 0.5 oz,$11.96 ($23.92 / Ounce),$14.29 ($28.58 / Ounce),https://www.amazon.com/dp/B00005333I,4.3,18438.0,l’oréal paris,1.0,eye cream
B074M9YL9C,"l'oreal paris pure sugar scrub nourish and soften, 1.7 oz.",$8.49 ($4.99 / Ounce),$9.99 ($5.88 / Ounce),https://www.amazon.com/dp/B074M9YL9C,4.4,1922.0,l’oréal paris,1.0,face scrub
B07GVCVYB9,"l'oreal paris revitalift 1.5% pure hyaluronic acid face serum, hydrate & reduce wrinkles, fragrance free 1 oz",$21.40,$32.99,https://www.amazon.com/dp/B07GVCVYB9,4.5,44397.0,l’oréal paris,1.0,serum
B0B645WSPG,"l'oreal paris revitalift 12% pure vitamin c serum, vitamin e, salicylic acid, brightening 1 oz + moisturizer sample",$25.97,$27.99,https://www.amazon.com/dp/B0B645WSPG,4.4,1131.0,l’oréal paris,1.0,serum
B000KOLXKM,"l'oréal paris revitalift anti-wrinkle and firming eye cream, reduce dark circles, pro retinol, fragrance free 1.7 oz",$9.99 ($5.88 / Fl Oz),$18.99 ($11.17 / Fl Oz),https://www.amazon.com/dp/B000KOLXKM,4.5,6822.0,l’oréal paris,1.0,eye cream
B008CT12G2,"l'oreal paris revitalift triple power anti-aging eye cream, pro retinol, hyaluronic acid & vitamin c, reduce wrinkles & puffiness 0.5 fl. oz.",$15.71 ($31.42 / Fl Oz),$27.99 ($55.98 / Fl Oz),https://www.amazon.com/dp/B008CT12G2,4.3,9964.0,l’oréal paris,1.0,eye cream
B0825QX28D,"l'oreal paris revitalift triple power anti-aging face moisturizer, pro retinol, hyaluronic acid & vitamin c, reduce wrinkles, fragrance free 1.7 oz",$20.16 ($11.86 / Ounce),$27.99 ($16.46 / Ounce),https://www.amazon.com/dp/B0825QX28D,4.5,38638.0,l’oréal paris,1.0,moisturizer
B01LYYTV96,"l'oreal paris skincare hydra genius daily liquid care oil-free face moisturizer for normal to dry skin, hyaluronic acid moisturizer for face with aloe water and hyaluronic acid, 3.04 fl. oz.",$13.93 ($4.58 / Fl Oz),$17.99 ($5.92 / Fl Oz),https://www.amazon.com/dp/B01LYYTV96,4.6,4180.0,l’oréal paris,1.0,moisturizer
B00005333G,"l'oreal paris skincare hydra-renewal face moisturizer with pro-vitamin b5 for dry sensitive skin, all-day hydration, 1.7 oz",$6.42 ($3.78 / Ounce),$7.99 ($4.70 / Ounce),https://www.amazon.com/dp/B00005333G,4.4,4560.0,l’oréal paris,1.0,moisturizer
B01F7SUFW2,"l'oreal paris skincare pure clay face mask with charcoal for dull skin to detox & brighten skin, clay mask, at home face mask, 1.7 oz.",$12.99 ($7.64 / Ounce),,https://www.amazon.com/dp/B01F7SUFW2,4.6,4827.0,l’oréal paris,1.0,clay mask
B01F7SUFH2,"l'oreal paris skincare pure clay face mask with red algae for clogged pores to exfoliate and refine pores, clay mask, at home face mask, 1.7 oz.",$8.97 ($5.28 / Ounce),$9.99 ($5.88 / Ounce),https://www.amazon.com/dp/B01F7SUFH2,4.5,3947.0,l’oréal paris,1.0,clay mask
B0769T666G,"l'oréal paris skincare pure-clay face mask trial size set, includes 3 different face masks made with charcoal, red algae and eucalyptus, set",$5.49,$8.99,https://www.amazon.com/dp/B0769T666G,4.3,1391.0,l’oréal paris,1.0,clay mask
B07577L71W,"l'oreal paris wrinkle expert 55+ anti-wrinkle eye cream with calcium, reduce crow's feet 1.7 fl. oz",$8.98 ($17.96 / Fl Oz),$9.99 ($19.98 / Fl Oz),https://www.amazon.com/dp/B07577L71W,4.5,1165.0,l’oréal paris,1.0,eye cream
B01C9DJKLA,loreal revitalift eye cream 0.5 ounce (14ml) (2 pack),$19.20 ($19.20 / Ounce),$22.04 ($22.04 / Ounce),https://www.amazon.com/dp/B01C9DJKLA,4.7,1053.0,l’oréal paris,1.0,eye cream
B09LG76LML,"lorelis lab under eye mask for puffy eyes, dark circles, eye bags, puffiness, wrinkles with collagen - hydrating - green tea skincare - anti-aging eye patch treatment masks - 60 under eye gel pads",$9.70 ($9.70 / Count),$30.00 ($30.00 / Count),https://www.amazon.com/dp/B09LG76LML,4.2,1268.0,lorelis lab,1.0,eye mask
B0BSB7K6FN,"lph lab temporary eye tightener eye cream, instant reduces under-eye bags, instant under eye serum, dark circles & puffiness, anti aging fine lines, firm that delicate skin under your eyes 0.5 oz",$15.98 ($31.96 / Fl Oz),$17.99 ($35.98 / Fl Oz),https://www.amazon.com/dp/B0BSB7K6FN,4.3,1146.0,lph lab,1.0,eye cream
B09JW6Q9XC,"lululun 32pc facial sheet mask skincare, daily anti-aging hydrating & moisturizing facial sheet mask pack set - precious green",$27.99 ($0.87 / Count),,https://www.amazon.com/dp/B09JW6Q9XC,4.4,927.0,lululun(ルルルン),1.0,sheet mask
B07XV8D2K9,"lumin mens face scrub, charcoal face scrub men, face cleanser for men, mens exfoliating face scrub, facial scrub men, exfoliating face wash men, face exfoliator men, pre shave scrub",$11.99 ($11.99 / Fl Oz),,https://www.amazon.com/dp/B07XV8D2K9,4.3,2071.0,lumin,1.0,exfoliator
B0BNZL4ZQR,"luvclay vitamin c and turmeric clay mask for face – deep cleansing & brightening face mask for dark spots, pores, and anti-aging – non-greasy, easy-to-apply hydrating skin care, 5.29 oz",$9.95 ($1.88 / Ounce),,https://www.amazon.com/dp/B0BNZL4ZQR,4.3,52.0,luvclay,1.0,clay mask
B01N5K834V,"ma:nyo pure cleansing oil korean facial cleanser, blackhead melting, daily makeup removal with argan oil, for women korean skin care 6.7 fl oz",$29.00 ($4.33 / Fl Oz),,https://www.amazon.com/dp/B01N5K834V,4.6,2851.0,ma:nyo,1.0,cleanser
B07NR78FVQ,"mad hippie cleansing oil for face - deep cleansing facial cleanser & makeup remover for dry, sensitive, acne-prone skin with vitamin c-rich rosehip oil, 2 fl oz",$14.39 ($7.20 / Fl Oz),$17.99 ($9.00 / Fl Oz),https://www.amazon.com/dp/B07NR78FVQ,4.7,130.0,mad hippie,1.0,cleansing oil
B0B994Q4MS,"mad hippie corrective peptide serum - anti-wrinkle cream for face, serum for women & men, skin tightening facial serum, collagen boosting peptides, 1.02 fl oz ",$28.76 ($28.20 / Fl Oz),,https://www.amazon.com/dp/B0B994Q4MS,4.7,86.0,mad hippie,1.0,serum
B005IXQLDE,"mad hippie vitamin c serum for face with hyaluronic acid, vitamin e & ferulic acid - vitamin c face serum for women/men, skin-brightening serum, 1.02 fl oz",$27.19 ($26.66 / Fl Oz),,https://www.amazon.com/dp/B005IXQLDE,4.7,2579.0,mad hippie,1.0,serum
B0BL8GVS91,"madeca botanic cleansing balm (4.1fl oz) - gentle makeup removal (face wash) for women with sensitive skin by dongkook. green veggie complex, aha & bha, moringa, tea tree.",$21.99 ($5.36 / Ounce),,https://www.amazon.com/dp/B0BL8GVS91,4.7,52.0,madeca,1.0,cleansing balm
B07G7QVSZT,"majestic pure arabica coffee scrub - all natural exfoliating body scrub for skin care, stretch marks, acne & cellulite, reduce the look of spider veins, eczema, age spots & varicose veins - 10 ounces",$10.36 ($1.04 / Ounce),$16.99 ($1.70 / Ounce),https://www.amazon.com/dp/B07G7QVSZT,4.3,6327.0,majestic pure,1.0,body scrub
B00UREAGU8,"majestic pure dead sea mud mask for face and body - natural skin care for women and men - best facial cleansing clay for blackhead, whitehead, acne and pores - 8.8 fl. oz",$11.66 ($1.32 / Fl Oz),,https://www.amazon.com/dp/B00UREAGU8,4.4,9859.0,majestic pure,1.0,clay mask
B083F4KNSV,"majestic pure himalayan clay mud mask for face and body exfoliating and facial acne fighting mask - reduces appearance of pores, 10 oz",$14.59 ($1.46 / Ounce),$18.99 ($1.90 / Ounce),https://www.amazon.com/dp/B083F4KNSV,4.5,4193.0,majestic pure,1.0,clay mask
B01K8PEZMU,"majestic pure himalayan salt body scrub with lychee oil, exfoliating salt scrub to exfoliate & moisturize skin, deep cleansing - 10 oz",$14.95 ($1.50 / Fl Oz),$16.45 ($1.64 / Fl Oz),https://www.amazon.com/dp/B01K8PEZMU,4.3,20559.0,majestic pure,1.0,exfoliator
B07N2GXFVK,"majestic pure sweet orange body scrub - exfoliates, moisturizes, and nourishes skin, 10 oz",$12.89 ($1.29 / Ounce),,https://www.amazon.com/dp/B07N2GXFVK,4.2,3529.0,majestic pure,1.0,body scrub
B07CTBMCY3,makeprem safe me relief moisture cleansing foam non-stripping 5 oz hydrating gentle calming foaming cleanser sensitive acne-prone mature dry skin face wash ph 5.5 sub-acidic age-defying chemical free,$19.99 ($3.94 / Fl Oz),,https://www.amazon.com/dp/B07CTBMCY3,4.6,372.0,makep:rem,1.0,cleanser
B084C2Q1HQ,makeprem safe me. relief moisture cleansing oil 7.1 fl oz naturally-derived ingredients pha formula makeup remover pore cleansing blackhead removal hypoallergenic and clinically tested oil cleanser,$24.99 ($3.52 / Fl Oz),,https://www.amazon.com/dp/B084C2Q1HQ,4.5,42.0,makep:rem,1.0,cleansing oil
B096MZBL8G,"manscaped® crop exfoliator™ gentle groin exfoliant scrub to soothe and clear the skin, vegan, cruelty-free (3.5 oz)",$12.99 ($3.71 / Ounce),,https://www.amazon.com/dp/B096MZBL8G,4.6,511.0,manscaped,1.0,exfoliator
B0B641HBKN,"maree eye gel pads - reduce wrinkles, puffy eyes, dark circles, eye bags - natural marine collagen eye gels with hyaluronic ha - anti aging eye mask patches & face moisturizer",$24.95 ($2.08 / Count),$29.99 ($2.50 / Count),https://www.amazon.com/dp/B0B641HBKN,4.3,5205.0,maree,1.0,eye mask
B0C3LXWJJ7,"maree face moisturizer - collagen cream for women - anti-wrinkle eye balm with retinol, hyaluronic acid - day & night cream for face & under eye - instant face lift cream with hydrating effect - 1.7oz",$19.95 ($11.74 / Fl Oz),,https://www.amazon.com/dp/B0C3LXWJJ7,4.5,433.0,maree,1.0,moisturizer
B0B7WQXDT6,"maree facial masks for skin care & beauty - sheet masks for face with natural pearl extract, marine collagen & hyaluronic acid - anti aging collagen facial masks for wrinkles & dry skin, 6 pack",$18.89 ($3.15 / Count),$25.95 ($4.32 / Count),https://www.amazon.com/dp/B0B7WQXDT6,4.7,1628.0,maree,1.0,sheet mask
B0C74SR7SY,"maree under eye patches (20 pairs) - 24k gold eye patches for puffy eyes, dark circles, eye bags - skin care with collagen, pearl extract & hyaluronic acid - anti-aging & rejuvenating eye masks",$22.95 ($1.15 / Count),$29.99 ($1.50 / Count),https://www.amazon.com/dp/B0C74SR7SY,4.3,19.0,maree,1.0,eye mask
B00VWKK5IY,"mario badescu botanical exfoliating scrub for all skin types, face scrub with ivory palm seeds & green tea extract, gentle exfoliating face wash, 3.4 fl oz",$26.00 ($7.65 / Fl Oz),,https://www.amazon.com/dp/B00VWKK5IY,4.7,1077.0,mario badescu botanical exfoliating,1.0,face scrub
B0015Z2XD6,"mario badescu hyaluronic eye cream anti aging for all skin types, under eye cream for dark circles and puffiness, formulated with hyaluronic acid & glycerin, 0.5 ounce",$18.00 ($36.00 / Ounce),,https://www.amazon.com/dp/B0015Z2XD6,4.5,2144.0,mario badescu hyaluronic eye,1.0,eye cream
B07GDL1VS2,"mario badescu moisturizing original lip balm for dry cracked lips, infused with coconut oil and shea butter, ultra-nourishing lip care moisturizer for soft, smooth and supple lips, 0.35 oz",$8.00 ($22.86 / Ounce),,https://www.amazon.com/dp/B07GDL1VS2,4.7,5937.0,mario badescu moisturizing original,1.0,lipbalm
B003L8RVZ0,mario badescu vitamin c serum for all skin types | lightweight serum with vitamin c & sodium hyaluronate | visibly reduces signs of aging | 1 fl oz (pack of 1),$40.45,$45.00,https://www.amazon.com/dp/B003L8RVZ0,4.5,1398.0,mario badescu vitamin c,1.0,serum
B0C9SDHBPM,mary kay hydrating sheet mask (2 step),$40.00 ($5.00 / Count),,https://www.amazon.com/dp/B0C9SDHBPM,,,generic,0.0,sheet mask
B08MVKHQSB,mashele aloe vera gel eye mask skin care - 60 pcs - hyaluronic acid collagen under eye patches for dark circles and puffiness - reduce wrinkle patches - pure natural extract korean eye patch,$10.99 ($0.18 / Count),$14.99 ($0.25 / Count),https://www.amazon.com/dp/B08MVKHQSB,4.3,563.0,mashele,1.0,eye mask
B0B1ZF9DZH,"maskiss 30-pairs 24k gold under eye patches, eye masks for dark circles and puffiness, collagen skin care products",$11.99 ($0.40 / Count),$15.99 ($0.53 / Count),https://www.amazon.com/dp/B0B1ZF9DZH,4.5,3603.0,maskiss,1.0,eye mask
B07D3M5TTZ,"mavogel cotton sleep eye mask - updated design light blocking soft and comfortable night eye mask for men women, eye blinder for travel/sleeping/shift work, includes pouch, grey",$9.98,$19.99,https://www.amazon.com/dp/B07D3M5TTZ,4.4,77635.0,mavogel cotton sleep eye,1.0,eye mask
B07ZPHJNVC,mayan magic mud powerful deep pore cleansing calcium bentonite clay - 1 lb - natural face mask peel for men and women - usa made full facial skin care - spa level skin cleanser beauty products,$9.39 ($0.59 / Ounce),$9.99 ($0.62 / Ounce),https://www.amazon.com/dp/B07ZPHJNVC,4.4,1371.0,mayan magic mud,1.0,clay mask
B08YXWVZS3,"maybelline new york baby lips moisturizing lip balm 3-pack, lip care essentials, 3 shades",$14.97,$16.47,https://www.amazon.com/dp/B08YXWVZS3,4.7,2400.0,maybelline,1.0,lipbalm
B08PSVN4RH,maybena multiple intensive moisture mask | daily face masks skincare sheet | hydrating face mask sheets dry sensitive skin | facial mask skin care | night face moisturizer (30 sheet masks bulk),$13.00,$15.90,https://www.amazon.com/dp/B08PSVN4RH,4.3,40.0,maybena,1.0,sheet mask
B08Q3J2M27,"mediheal 20 combo pack facial sheet mask - n.m.f, tea tree, w.h.p, collagen, vita lightbeam - best mask sheet combo value variety pack - hydrating daily skincare sheet face sheet mask",$38.00 ($1.90 / Count),$46.00 ($2.30 / Count),https://www.amazon.com/dp/B08Q3J2M27,4.7,295.0,mediheal,1.0,sheet mask
B09XWVH7XX,mediheal best korean sheet mask - watermide essential face mask 10 sheets for all skin types korean best sheet mask hydrating moisturizing with water 3x complex,$19.90 ($1.99 / Count),,https://www.amazon.com/dp/B09XWVH7XX,4.9,86.0,mediheal,1.0,sheet mask
B09FJV5TD6,"mediheal cica calming ampoule mask 10pack - soothing facial mask sheet with centella asiatica extract, soothe irritated skin and smoothen texture, ultra adhesion tencel sheet",$14.90 ($1.49 / Count),,https://www.amazon.com/dp/B09FJV5TD6,4.6,263.0,mediheal,1.0,sheet mask
B079GS11DW,"mediheal i.p.i lightmax ampoule mask ex. pack of 10 - cotton facial sheets with vitamin c and niacinamide, for dark spot removal, skin clearing, and freckles care",$19.90 ($1.99 / Count),,https://www.amazon.com/dp/B079GS11DW,4.6,634.0,mediheal,1.0,sheet mask
B07WV3TW5Q,"mediheal korean ampoule combo mask sheet pack of 8 - e.g.t, i.p.i, n.m.f, h.p.a - value variety pack - hydrating daily skincare sheet face sheet mask - korean skincare",$23.00 ($2.30 / Count),$26.00 ($2.60 / Count),https://www.amazon.com/dp/B07WV3TW5Q,4.7,541.0,mediheal,1.0,sheet mask
B07T6BZR1M,mediheal official korea's no 1 sheet mask - tea tree essential blemish control mask - skin soothing & sebum control mask pack for sensitive oily skin(5 masks),$9.95 ($1.99 / Count),,https://www.amazon.com/dp/B07T6BZR1M,4.7,2575.0,mediheal,1.0,sheet mask
B09XWHB1HR,mediheal official best korean sheet mask - collagen essential face mask 10 sheets lifting and firming for all skin types value sets,$19.90 ($1.99 / Count),,https://www.amazon.com/dp/B09XWHB1HR,4.6,318.0,mediheal,1.0,sheet mask
B0BRDGNTP8,"mediheal sheet mask new essential hero 12 pack (collagen, tea tree, placenta, madecassoside, vita, watermide)| korean skincare facial sheet mask combo, moisturizing, soothing and for blemishes",$21.60 ($1.80 / Count),,https://www.amazon.com/dp/B0BRDGNTP8,4.7,2516.0,mediheal,1.0,sheet mask
B07M5BZRR2,mediviz warm compress eye mask - moist heat compress for irritated eyes and eyelid lumps and bumps,$24.97 ($24.97 / Count),$39.97 ($39.97 / Count),https://www.amazon.com/dp/B07M5BZRR2,4.5,2314.0,mediviz warm compress eye,1.0,eye mask
B0B5XTMJMJ,"meleell collagen sheet face masks skincare bulk pack,hydrating spa face mask for sensitive skin,anti aging facial masks sets for women/teen girls(40 combo pack)",$26.99 ($0.67 / Count),,https://www.amazon.com/dp/B0B5XTMJMJ,4.3,101.0,meleell,1.0,sheet mask
B08XXGZNXP,"melixir vegan lip butter #02 nude crumble(tinted) (+11 more colors), bee free, petrolatum free, deep nourishing plant-based vegan chapstick, vegan lip balm for dry, cracked and chapped lips, moisturizing lip care gift",$15.00 ($15.00 / Count),,https://www.amazon.com/dp/B08XXGZNXP,4.4,8495.0,melixir,1.0,lipbalm
B09R9CSSLT,"meta foret black lemon cleansing oil 200ml/6.76fl.oz makeup & sunscreen remover, face cleanser, sebum control, deep cleansing",$14.90 ($2.19 / Fl Oz),,https://www.amazon.com/dp/B09R9CSSLT,4.1,55.0,meta foret,1.0,cleansing oil
B08ZD7Z497,"mighty patch hero cosmetics clear collective clarifying prebiotic moisturizer - hydrating daily face moisturizer to purify, smooth and soften skin (2.36 fl oz)",$12.99 ($5.50 / Fl Oz),,https://www.amazon.com/dp/B08ZD7Z497,4.4,2574.0,mighty patch,1.0,moisturizer
B0BBNBLFLV,milk makeup hydro ungrip makeup removing cleansing balm 3.2 oz / 94 ml,$24.71 ($7.72 / Fl Oz),$36.00 ($11.25 / Fl Oz),https://www.amazon.com/dp/B0BBNBLFLV,4.3,13.0,milk makeup,1.0,cleansing balm
B0055FF2HG,"mineral fusion face scrub, skin renewing, 4 ounce",$14.55 ($3.64 / Ounce),,https://www.amazon.com/dp/B0055FF2HG,4.6,1177.0,mineral fusion,0.0,face scrub
B09Q3MJZQB,"minimalist marula oil 5% face moisturizer for dry skin with hyaluronic acid for deep nourishment & hydration, for men & women | 50gm",$5.49 ($3.05 / Ounce),,https://www.amazon.com/dp/B09Q3MJZQB,4.3,2176.0,minimalist,1.0,moisturizer
B076GP8Y6N,minimo glow lemon cake turmeric skin brightening face scrub for radiant glowing skin,$17.10 ($3.42 / Fl Oz),$31.95 ($6.39 / Fl Oz),https://www.amazon.com/dp/B076GP8Y6N,4.4,4000.0,minimo skin essentials,1.0,face scrub
B01M0XSD38,"missha time revolution essence intensive moist - k-beauty serum for dry skin, 150ml",$32.00 ($6.27 / Fl Oz),$49.00 ($9.61 / Fl Oz),https://www.amazon.com/dp/B01M0XSD38,4.5,1781.0,missha,1.0,essence
B09646RFWJ,missha time revolution the first essence face serum (5th gen) 150ml - face serum that moisturizes and smoothes the skin creating a clean base,$20.00 ($3.94 / Fl Oz),$25.00 ($4.93 / Fl Oz),https://www.amazon.com/dp/B09646RFWJ,4.6,144.0,missha,1.0,essence
B07MPB27B1,missha time revolution the first treatment essence rx 150ml - essence/toner that moisturizes and smoothes the skin creating a clean base - amazon code verified for authenticity,$31.00 ($6.08 / Fl Oz),,https://www.amazon.com/dp/B07MPB27B1,4.6,1060.0,missha time revolution the,1.0,essence
B00UFDHT06,"molivera organics bentonite clay for detoxifying and rejuvenating skin and hair, 16 oz.",$12.95 ($0.81 / Ounce),$19.95 ($1.25 / Ounce),https://www.amazon.com/dp/B00UFDHT06,4.6,5174.0,molivera organics,1.0,clay mask
B0C1TGK8QN,"mongo kiss organic lip balm variety 8-pack with mongongo oil, cocoa butter to moisturize lips | made by eco lips in usa",$9.99 ($1.25 / Count),,https://www.amazon.com/dp/B0C1TGK8QN,4.8,11.0,eco lips,1.0,lipbalm
B00IEJJJYC,multi function eye cream 0.5 oz,$44.99 ($89.98 / Fl Oz),,https://www.amazon.com/dp/B00IEJJJYC,4.5,261.0,rodan + fields,0.0,eye cream
B07ND5QZBN,"murad aha/bha exfoliating cleanser - hydration exfoliating & moisturizing salicylic, lactic and glycolic acid face wash - creamy skin smoothing treatment backed by science, 6.75 oz",$36.80 ($5.45 / Fl Oz),$44.00 ($6.52 / Fl Oz),https://www.amazon.com/dp/B07ND5QZBN,4.8,2333.0,murad aha/bha exfoliating cleanser,1.0,exfoliator
B000GDDKIU,"murad clarifying cleanser - acne control salicylic acid & green tea extract face wash - exfoliating acne skin care treatment backed by science, 6.75 oz",$28.80 ($14.40 / Fl Oz),$34.00 ($17.00 / Fl Oz),https://www.amazon.com/dp/B000GDDKIU,4.7,5356.0,murad clarifying cleanser -,1.0,cleanser
B0C78KMTNG,murad rapid relief acne sulfur mask - acne control clay face mask with salicylic acid - 2.5 fl oz,$44.00 ($17.60 / Fl Oz),,https://www.amazon.com/dp/B0C78KMTNG,4.5,18.0,murad rapid relief acne,1.0,clay mask
B0CCZRHXJV,murad targeted eye depuffer 0.5fl oz,$64.00 ($50.00 / Ounce),,https://www.amazon.com/dp/B0CCZRHXJV,,,murad targeted eye depuffer,1.0,eye cream
B01H4VZ5WA,"my beauty diary-hyaluronic acid ultra moisturizing facial mask, instant hydrating water type refreshing face sheet mask with collagen for all skin concerns (8 combo pack)",$15.00 ($1.88 / Count),,https://www.amazon.com/dp/B01H4VZ5WA,4.7,575.0,my beauty diary,1.0,sheet mask
B01N3B5I9W,"mychelle dermaceuticals perfect c pro serum, professional-level 25% l-ascorbic acid vitamin c serum for all skin types, 0.5 fl oz",$34.45 ($68.90 / Fl Oz),$36.15 ($72.30 / Fl Oz),https://www.amazon.com/dp/B01N3B5I9W,4.3,564.0,mychelle dermaceuticals,1.0,serum
B082VM1T64,natural cleansing oil and makeup remover by vera botanics. only 4 ingredients. gentle daily oil cleanser for a deep face wash. remove any makeup. for all skin types. eliminate clogged pores blackheads,$14.98 ($2.50 / Fl Oz),,https://www.amazon.com/dp/B082VM1T64,4.5,862.0,vera botanics,1.0,cleansing oil
151074469X,"natural skin care at home: how to make organic moisturizers, masks, balms, buffs, scrubs, and much more",$19.99,,https://www.amazon.com/dp/151074469X,4.5,207.0,"mcquerry, liz (hardcover)",1.0,cleansing oil
B0174YMN7W,nature republic real nature mask sheet 10pcs original korean mask sheet,$13.00 ($1.30 / Count),,https://www.amazon.com/dp/B0174YMN7W,4.7,1461.0,nature republic,0.0,sheet mask
B01BRU1PVE,"nature well clinical retinol advanced moisture cream for face, body, & hands, anti aging, targets discoloration, wrinkles, sun damage, crepey, & sagging skin, 16 oz",$18.99 ($1.19 / Ounce),$24.99 ($1.56 / Ounce),https://www.amazon.com/dp/B01BRU1PVE,4.5,10762.0,nature well,1.0,moisturizer
B0792DFWJZ,"nature's bees (24 count, 8 flavors) cocoa butter flavored lip balm tubes set bulk assortment natural chap treatment moisturizer for very dry lips",$20.98 ($0.87 / Count),$23.99 ($1.00 / Count),https://www.amazon.com/dp/B0792DFWJZ,4.7,1783.0,nature’s bees,1.0,lipbalm
B08881VH6J,"naturium bha liquid exfoliant 2%, leave-on face & skin care exfoliating pore treatment, with salicylic acid & bioactive fruit acids, 4 oz",$18.99 ($4.75 / Fl Oz),,https://www.amazon.com/dp/B08881VH6J,4.5,2448.0,naturium,1.0,exfoliator
B094B5KZ91,"naturium camellia creamy cleansing oil, fermented camellia oil & extract plus linoleic-rich oils, 3.5 oz",$19.99 ($5.71 / Ounce),,https://www.amazon.com/dp/B094B5KZ91,4.2,310.0,naturium,1.0,cleansing oil
B0BQCPJ95D,"naturium kp body scrub & mask for keratosis pilaris, bump eraser shower scrub & exfoliator for skin, 8 oz",$17.99 ($2.25 / Ounce),$19.99 ($2.50 / Ounce),https://www.amazon.com/dp/B0BQCPJ95D,4.6,104.0,naturium,1.0,body scrub
B0814364T5,"naturium mixed greens nutrient-rich facial cleanser, with vitamin c, green tea & aloe, 7.1 oz",$15.99 ($2.25 / Fl Oz),,https://www.amazon.com/dp/B0814364T5,4.6,1015.0,naturium,1.0,cleanser
B09KHK2BM1,"naturium multi-peptide eye cream plus squalene & hyaluronic acid, smoothing & anti-aging skincare, 0.5 oz",$15.99 ($32.15 / Ounce),,https://www.amazon.com/dp/B09KHK2BM1,4.5,323.0,naturium,1.0,eye cream
B09BG477N1,"naturium multi-peptide moisturizer plus ethylated vitamin c & panthenol, hydrating & smoothing skin care, 1.7 oz",$18.99 ($11.17 / Fl Oz),$19.99 ($11.76 / Fl Oz),https://www.amazon.com/dp/B09BG477N1,4.7,830.0,naturium,1.0,moisturizer
B07WSS5M4Z,"naturium niacinamide face serum 12% plus zinc 2%, skin complexion treatment & pore minimizer, with hyaluronic acid & vitamin e, 1 oz",$16.49 ($16.49 / Fl Oz),,https://www.amazon.com/dp/B07WSS5M4Z,4.5,13745.0,naturium,1.0,serum
B09J6K26R9,"naturium phyto-glow lip balm, hydrating lip care with a glossy finish, 0.34 oz (clear)",$9.99 ($9.99 / Count),$12.00 ($12.00 / Count),https://www.amazon.com/dp/B09J6K26R9,4.3,1065.0,naturium,1.0,lipbalm
B09QS1FPMR,"naturium purple ginseng cleansing balm plus plant-based esters & linoleic-rich oils, smoothing face wash, 3.1 oz",$32.19 ($10.29 / Ounce),,https://www.amazon.com/dp/B09QS1FPMR,4.4,672.0,naturium,0.0,cleansing balm
B07Y469VXX,"naturium vitamin c complex face serum, brightening & anti-aging facial treatment with hyaluronic acid & vitamin e, 1 oz",$20.99,,https://www.amazon.com/dp/B07Y469VXX,4.6,5238.0,naturium,1.0,serum
B09NXS395V,"nazano under eye patches - 30 pairs - 24k gold eye mask- puffy eyes & dark circles treatments,reduce under eye bags and smooth wrinkles,eye skin care pads with collagen",$11.99,$19.99,https://www.amazon.com/dp/B09NXS395V,4.3,6768.0,nazano,1.0,eye mask
B0BQPPY9RY,nécessaire the body exfoliator. bergamot. aha/bha/pha. activated charcoal. erase kp. smooth rough patches. release ingrowns. hypoallergenic. dermatologist-tested. non-comedogenic. 180 ml / 6.1 fl oz,$30.00 ($4.92 / Ounce),,https://www.amazon.com/dp/B0BQPPY9RY,4.6,167.0,nécessaire,1.0,body scrub
B072KL32YR,"nena clay face mask skin care for all types of skins, facial moisturizer masks for women to reduce blackheads and pores, natural beauty products, 120g",$15.15 ($3.61 / Ounce),$25.00 ($5.95 / Ounce),https://www.amazon.com/dp/B072KL32YR,4.5,136.0,nena glacial skincare,0.0,clay mask
B08G5W2H4L,"neocutis lumière firm - illuminating and tightening, anti-aging eye cream - brighten, hydrate, and soothe - for dark circles, puffiness, and wrinkle prevention - travel-friendly - 15 ml/0.5 fl oz.",$108.00 ($216.00 / Fl Oz),,https://www.amazon.com/dp/B08G5W2H4L,4.5,1172.0,neocutis lumière firm -,1.0,eye cream
B08G67TX18,neocutis lumiere firm riche - extra moisturizing illuminating & tightening eye cream - 15 ml,$118.00 ($236.00 / Fl Oz),,https://www.amazon.com/dp/B08G67TX18,4.6,356.0,neocutis lumiere firm riche,1.0,eye cream
B07X1YDGSF,"neutrogena beach defense sunscreen spray spf 50 water-resistant body spray with broad spectrum , paba-free, oxybenzone-free & fast-drying, superior sun protection, 6.5 oz",$9.50 ($1.46 / Ounce),,https://www.amazon.com/dp/B07X1YDGSF,4.7,14727.0,neutrogena,1.0,sunscreen
B00AEN4QZ8,"neutrogena beach defense water-resistant face & body spf 70 sunscreen lotion with broad spectrum uva/uvb protection, oil-free fast-absorbing sunscreen lotion, oxybenzone-free, 6.7 oz",$8.65 ($1.29 / Fl Oz),$9.59 ($1.43 / Fl Oz),https://www.amazon.com/dp/B00AEN4QZ8,4.7,17464.0,neutrogena,1.0,sunscreen
B00HNSSV0S,"neutrogena beach defense water-resistant spf 50+ sunscreen stick, broad spectrum uva/uvb protection, paba- & oxybenzone-free face & body sunscreen stick, hands-free application, 1.5 oz",$8.98 ($5.99 / Ounce),$10.17 ($6.78 / Ounce),https://www.amazon.com/dp/B00HNSSV0S,4.7,8062.0,neutrogena,1.0,sunscreen
B00UOLBEAA,"neutrogena body clear oil free acne body scrub with salicylic acid acne treatment medicine, exfoliating salicylic acid body wash to treat acne on back, chest, and shoulders, 8.5 fl. oz",$8.94 ($1.05 / Fl Oz),$10.50 ($1.24 / Fl Oz),https://www.amazon.com/dp/B00UOLBEAA,4.6,462.0,neutrogena,1.0,body scrub
B07TCL68RF,"neutrogena bright boost resurfacing facial exfoliator with glycolic and mandelic ahas gentle skin resurfacing face cleanser for bright smooth skin, micro polish, 2.6 fl oz",$9.75 ($3.75 / Fl Oz),$12.00 ($4.62 / Fl Oz),https://www.amazon.com/dp/B07TCL68RF,4.5,4616.0,neutrogena,1.0,exfoliator
B08L88LZ4V,"neutrogena clear face liquid lotion sunscreen for acne-prone skin, broad spectrum spf 50 uva/uvb protection, oil-, fragrance- & oxybenzone-free facial sunscreen, non-comedogenic, 3 fl. oz",$9.66 ($3.22 / Fl Oz),$12.19 ($4.06 / Fl Oz),https://www.amazon.com/dp/B08L88LZ4V,4.6,21451.0,neutrogena,1.0,sunscreen
B000052ZB5,"neutrogena deep clean daily facial cream cleanser with beta hydroxy acid to remove dirt, oil & makeup, alcohol-free, oil-free & non-comedogenic, 7 fl. oz",$5.74 ($0.82 / Fl Oz),$8.09 ($1.16 / Fl Oz),https://www.amazon.com/dp/B000052ZB5,4.6,2561.0,neutrogena,1.0,cleanser
B00006FE2Z,"neutrogena deep clean gentle daily facial scrub, oil-free cleanser, 4.2 fl. oz",$5.74 ($1.37 / Fl Oz),$8.09 ($1.93 / Fl Oz),https://www.amazon.com/dp/B00006FE2Z,4.6,5277.0,neutrogena,1.0,face scrub
B004NU44BY,"neutrogena deep clean invigorating foaming facial scrub with glycerin, cooling & exfoliating gel face wash to remove dirt, oil & makeup, 4.2 fl. oz",$6.49 ($1.55 / Fl Oz),$11.39 ($2.71 / Fl Oz),https://www.amazon.com/dp/B004NU44BY,4.6,11125.0,neutrogena,1.0,face scrub
B07T9K2JK7,"neutrogena fresh foaming facial cleanser & makeup remover with glycerin, oil-, soap- & alcohol-free daily face wash removes dirt, oil & waterproof makeup, non-comedogenic, 9.6 fl. oz",$18.99 ($1.98 / Fl Oz),,https://www.amazon.com/dp/B07T9K2JK7,4.6,18722.0,neutrogena,1.0,cleanser
B003156NH0,"neutrogena healthy defense daily moisturizer with spf 50 and vitamin e, lightweight face lotion with spf 50 sunscreen and antioxidants, vitamin c & vitamin e, 1.7 fl. oz (pack of 2)",$58.00 ($17.06 / Fl Oz),,https://www.amazon.com/dp/B003156NH0,4.6,5114.0,neutrogena,1.0,moisturizer
B0B3BX9PLP,"neutrogena hydro boost + eye cream for dark circles & puffiness, under eye cream with caffeine, hyaluronic acid and peptides, fragrance free, 0.5 oz",$16.54 ($33.08 / Fl Oz),$30.79 ($61.58 / Fl Oz),https://www.amazon.com/dp/B0B3BX9PLP,4.2,426.0,neutrogena,1.0,eye cream
B0B3C3TJBF,"neutrogena hydro boost + niacinamide serum for face with hyaluronic acid & vitamin b3, multi-action face serum to hydrate & improve skin complexion & refine look of pores, fragrance free, 1 oz",$14.99,$26.79,https://www.amazon.com/dp/B0B3C3TJBF,4.5,559.0,neutrogena,1.0,serum
B07C7R5T53,neutrogena hydro boost and hydrating hydrogel mask 1 ounce (4 pack),$13.49 ($3.37 / Count),,https://www.amazon.com/dp/B07C7R5T53,4.6,1607.0,neutrogena,1.0,sheet mask
B07DJWZLQL,"neutrogena hydro boost body moisturizing gel cream with hyaluronic acid, non-greasy & fast absorbing, lightweight hydrating body lotion for normal to dry skin, paraben- & dye-free, 16 oz",$8.99 ($0.56 / Ounce),$15.19 ($0.95 / Ounce),https://www.amazon.com/dp/B07DJWZLQL,4.7,7734.0,neutrogena,1.0,moisturizer
B00NR1YIKM,"neutrogena hydro boost eye cream, under-eye moisturizer with hyaluronic acid, fragrance free and non-comedogenic, 0.5 oz",$16.19 ($32.38 / Fl Oz),$26.79 ($53.58 / Fl Oz),https://www.amazon.com/dp/B00NR1YIKM,4.5,18474.0,neutrogena,1.0,eye cream
B097NNR535,"neutrogena hydro boost hyaluronic acid facial moisturizer with broad spectrum spf 50 sunscreen, daily water gel face moisturizer to hydrate & soothe dry skin, fragrance-free, 1.7 fl. oz",$16.69 ($9.82 / Fl Oz),$26.79 ($15.76 / Fl Oz),https://www.amazon.com/dp/B097NNR535,4.4,5320.0,neutrogena,1.0,moisturizer
B00NR1YQK4,"neutrogena hydro boost hyaluronic acid hydrating face moisturizer gel-cream to hydrate and smooth extra-dry skin, 1.7 oz",$17.39 ($10.23 / Ounce),$26.79 ($15.76 / Ounce),https://www.amazon.com/dp/B00NR1YQK4,4.6,44076.0,neutrogena,1.0,moisturizer
B00NR1YQHM,"neutrogena hydro boost hyaluronic acid hydrating water gel daily face moisturizer for dry skin, oil-free, non-comedogenic face lotion, 1.7 fl. oz",$15.50 ($9.12 / Ounce),$26.79 ($15.76 / Ounce),https://www.amazon.com/dp/B00NR1YQHM,4.6,82076.0,neutrogena,1.0,moisturizer
B017W3J8TQ,"neutrogena hydro boost hyaluronic acid hydrating water gel daily face moisturizer for dry skin, oil-free, non-comedogenic face lotion, 1.7 fl. oz",$16.09 ($9.46 / Ounce),$16.97 ($9.98 / Ounce),https://www.amazon.com/dp/B017W3J8TQ,4.6,9441.0,neutrogena,1.0,moisturizer
B08937VD6Z,"neutrogena hydro boost hyaluronic acid serum for face with vitamin b5, lightweight hydrating face serum for dry skin, oil-free, non-comedogenic, fragrance free, 1 oz",$14.97,$26.79,https://www.amazon.com/dp/B08937VD6Z,4.6,7419.0,neutrogena,1.0,serum
B01HOHBS7K,"neutrogena hydro boost hydrating hyaluronic acid serum, oil-free and non-comedogenic face serum formula for glowing complexion, oil-free & non-comedogenic, 1 fl. oz",$15.94,$26.79,https://www.amazon.com/dp/B01HOHBS7K,4.6,17725.0,neutrogena,1.0,serum
B0B3ZCG2NH,"neutrogena hydro boost lightweight hydrating facial gel cleanser, gentle face wash & makeup remover with hyaluronic acid, hypoallergenic & paraben-free, 7.8 fl. oz",$10.05 ($1.29 / Fl Oz),$13.99 ($1.79 / Fl Oz),https://www.amazon.com/dp/B0B3ZCG2NH,4.7,24837.0,neutrogena,1.0,cleanser
B076H45H68,"neutrogena hydro boost moisturizing & hydrating 100% hydrogel sheet face mask for dry skin with hyaluronic acid, gentle & non-comedogenic, 1 ounce (pack of 12)",$33.24 ($2.77 / Ounce),$51.48 ($4.29 / Ounce),https://www.amazon.com/dp/B076H45H68,4.3,3075.0,neutrogena,1.0,sheet mask
B09JTW4J3N,"neutrogena hydro boost water gel sunscreen lotion with broad spectrum spf 50, water-resistant hydrating body sunscreen, non-greasy, hyaluronic acid, travel size, 3 fl. oz, pack of 3",$29.91 ($3.32 / Fl Oz),$35.97 ($4.00 / Fl Oz),https://www.amazon.com/dp/B09JTW4J3N,4.6,1581.0,neutrogena,1.0,sunscreen
B08221J29Y,"neutrogena makeup remover melting balm to oil with vitamin e, gentle and nourishing makeup removing balm for eye, lip, or face makeup, travel-friendly for on-the-go, 2.0 ounces",$9.14 ($4.57 / Ounce),$14.49 ($7.24 / Ounce),https://www.amazon.com/dp/B08221J29Y,4.5,5709.0,neutrogena,1.0,cleansing balm
B00NR1YQKO,"neutrogena oil free acne facial moisturizer with.5% salicylic acid acne treatment, pink grapefruit acne fighting face lotion for breakouts, non-greasy & non-comedogenic, 4 fl. oz",$9.12 ($2.28 / Fl Oz),$11.39 ($2.85 / Fl Oz),https://www.amazon.com/dp/B00NR1YQKO,4.5,13576.0,neutrogena,1.0,moisturizer
B000052YOX,"neutrogena oil free moisture daily hydrating facial moisturizer & neck cream with glycerin - fast absorbing ultra gentle lightweight face lotion & sensitive skin face moisturizer, 4 fl. oz",$48.95 ($12.24 / Fl Oz),,https://www.amazon.com/dp/B000052YOX,4.7,18967.0,neutrogena,0.0,moisturizer
B000NWDSAE,"neutrogena oil-free acne face scrub, 2% salicylic acid acne treatment medicine, daily face wash to help prevent breakouts, oil free exfoliating facial cleanser for acne-prone skin, 4.2 fl. oz",$7.98 ($1.89 / Fl Oz),$10.79 ($2.56 / Fl Oz),https://www.amazon.com/dp/B000NWDSAE,4.6,10840.0,neutrogena,1.0,cleanser
B001E96OU6,"neutrogena oil-free acne fighting face wash, daily cleanser with salicylic acid acne treatment, 9.1 fl oz (pack of 3)",$19.47 ($0.71 / Fl Oz),$24.02 ($0.88 / Fl Oz),https://www.amazon.com/dp/B001E96OU6,4.7,10159.0,neutrogena,1.0,cleanser
B002MZ4V7O,"neutrogena oil-free acne stress control power-clear facial scrub, 2% salicylic acid acne treatment medication, exfoliating daily acne face scrub for acne-prone skin care, 4.2 fl. oz",$8.42 ($2.00 / Fl Oz),$11.79 ($2.81 / Fl Oz),https://www.amazon.com/dp/B002MZ4V7O,4.6,5840.0,neutrogena,1.0,face scrub
B07GKVBRMP,"neutrogena oil-free salicylic acid pink grapefruit pore cleansing acne wash and facial cleanser with vitamin c, 9.1 fl. oz",$9.54 ($1.05 / Fl Oz),$13.39 ($1.47 / Fl Oz),https://www.amazon.com/dp/B07GKVBRMP,4.6,9830.0,neutrogena,1.0,cleanser
B08X699SNK,"neutrogena rapid firming peptide eye cream: depuffing, brightening, hydrating, fragrance-free, 0.5 fl. oz",$16.99 ($33.98 / Fl Oz),$46.69 ($93.38 / Fl Oz),https://www.amazon.com/dp/B08X699SNK,4.3,6171.0,neutrogena,1.0,eye cream
B004D24818,"neutrogena rapid wrinkle repair retinol eye cream for dark circles, daily anti-aging under eye cream with retinol & hyaluronic acid to fight fine lines, wrinkles, & dark spots, 0.5 fl. oz",$17.52 ($3.50 / Fl Oz),$29.49 ($5.90 / Fl Oz),https://www.amazon.com/dp/B004D24818,4.4,20968.0,neutrogena,1.0,eye cream
B004D2C57M,"neutrogena rapid wrinkle repair retinol face moisturizer with spf 30 sunscreen, daily anti-aging face cream with retinol & hyaluronic acid to fight fine lines, wrinkles, & dark spots, 1 fl. oz",$15.79,$29.49,https://www.amazon.com/dp/B004D2C57M,4.4,15966.0,neutrogena,0.0,moisturizer
B0B2TH7C4H,"neutrogena rapid wrinkle repair retinol pro+ anti-wrinkle eye cream, targeted eye cream for wrinkles & dark circles, formulated without fragrance, dyes, phthalates, and parabens, 0.5 oz",$17.40 ($34.80 / Ounce),$46.69 ($93.38 / Ounce),https://www.amazon.com/dp/B0B2TH7C4H,4.1,702.0,neutrogena,1.0,eye cream
B001P92FMG,"neutrogena sport face sunscreen spf 70+, oil-free facial sunscreen lotion with broad spectrum uva/uvb sun protection, sweat-resistant & water-resistant, 2.5 fl. oz",$9.11 ($3.64 / Fl Oz),$9.59 ($3.84 / Fl Oz),https://www.amazon.com/dp/B001P92FMG,4.7,16304.0,neutrogena,1.0,sunscreen
B0B357SM4N,"neutrogena stubborn body acne cleanser & exfoliator with salicylic acid & pha for acne-prone skin, acne treatment gently exfoliates & helps prevent breakouts, fragrance-free, 8.5 fl. oz",$9.97 ($1.17 / Fl Oz),,https://www.amazon.com/dp/B0B357SM4N,4.3,1031.0,neutrogena,1.0,exfoliator
B00HNSSPHC,"neutrogena triple age repair anti-aging daily facial moisturizer with spf 25 sunscreen & vitamin c, firming anti-wrinkle face & neck cream for dark spots, glycerin & shea butter, 1.7 oz",$23.97 ($14.10 / Ounce),$28.09 ($16.52 / Ounce),https://www.amazon.com/dp/B00HNSSPHC,4.5,13800.0,neutrogena,1.0,moisturizer
B085S7FZTM,"neutrogena ultra gentle foaming and hydrating face wash for sensitive skin, gently cleanses without over drying, oil-free, soap-free, 16 fl. oz",$9.14 ($0.57 / Fl Oz),$14.59 ($0.91 / Fl Oz),https://www.amazon.com/dp/B085S7FZTM,4.7,3741.0,neutrogena,1.0,cleanser
B085S7NDYK,"neutrogena ultra gentle foaming facial cleanser, hydrating face wash for sensitive skin, gently cleanses face without over drying, oil-free, soap-free, 5.8 fl. oz",$5.18 ($0.89 / Fl Oz),$6.09 ($1.05 / Fl Oz),https://www.amazon.com/dp/B085S7NDYK,4.5,7114.0,neutrogena,1.0,cleanser
B076GZX3KL,"neutrogena ultra sheer body mist spf 70 sunscreen spray, broad spectrum uva/uvb protection, lightweight, non-greasy water resistant body sunscreen mist, non-comedogenic, 5 oz",$28.74 ($1.92 / Ounce),,https://www.amazon.com/dp/B076GZX3KL,4.7,4936.0,neutrogena,1.0,sunscreen
B07GSNS5D7,"neutrogena ultra sheer dry-touch water resistant and non-greasy sunscreen lotion with broad spectrum spf 45, 3 fl. oz, (pack of 2)",$16.99 ($2.83 / Fl Oz),$29.98 ($5.00 / Fl Oz),https://www.amazon.com/dp/B07GSNS5D7,4.6,442.0,neutrogena,0.0,sunscreen
B005IHT94S,"neutrogena ultra sheer dry-touch water resistant and non-greasy sunscreen lotion with broad spectrum spf 70, 3 fl oz (pack of 1)",$8.33 ($2.78 / Fl Oz),$9.59 ($3.20 / Fl Oz),https://www.amazon.com/dp/B005IHT94S,4.6,34366.0,neutrogena,1.0,sunscreen
B01034IN9M,"neutrogena ultra-light cleansing oil, 4.0 fluid ounce",$9.97 ($2.49 / Fl Oz),$13.29 ($3.32 / Fl Oz),https://www.amazon.com/dp/B01034IN9M,4.5,587.0,neutrogena,1.0,cleansing oil
B0B1F8B692,"new york biology bentonite facial mask 6 oz – moisturizing and hydrating face mask for acne, pores, and clear skin – deep facial cleanser clay mask for normal and oily skin",$9.99 ($1.66 / Ounce),,https://www.amazon.com/dp/B0B1F8B692,4.5,335.0,new york biology the ultimate cosmeceuticals,1.0,clay mask
B01NCM25K7,"new york biology dead sea mud mask for face and body - spa quality pore reducer for acne, blackheads and oily skin, natural skincare for women, men - tightens skin for a healthier complexion - 8.8 oz",$17.95 ($2.04 / Ounce),$24.99 ($2.84 / Ounce),https://www.amazon.com/dp/B01NCM25K7,4.5,47041.0,new york biology the ultimate cosmeceuticals,1.0,clay mask
B078TBSBRR,"newgo cold cooling eye mask for dry eyes, gel eye mask frozen reusable eye ice pack cold eye compress for dark circles, migraines, eye surgery, skin care (blue)",$7.99 ($7.99 / Count),$11.50 ($11.50 / Count),https://www.amazon.com/dp/B078TBSBRR,4.5,25960.0,newgo,1.0,eye mask
B08BJLFM2W,niacinamide 10% + zinc 1% serum for face - pore reducer + usa skin care (30ml),$8.90,,https://www.amazon.com/dp/B08BJLFM2W,4.6,8486.0,the ordinary,1.0,serum
B00DDOW9CC,"nip + fab glycolic acid fix face scrub with salicylic acid, aha/bha exfoliating facial cleanser polish for refining pores skin brightening, 75 ml 2.5 fl oz",$9.71 ($3.88 / Fl Oz),$14.95 ($5.98 / Fl Oz),https://www.amazon.com/dp/B00DDOW9CC,4.6,6589.0,nip+fab,1.0,face scrub
B00PFXSN9M,nivea a kiss of milk & honey natural defense & soothing lip care 0.17 oz (pack of 4),$15.32 ($22.53 / Ounce),,https://www.amazon.com/dp/B00PFXSN9M,4.6,556.0,nivea,1.0,lipbalm
B081469LQD,"nivea lip balm, blackberry flavored tinted lip balm stick with shea butter and jojoba oil, 0.17 oz, pack of 4",$14.27,,https://www.amazon.com/dp/B081469LQD,4.6,14505.0,nivea,0.0,lipbalm
B07Y91BMSK,"nivea lip care, fruit lip balm variety pack, tinted lip balm, 0.17 oz, 4 count (pack of 1)",$9.69,,https://www.amazon.com/dp/B07Y91BMSK,4.6,14505.0,nivea,1.0,lipbalm
B07YG8YVQW,"nivea moisture lip care, lip balm stick with shea butter, jojoba oil and avocado oil, 0.17 oz, pack of 4",$8.58,,https://www.amazon.com/dp/B07YG8YVQW,4.6,7678.0,nivea,1.0,lipbalm
B00DG8F02Q,"nivea shea nourish body lotion, dry skin lotion with shea butter, 16.9 fl oz pump bottle",$5.49 ($0.32 / Ounce),$7.99 ($0.47 / Ounce),https://www.amazon.com/dp/B00DG8F02Q,4.7,15544.0,nivea,1.0,moisturizer
B082JJ4D98,"nivea smoothness lip care spf 15, lip balm spf stick, 0.17 oz, pack of 4",$16.76,,https://www.amazon.com/dp/B082JJ4D98,4.6,5200.0,nivea,1.0,lipbalm
B0BBJKJNBK,"nivea vegan lip care variety pack, acai seed oil shea butter lip balm sticks and hemp seed oil shea butter lip balm sticks, pack of 4",$10.99,,https://www.amazon.com/dp/B0BBJKJNBK,4.4,193.0,nivea,1.0,lipbalm
B08LBT2ZP5,"niyet 30 pairs under eye collagen patches, gold moisturizing under eye mask, under eye gel pads for dark circles and puffiness",$8.99,$13.99,https://www.amazon.com/dp/B08LBT2ZP5,4.5,2287.0,niyet,1.0,eye mask
B0C2D6K5VH,"no7 future renew damage reversal eye serum - daily eye serum with hyaluronic acid and vitamin c for aging skin - dermatologist-approved, suitable for sensitive skin (15ml)",$17.98 ($35.96 / Fl Oz),$19.99 ($39.98 / Fl Oz),https://www.amazon.com/dp/B0C2D6K5VH,4.7,132.0,no7,1.0,eye cream
B07CKJRJXB,"no7 lift & luminate eye cream - dark circles & puffiness solution - shea butter, hyaluronic acid & ginseng (15ml)",$12.93,$15.98,https://www.amazon.com/dp/B07CKJRJXB,4.5,1473.0,no7,0.0,eye cream
B07BRW7ZL5,no7 restore & renew multi action eye cream - skin renewing under eye cream for puffiness and dark circles - eye moisturizing brightening cream for anti wrinkles + skin firming (15ml),$18.98 ($37.96 / Ounce),,https://www.amazon.com/dp/B07BRW7ZL5,4.5,1297.0,no7,1.0,eye cream
B001U2FOSA,"no-ad sport spf 50 sunscreen lotion | water-resistant, non-greasy | sunscreen spf 50 suitable for all skin types | broad spectrum protection for active lifestyles | 16 oz",$18.00,$19.99,https://www.amazon.com/dp/B001U2FOSA,4.5,1026.0,no-ad sport spf 50,1.0,sunscreen
B0014UCJPO,"now solutions, european clay powder, pure powder for a detox facial cleansing mask, 6-ounce",$5.10 ($0.85 / Ounce),$6.99 ($1.16 / Ounce),https://www.amazon.com/dp/B0014UCJPO,4.5,1072.0,now,1.0,clay mask
B01M0Z6EQC,"now solutions, mediterranean red clay powder, pure powder for sensitive skin facial mask, 14-ounce",$10.95 ($0.78 / Ounce),$14.99 ($1.07 / Ounce),https://www.amazon.com/dp/B01M0Z6EQC,4.7,684.0,"now solutions, mediterranean red",1.0,clay mask
B09LCWM6X7,"numbuzin no.1 easy peasy cleansing oil | makeup removing facial cleanser, blackheads removal, unclogs pores, non-heavy, nature-derived ingredients | korean skin care for face, 6.76 fl oz",$16.90 ($2.49 / Fl Oz),$28.00 ($4.12 / Fl Oz),https://www.amazon.com/dp/B09LCWM6X7,4.4,326.0,numbuzin,1.0,cleansing oil
B0BX1MXD36,"numbuzin no.3 pore & makeup cleansing balm with green tea and charcoal | quick & easy cleansing, reduces blackheads, no fragrance, 2.99 oz",$19.90 ($6.66 / Ounce),,https://www.amazon.com/dp/B0BX1MXD36,4.3,102.0,numbuzin,1.0,cleansing balm
B0915K6WD3,"numbuzin no.3 skin softening serum | pore care, textured skin, bifida, galactomyces, niacinamide, adenosine, panthenol | korean skin care for face (1.69 fl oz)",$22.60 ($13.37 / Fl Oz),$25.00 ($14.79 / Fl Oz),https://www.amazon.com/dp/B0915K6WD3,4.4,1415.0,numbuzin,1.0,serum
B0915CMY57,"numbuzin no.3 super glowing essence toner | fermented ingredients, niacinamide, galactomyces, glowy skin radiance | korean skin care for face, 6.76 fl.oz",$15.90 ($2.35 / Fl Oz),$23.00 ($3.40 / Fl Oz),https://www.amazon.com/dp/B0915CMY57,4.4,3342.0,numbuzin,1.0,essence
B09FS92WLX,nyakio sweet cleansing oil balm,$11.99 ($3.24 / Fl Oz),,https://www.amazon.com/dp/B09FS92WLX,4.7,6.0,nyakio,1.0,cleansing balm
B07F753PR7,"o naturals exfoliating lemon oil dead sea salt deep-cleansing face & body scrub. anti-cellulite tones helps oily skin, acne, ingrown hairs & dead skin remover. essential oils, sweet almond 18oz",$13.47 ($0.75 / Fl Oz),$19.99 ($1.11 / Fl Oz),https://www.amazon.com/dp/B07F753PR7,4.3,14635.0,o naturals,1.0,body scrub
B095CM22PT,"oars + alps hydrating spf 50 sunscreen spray, infused with vitamin c and antioxidants, water and sweat resistant, 6 oz, 2 pack",$35.98 ($3.00 / Ounce),,https://www.amazon.com/dp/B095CM22PT,4.2,636.0,oars + alps,1.0,sunscreen
B01E6NRM3E,oasis rest & relief eye mask - adjunct hot and cold therapy for the relief of dry eye symptoms,$20.79 ($20.79 / Count),,https://www.amazon.com/dp/B01E6NRM3E,4.6,663.0,oasis marine,1.0,eye mask
B00303GLXY,"obagi elastiderm eye cream, firming eye cream for fine lines and wrinkles, ophthalmologist tested, 0.5 oz",$125.00 ($125.00 / Fl Oz),,https://www.amazon.com/dp/B00303GLXY,4.5,1013.0,"obagi elastiderm eye cream,",1.0,eye cream
B0CGBFHPL5,ode cleansing oil for makeup- speedy cleansing oil 7.8 fl oz bottle,$12.99 ($1.67 / Fl Oz),,https://www.amazon.com/dp/B0CGBFHPL5,,,ode,1.0,cleansing oil
B07CTSS14R,"ogx coffee scrub and wash, coconut 19.5 fl oz",$6.97 ($0.36 / Fl Oz),$9.29 ($0.48 / Fl Oz),https://www.amazon.com/dp/B07CTSS14R,4.7,49394.0,ogx,1.0,body scrub
B07YYYSHVB,"ogx hydration + sea kelp & hyaluronic acid sulfate-free lightly moisturizing body scrub with black rice, gentle exfoliating daily body wash to soften & smooth skin, 19.5 fl oz",$6.99 ($0.36 / Fl Oz),$9.29 ($0.48 / Fl Oz),https://www.amazon.com/dp/B07YYYSHVB,4.6,12698.0,ogx,1.0,body scrub
B09PJ3CPVH,"ogx sensitive + pink sea salt & rosewater sulfate-free soothing body scrub with healing rose quartz, gentle exfoliating daily body wash to soften & smooth skin, 19.5 fl oz (pack of 3)",$18.67 ($0.32 / Fl Oz),$20.92 ($0.36 / Fl Oz),https://www.amazon.com/dp/B09PJ3CPVH,4.5,26727.0,ogx,1.0,body scrub
1517372402,oil pulling: oil pulling beginner's guide! - learn how to heal your body using nature's ancient detoxifying and healing oil pulling oral detox therapy cleansing!,$4.76,$6.99,https://www.amazon.com/dp/1517372402,4.2,10.0,"brooks, sarah (paperback)",1.0,cleansing oil
B01MDS34NI,"o'keeffe's cooling relief lip repair lip balm for dry, cracked lips, stick, (pack of 2)",$6.47 ($21.57 / Ounce),$9.99 ($33.30 / Ounce),https://www.amazon.com/dp/B01MDS34NI,4.7,4307.0,o'keeffe's cooling relief lip,1.0,lipbalm
B01MG64OK2,"o'keeffe's unscented lip repair lip balm for dry, cracked lips, stick, (pack of 3)",$13.99 ($31.09 / Ounce),,https://www.amazon.com/dp/B01MG64OK2,4.6,2028.0,o'keeffe's unscented lip repair,1.0,lipbalm
B07N4PVLB7,"o'keeffe's unscented lip repair lip balm for dry, cracked lips, stick, twin pack",$9.99 ($33.30 / Ounce),,https://www.amazon.com/dp/B07N4PVLB7,4.6,10867.0,o'keeffe's unscented lip repair,1.0,lipbalm
B01KJGBEYK,oklahoma joe's longhorn reverse flow offset smoker - 17202053,$799.00,,https://www.amazon.com/dp/B01KJGBEYK,4.5,413.0,oklahoma joe's longhorn reverse,1.0,eye cream
B09MN94BZW,"ola loko mud mask, clay mask for face and skin, detox mask skin care, exfoliating face mask, deeply cleans and purify pores for clear and glowing skin, 8.5 fl oz",$6.99 ($0.82 / Ounce),$8.99 ($1.06 / Ounce),https://www.amazon.com/dp/B09MN94BZW,4.2,169.0,ola loko,1.0,clay mask
B01M68DG5Q,"olay regenerist detoxifying pore scrub cleanser, 5.0 fluid ounce",$7.48 ($1.50 / Fl Oz),,https://www.amazon.com/dp/B01M68DG5Q,4.7,471.0,olay,1.0,face scrub
B07YZMMH8Q,"olay regenerist micro-sculpting serum, 2-pack, ultra-lightweight anti-aging moisturizer, 100ml (3.4 fl oz) total",$40.95 ($6.02 / Fl Oz),$52.95 ($7.79 / Fl Oz),https://www.amazon.com/dp/B07YZMMH8Q,4.7,1113.0,olay,1.0,serum
B07XQVT3TZ,"olay regenerist retinol 24 night eye cream, 0.5oz + whip face moisturizer travel/trial size bundle",$24.97,$27.99,https://www.amazon.com/dp/B07XQVT3TZ,4.5,2305.0,olay,1.0,eye cream
B0039NMCPG,"olay regenerist serum, 1.7 fl oz",$20.66 ($12.15 / Fl Oz),$27.49 ($16.17 / Fl Oz),https://www.amazon.com/dp/B0039NMCPG,4.7,5316.0,olay,1.0,serum
B09CDXHG9N,"olay regenerist vitamin c + peptide 24 brightening face moisturizer for brighter skin, lightweight anti-aging cream for dark spots, includes olay whip travel size for dry, 1.7 oz",$29.99 ($17.64 / Ounce),$34.99 ($20.58 / Ounce),https://www.amazon.com/dp/B09CDXHG9N,4.6,5770.0,olay regenerist vitamin c,1.0,moisturizer
B0C7MQQSW4,"olay super serum 1.0 oz with niacinamide, vitamin c, collagen peptide, aha, and vitamin e",$29.94,$34.99,https://www.amazon.com/dp/B0C7MQQSW4,4.1,15.0,olay,1.0,serum
B01LTI0948,"olay total effects citrus facial cleanser and scrub, 5 fl oz (pack of 3)",$22.44 ($1.50 / Fl Oz),,https://www.amazon.com/dp/B01LTI0948,4.7,1770.0,olay,1.0,face scrub
B01EHW5JYI,"olay ultimate eye cream for wrinkles, puffy eyes + dark circles, 0.4oz/13ml",$29.97 ($74.92 / Ounce),,https://www.amazon.com/dp/B01EHW5JYI,4.3,11526.0,olay,1.0,eye cream
B01HPYRYU2,onwon 100 pcs diy white color natural spa skin care skin fiber paper pre-cut facial paper sheet facial mask,$9.80 ($0.10 / Count),$12.99 ($0.13 / Count),https://www.amazon.com/dp/B01HPYRYU2,4.3,1604.0,onwon,1.0,sheet mask
B01N43NOYP,optase moist heat eye mask - washable and reusable heated & cooling gel eye mask - hydrobead technology for dry eye relief,$19.79 ($19.79 / Count),$24.95 ($24.95 / Count),https://www.amazon.com/dp/B01N43NOYP,4.5,4092.0,optase moist heat eye,1.0,eye mask
B06Y2YWVT3,"optase tea tree oil eyelid wipes - eyelid cleansing wipes for dry eyes - tea tree wipes for blepharitis treatment - preservative free, natural ingredients - step 2 cleanse - tto eye wipes, box of 20",$16.96 ($0.85 / Count),$24.95 ($1.25 / Count),https://www.amazon.com/dp/B06Y2YWVT3,4.5,2594.0,optase tea tree oil,1.0,cleansing oil
B0C7FPNH48,"orange exfoliating whitening gel, gmeelan orange exfoliating whitening gel, gmeelan exfoliating gel, orange exfoliating gel face whitening, gluta whitening lazy cream korean (2 bottle)",$11.99 ($6.00 / Ounce),,https://www.amazon.com/dp/B0C7FPNH48,3.9,20.0,wsrchh,1.0,exfoliator
B0C1L58QZ6,"orangeroses - 10 pcs combo vital ampoule sheet mask, korean facial skincare sheet | simple & effective skincare routine | moisturization | wrinkle care | brightening (10 pcs combo)",$6.45 ($0.64 / Count),,https://www.amazon.com/dp/B0C1L58QZ6,4.8,15.0,orangeroses,1.0,sheet mask
B006E5A3PW,org body scrub deep gel exfoliator for glowing and smooth skin - korean exfoliating peel skincare - natural cruelty free formulation for sensitive skin 6oz,$35.50 ($5.92 / Fl Oz),$38.00 ($6.33 / Fl Oz),https://www.amazon.com/dp/B006E5A3PW,4.4,1789.0,o.r.g. skincare,1.0,exfoliator
B016SCEN06,"orgaid organic sheet mask | made in usa (anti-aging & moisturizing, pack of 4)",$26.00 ($6.50 / Count),,https://www.amazon.com/dp/B016SCEN06,4.6,506.0,orgaid,1.0,sheet mask
B08LW5NCK1,"organic coffee body scrub - coffee scrub & sugar scrub body polish, exfoliating body scrub exfoliator & foot scrub, body exfoliator, body scrubs for women exfoliation, sugar scrubs for women & men",$24.99 ($2.50 / Ounce),$29.99 ($3.00 / Ounce),https://www.amazon.com/dp/B08LW5NCK1,4.4,820.0,beauty by earth,1.0,body scrub
B00WMM74VW,"organic lip balm by sierra bees - moisturizing balm for chapped lips - featuring sustainably sourced beeswax, olive oil, sunflower oil, & vitamin e - cruelty free, non-gmo - variety 8 pack",$9.79,,https://www.amazon.com/dp/B00WMM74VW,4.6,410.0,sierra bees,0.0,lipbalm
B01LX8UFRB,"organic lip balm for men, mens chapstick organic, mens lip balm, natural chapstick for men, organic chapstick mint lip balm, peppermint lip balm, all natural men's lip balm chap stick, lip therapy",$19.95 ($4.99 / Count),,https://www.amazon.com/dp/B01LX8UFRB,4.6,1608.0,rugged & dapper,1.0,lipbalm
B00QMR4ZNI,"organic lip balm pack - usa made lip balm bulk lip care products, unflavored natural lip balm, hydrating lip balm birthday gifts for men, lipbalm stocking stuffers for men gifts, small gifts for women",$11.99 ($3.00 / Count),,https://www.amazon.com/dp/B00QMR4ZNI,4.6,7065.0,beauty by earth,1.0,lipbalm
B08CGW8CP1,"organic pink watermelon body scrub, pure natural gentle exfoliator for smooth & soft skin, best shower exfoliating salt skincare scrub, hydrating & moisturizing face foot hands, great gift for women",$11.97 ($1.20 / Ounce),,https://www.amazon.com/dp/B08CGW8CP1,4.0,3049.0,white naturals,1.0,body scrub
B076JK83C9,organys cleansing oil and makeup remover face wash,$21.00 ($2.62 / Fl Oz),,https://www.amazon.com/dp/B076JK83C9,4.5,1672.0,organys,1.0,cleansing oil
B094V58GFC,origins checks and balances face scrub unisex scrub 2.5 oz,$26.20 ($10.48 / Ounce),,https://www.amazon.com/dp/B094V58GFC,4.5,42.0,origins,1.0,face scrub
B017NPXX9E,"origins original skin retexturizing mask with rose clay, 2.5 fl oz (pack of 1)",$29.88 ($11.95 / Fl Oz),,https://www.amazon.com/dp/B017NPXX9E,4.7,191.0,origins,1.0,clay mask
B00URD72DI,"origins plantscription anti-aging power eye cream, 0.5 fl oz (oricosc74200104)",$40.95 ($81.90 / Fl Oz),$50.00 ($100.00 / Fl Oz),https://www.amazon.com/dp/B00URD72DI,4.6,401.0,origins,1.0,eye cream
B002W8SP0A,osea salts of the earth body scrub | gently exfoliate & soften skin | naturally derived seaweed skincare | vegan & cruelty-free,$48.00 ($4.00 / Ounce),$51.00 ($4.25 / Ounce),https://www.amazon.com/dp/B002W8SP0A,4.5,208.0,osea,1.0,body scrub
B09KLVLS13,"ostrich pillow eye mask | 3d ergonomic mask | adjusts to the shape of your face | mask for sleeping, resting, relaxing | blocks light for total darkness (dark night)",$45.00,,https://www.amazon.com/dp/B09KLVLS13,4.3,110.0,ostrich pillow eye mask,1.0,eye mask
B07H52SVM7,"ouai scalp & body scrub - deep-cleansing scrub for hair & skin - removes build-up, exfoliates & moisturizes with sugar & coconut oil - free of parabens, sulfates & phthalates - 8.8 fl oz",$40.00 ($4.55 / Ounce),,https://www.amazon.com/dp/B07H52SVM7,4.6,1470.0,ouai,1.0,body scrub
B07VRTP6SY,"pacifica beauty, glow baby booster serum for face, vitamin c and glycolic acid, brightens and supports, for all skin types, fragrance free, clean skin care, vegan and cruelty free , 1 fl oz",$15.99,,https://www.amazon.com/dp/B07VRTP6SY,4.5,2355.0,pacifica,1.0,serum
B08RQRGV79,"pacifica beauty, stress rehab coconut & caffeine face mask, sheet mask, de-stress, reduce puffiness & redness, for all skin types, green tea, vegan",$3.99,,https://www.amazon.com/dp/B08RQRGV79,4.6,63.0,pacifica,1.0,sheet mask
B07PG5MG98,pacifica cosmic clay face mask unisex 1.18 oz,$6.00 ($5.08 / Ounce),,https://www.amazon.com/dp/B07PG5MG98,4.6,277.0,pacifica,1.0,clay mask
B09329B5KK,pacifica disobey time facial mask - rose and peptide 1 pc,$4.00,,https://www.amazon.com/dp/B09329B5KK,4.7,31.0,pacifica,1.0,sheet mask
B0BRXJZJD4,pack of 3 x clinique take the day off charcoal cleansing balm 0.5 oz/15ml total 1.5 oz/45 ml,$6.23 ($4.15 / Ounce),$6.90 ($4.60 / Ounce),https://www.amazon.com/dp/B0BRXJZJD4,4.6,14.0,clinique,1.0,cleansing balm
B093XQJC5C,"pack of 3 x clinique take the day off cleansing balm, 0.5 oz each sample size unboxed, 0.5 ounce (pack of 3)",$14.97 ($4.99 / Fl Oz),,https://www.amazon.com/dp/B093XQJC5C,4.7,50.0,clinique,1.0,cleansing balm
B09V154ZM2,"painistic green tea mask stick blackhead remover, purifying oil control clean solid face clay mask moisturizing acne deep pore cleansing for all skin types of men and women",$6.99 ($4.11 / Ounce),$8.89 ($5.23 / Ounce),https://www.amazon.com/dp/B09V154ZM2,4.0,871.0,painistic,1.0,clay mask
B01N34OR3T,"palmer's cocoa butter formula ultra gentle facial cleansing oil, 6.5 ounces",$16.95 ($2.61 / Ounce),,https://www.amazon.com/dp/B01N34OR3T,4.3,2806.0,palmer's,1.0,cleansing oil
B00W2CTHT4,"palmer's cocoa butter skin therapy cleansing facial oil, gentle makeup remover for face, rosehip fragrance, 6.5 ounce",$9.99 ($1.54 / Fl Oz),$11.99 ($1.84 / Fl Oz),https://www.amazon.com/dp/B00W2CTHT4,4.5,7384.0,palmer's,1.0,cleansing oil
B07L1DVWT9,"palmer's coconut oil formula coconut sugar facial scrub exfoliator, face scrub to gently exfoliate away dirt and dead skin cells with chamomile to soften & calm, 3.17 ounces (pack of 1)",$8.99 ($2.84 / Ounce),$9.88 ($3.12 / Ounce),https://www.amazon.com/dp/B07L1DVWT9,4.6,18693.0,palmer's,1.0,exfoliator
B07MBHRYTJ,"palmer's coconut oil formula lip balm duo with spf 15 and vitamin e, all-day moisturizing sunscreen lip balm, hydrates dry, cracked lips (pack of 2)",$2.88 ($1.80 / Ounce),,https://www.amazon.com/dp/B07MBHRYTJ,4.3,16329.0,palmer's,1.0,lipbalm
B07953SZND,"palmer's coconut oil formula, coconut monoi facial cleansing balm and makeup remover, 2.25 ounces",$8.99 ($4.00 / Ounce),,https://www.amazon.com/dp/B07953SZND,4.5,964.0,palmer's,1.0,cleansing balm
B081KL2QYJ,"panoxyl acne foaming wash benzoyl peroxide 10% maximum strength antimicrobial, 5.5 oz",$9.77 ($1.78 / Ounce),,https://www.amazon.com/dp/B081KL2QYJ,4.6,52644.0,panoxyl,1.0,cleanser
B016FTEW9Y,"papa recipe bombee sheet mask, korean moisturizing honey mask pack for dehydrated and sensitive skin 10 sheets (yellow)",$15.95 ($1.60 / Count),$19.97 ($2.00 / Count),https://www.amazon.com/dp/B016FTEW9Y,4.6,733.0,papa recipe right for skin,1.0,sheet mask
B079TSX3Y2,"patchology ""soothe flashmasque facial sheet mask with aloe vera - men and women face masks skincare sheet for moisturizing and hydrating skin in 5 minutes - best face sheets moisturizer (4 count)",$29.99 ($7.50 / Count),,https://www.amazon.com/dp/B079TSX3Y2,4.7,290.0,"patchology ""soothe flashmasque facial",1.0,sheet mask
B07VXKFVL2,"paula's choice - clear purifying clay face mask with oil absorbing bentonite, kaolin & salicylic acid, minimizes large pores & redness, for oily & acne-prone skin, 3 ounces",$29.00 ($9.67 / Fl Oz),,https://www.amazon.com/dp/B07VXKFVL2,4.7,195.0,paula's choice,1.0,clay mask
B0BLT9NHKF,"paula's choice c5 super boost eye cream with 5% vitamin c, hyaluronic acid & peptides, for puffy eyes, dark circles, fine lines & crow’s feet, 0.5 fl oz ",$39.00 ($78.00 / Fl Oz),,https://www.amazon.com/dp/B0BLT9NHKF,4.2,117.0,paula's choice,1.0,eye cream
B0BHTY6RZ5,"paula's choice calm ultra-gentle cleanser for sensitive skin, calms + soothes redness, daily face wash for rosacea-prone & eczema-prone skin, fragrance-free & paraben-free, 6.7 fl oz.",$19.00 ($2.84 / Fl Oz),,https://www.amazon.com/dp/B0BHTY6RZ5,4.6,147.0,paula's choice,1.0,cleanser
B07HZWXGJ7,"paula's choice clear oil-free moisturizer, lightweight face moisturizer for acne-prone skin, pore-minimizing niacinamide, soothing antioxidants, ceramides to calm redness",$29.00 ($14.50 / Fl Oz),,https://www.amazon.com/dp/B07HZWXGJ7,4.6,1483.0,paula's choice,1.0,moisturizer
B06ZYNQZKF,"paula's choice clear pore normalizing cleanser, salicylic acid acne face wash, redness & blackheads, 6 ounce",$15.00,,https://www.amazon.com/dp/B06ZYNQZKF,4.6,5857.0,paula's choice,1.0,cleanser
B00AFYAXEO,"paula's choice clear regular strength exfoliator, 2% salicylic acid exfoliant for acne, redness relief, 4 ounce",$34.00 ($8.50 / Fl Oz),,https://www.amazon.com/dp/B00AFYAXEO,4.5,1414.0,paula's choice,1.0,exfoliator
B08ZC7JW3Z,"paula's choice omega complex cleansing balm, double cleanse face wash & daily makeup remover, suitable for dry & sensitive skin, mineral oil-free, paraben-free & fragrance-free, 3.5 fl oz",$29.00 ($8.29 / Ounce),,https://www.amazon.com/dp/B08ZC7JW3Z,4.6,470.0,paula's choice,1.0,cleansing balm
B00DH209KO,"paula's choice resist optimal results hydrating cleanser, green tea & chamomile, anti-aging face wash, dry skin, 6.4 ounce",$22.00 ($3.44 / Fl Oz),,https://www.amazon.com/dp/B00DH209KO,4.5,1203.0,paula's choice,1.0,cleanser
B00NGGEZIS,"paula's choice resist perfectly balanced foaming cleanser, hyaluronic acid & aloe, anti-aging face wash, large pores & oily skin, 6.4 ounce",$22.00 ($3.44 / Fl Oz),,https://www.amazon.com/dp/B00NGGEZIS,4.5,3271.0,paula's choice,1.0,cleanser
B07D8DBS7S,"paula's choice skin perfecting 2% bha liquid salicylic acid exfoliant duo, gentle exfoliator for blackheads, large pores, wrinkles & fine lines, includes 1 full size bottle & 1 travel size bottle",$42.00 ($21.00 / Count),$47.00 ($23.50 / Count),https://www.amazon.com/dp/B07D8DBS7S,4.7,2227.0,paula's choice,1.0,exfoliator
B07TK4D5VD,"paula's choice skin perfecting 8% aha gel exfoliant & 2% bha liquid duo - facial exfoliants for blackheads, enlarged pores, wrinkles, and fine lines w/glycolic and salicylic acid",$68.00 ($9.32 / Fl Oz),,https://www.amazon.com/dp/B07TK4D5VD,4.5,5941.0,paula's choice,1.0,exfoliator
B008EPPPDK,"paula's choice skin recovery replenishing facial moisturizer cream with hyaluronic acid, soothes redness & sensitive skin prone to rosacea & eczema, paraben-free & fragrance-free, 2 fl oz",$33.00 ($16.50 / Fl Oz),,https://www.amazon.com/dp/B008EPPPDK,4.4,1155.0,paula's choice,1.0,moisturizer
B0CDTSJ94B,"paulas choice-skin perfecting 2% bha liquid salicylic acid exfoliant-facial exfoliant for blackheads, enlarged pores, wrinkles & fine lines, 4 oz bottle",$17.47 ($4.37 / Fl Oz),$27.95 ($6.99 / Fl Oz),https://www.amazon.com/dp/B0CDTSJ94B,,,generic,1.0,exfoliator
B08H4QPM19,peach & lily glass skin serum,$39.00 ($28.89 / Fl Oz),,https://www.amazon.com/dp/B08H4QPM19,4.6,183.0,peach & lily,1.0,serum
B0B4T7HTKD,"peach oil body scrub - moisturizing shea butter, saffron & nourishing body oils - exfoliating salt scrub for body -win against aging, stretch marks, cellulite, acne & dead skin scars- 10 oz",$8.99,,https://www.amazon.com/dp/B0B4T7HTKD,3.9,110.0,artnaturals,1.0,body scrub
B09CBF7ZCY,peach slices | acne exfoliating toner | 2% salicylic acid | aha+bha exfoliation | facial cleanser | calms & soothes | prevents breakouts | alcohol & sulfate free | skin care for women & men | 4 oz,$10.99 ($2.75 / Fl Oz),,https://www.amazon.com/dp/B09CBF7ZCY,4.5,1613.0,peach slices | acne,1.0,exfoliator
B0BWYWRP5R,"peauamie exfoliating body scrub marshmallow scrub for acne, dark spots, hyperpigmentation, smooth skin,moisturizing and exfoliating body, face, hand, foot scrub,deep cleansing",$5.99 ($0.68 / Ounce),,https://www.amazon.com/dp/B0BWYWRP5R,4.4,33.0,peauamie,1.0,body scrub
B0B1WS14XH,"peauamie travel face serum set vitamin c serum,hyaluronic acid serum,retinol serum for dark spots, fine lines and wrinkles(5ml/3 pack)",$3.99 ($7.98 / Fl Oz),,https://www.amazon.com/dp/B0B1WS14XH,4.0,223.0,peauamie,1.0,serum
B0BS8Y2FLK,"peauamie under eye patches (30 pairs) gold eye mask and hyaluronic acid eye patches for puffy eyes,rose eye masks for dark circles and puffiness under eye treatment skin care products…",$9.99 ($9.99 / Count),,https://www.amazon.com/dp/B0BS8Y2FLK,4.6,680.0,peauamie,1.0,eye mask
B0B22TJCZ7,"penebella new - 3% caffeine eye cream - 5% niacinamide (vitamin b3) under eye cream for dark circle, puffiness & wrinkles - brighten & repair anti aging eye treatment balm - moisturizer with collagen",$9.99 ($19.98 / Ounce),,https://www.amazon.com/dp/B0B22TJCZ7,4.4,1328.0,penebella,1.0,eye cream
B07M7KQGS9,"permotary 30 pairs 24k gold gel crystal collagen under eye pads mask for moisturizing,reducing fine lines&dark circles& puffy eyes patch for women men, gold",$9.99 ($0.33 / Count),$15.99 ($0.53 / Count),https://www.amazon.com/dp/B07M7KQGS9,4.4,6193.0,permotary,1.0,eye mask
B09HWKPXRJ,"perricone md cold plasma plus+ concentrated treatment sheet mask, 1 ct.",$22.00,,https://www.amazon.com/dp/B09HWKPXRJ,4.5,39.0,perricone md cold plasma,1.0,sheet mask
B004P2LL2K,"peter thomas roth | instant firmx temporary eye tightener | firm and smooth the look of fine lines, 1 oz (pack of 1",$28.50,$38.00,https://www.amazon.com/dp/B004P2LL2K,3.8,11620.0,peter thomas roth |,1.0,eye cream
B07FTH5ZPV,"philosophy purity made simple - eye cream, 0.5 oz (pack of 1)",$25.00 ($50.00 / Fl Oz),,https://www.amazon.com/dp/B07FTH5ZPV,4.5,518.0,philosophy purity made simple,1.0,eye cream
B075GYJH7G,"philosophy purity made simple - pore extractor mask, 1 oz",$21.00,,https://www.amazon.com/dp/B075GYJH7G,4.5,408.0,philosophy purity made simple,1.0,clay mask
B086CLPYGL,"philosophy purity made simple one-step facial cleanser, 16 fl. oz.",$38.00 ($2.38 / Fl Oz),$42.00 ($2.62 / Fl Oz),https://www.amazon.com/dp/B086CLPYGL,4.8,2729.0,philosophy purity made simple,1.0,cleanser
B0BS4JT9NN,phoera makeup remover cleansing balm with sweet orange essential oil makeup meltaway cleansing balm (20g balm),$8.49 ($0.42 / Ounce),$8.99 ($0.45 / Ounce),https://www.amazon.com/dp/B0BS4JT9NN,4.8,7.0,phoera,1.0,cleansing balm
B07MNZ7WTR,"physicians formula face cleansing balm the perfect matcha 3-in-1 makeup remover for eye, lip, or face, deeply cleanses pores and removes impurities, ultra nourishing soothing treatment",$14.42 ($10.30 / Ounce),,https://www.amazon.com/dp/B07MNZ7WTR,4.4,3297.0,physicians formula,1.0,cleansing balm
B07W32YTPH,"physicians formula rosé all day to night eye cream, dark circles, puffiness, bags under eyes, wrinkles | dermatologist tested, clinicially tested",$13.07 ($26.14 / Ounce),$17.49 ($34.98 / Ounce),https://www.amazon.com/dp/B07W32YTPH,4.6,169.0,physicians formula,1.0,eye cream
B09Z7FK957,"pina colada body scrub – moisturizing vitamin c, potassium, amino acids & nourishing body oils -exfoliating salt scrub for body - win against aging & dead skin scars- 10 oz",$6.95 ($0.70 / Fl Oz),$8.99 ($0.90 / Fl Oz),https://www.amazon.com/dp/B09Z7FK957,3.4,98.0,artnaturals,1.0,body scrub
B0BYJC6YZR,"pjordo 4 pcs clay mask set, turmeric vitamin c clay mask, dead sea mud mask, avocado clay mask, rose clay mask, face mask skin care set, self care gifts for women, 2.82 oz each",$15.99 ($1.42 / Ounce),,https://www.amazon.com/dp/B0BYJC6YZR,4.1,17.0,pjordo,1.0,clay mask
B0B9MPNDHF,"pjordo clay mask kit, turmeric vitamin c clay mask, avocado clay mask, rose clay mask, facial mask skin care set for deep cleansing reduce blackheads acne dark spots, gifts for women, 240g in total",$13.99 ($1.65 / Ounce),$22.99 ($2.72 / Ounce),https://www.amazon.com/dp/B0B9MPNDHF,4.4,73.0,pjordo,1.0,clay mask
B0B9MYHHTM,"pjordo rose clay facial mask, face skin care clay mask, pink clay mask with mask brush for deep cleansing, anti-acne, refining pores soothing and brightening, spa facial mask 150g/5.29 oz",$8.99 ($1.70 / Ounce),,https://www.amazon.com/dp/B0B9MYHHTM,4.1,66.0,pjordo,1.0,clay mask
B071FCC3Y5,"plant therapy oil facial cleanser for normal/dry skin 4 oz, gently removes dirt, makeup & other impurities",$14.49 ($3.62 / Fl Oz),,https://www.amazon.com/dp/B071FCC3Y5,4.6,20.0,plant therapy,1.0,cleansing oil
B097Z1G9S6,"planty exfoliating body scrub with ahas - glycolic acid & lactic acid - for rough skin and uneven skin tone, 8 0z",$19.99 ($19.99 / Fl Oz),,https://www.amazon.com/dp/B097Z1G9S6,4.4,75.0,planty,1.0,body scrub
B0C87JTLCJ,"pond's clear solution, foaming face wash, removes excess oil, face cleanser, 3-pack of 1.07 fl oz each",$3.89,,https://www.amazon.com/dp/B0C87JTLCJ,4.8,6.0,pond's,1.0,cleanser
B0B58QXD1Z,pop modern.c turmeric vitamin c clay mask deep cleansing face mask skin care improve blackheads acne dark spots and even out skin tone facial mask control oil and refining pores,$9.99 ($2.36 / Ounce),,https://www.amazon.com/dp/B0B58QXD1Z,4.3,421.0,pop modern.c,1.0,clay mask
B08YH26B9Y,"poppy & pout 100% natural lip balm, 0.3oz cardboard tube, hand-filled - beeswax, vitamin e, organic coconut oil, cruelty free (blood orange mint)",$9.95,,https://www.amazon.com/dp/B08YH26B9Y,4.5,1042.0,poppy & pout,1.0,lipbalm
B0CFG5F4TV,"praiasol super c serum, vibrance vitamin c serum for face, vibrance vit c serum for mature skin, serum vitamina c, vitamin c face serum targets age spots, wrinkles, smooths skin.1 fl oz",$22.99 ($22.99 / Fl Oz),,https://www.amazon.com/dp/B0CFG5F4TV,4.8,69.0,praiasol,1.0,serum
B07W5MP67Z,premier anti-aging duo the cleansing balm 90g (clear),$33.99 ($33.99 / Count),$39.99 ($39.99 / Count),https://www.amazon.com/dp/B07W5MP67Z,4.3,2881.0,duo,1.0,cleansing balm
B09TVZNLG4,"premium 20% 𝐯𝐢𝐭𝐚𝐦𝐢𝐧 𝐜 𝐬𝐞𝐫𝐮𝐦 - (2pack) with hyaluronic acid, retinol & amino acids - boost skin collagen,hydrate & plump skin, anti aging & wrinkle facial serum",$9.99 ($5.00 / Fl Oz),$11.99 ($6.00 / Fl Oz),https://www.amazon.com/dp/B09TVZNLG4,4.3,14349.0,elbbub,1.0,serum
B0011802T4,"pro tan, get buffed, pre-tan body scrub, skin balancing exfoliator, balance skin ph, 8 oz.",$22.95 ($2.87 / Fl Oz),,https://www.amazon.com/dp/B0011802T4,4.5,184.0,"pro tan, get buffed,",1.0,body scrub
B004DOYM2Q,"proactiv acne cleanser - benzoyl peroxide face wash and acne treatment - daily facial cleanser and hyularonic acid moisturizer with exfoliating beads - 90 day supply, 6 oz",$37.50 ($6.25 / Fl Oz),,https://www.amazon.com/dp/B004DOYM2Q,4.7,9272.0,proactiv,1.0,cleanser
B07L9YL7NX,"prociv 16 packs steam eye masks for dry eyes, spa warm eye mask, relief eye fatigue hot sleep eye mask for puffy eyes mask (unscented)",$16.99 ($1.06 / Count),$25.99 ($1.62 / Count),https://www.amazon.com/dp/B07L9YL7NX,4.4,2553.0,prociv,1.0,eye mask
B0BW2VWYHR,"protective cover for oculus/meta quest 2 accessories, silicone controllers grip cover protector, soft shell skin with face cover and lens cover by gwyoneaon (white)",$18.98,,https://www.amazon.com/dp/B0BW2VWYHR,4.5,114.0,gwyoneaon,1.0,face scrub
B00KMCEA4S,"pura d'or 20% vitamin c serum (4oz best value) lightweight maximum strength formula,hyaluronic acid,retinol,professional grade treatment for face & eyes,dark spots,acne,wrinkles,for men & women",$11.89 ($2.97 / Fl Oz),$16.99 ($4.25 / Fl Oz),https://www.amazon.com/dp/B00KMCEA4S,4.4,5925.0,pura d'or,1.0,serum
B00SSMEA4O,"pure body naturals pure bentonite powder for diy detox bath & facial mask, pure indian healing clay for burns, mastitis, inflamed or chapped skin (8.0 oz)",$7.49 ($0.94 / Ounce),,https://www.amazon.com/dp/B00SSMEA4O,4.5,6967.0,pure body naturals,1.0,clay mask
B07JH3YZKP,"purescrubs premium organic body scrub set - large 16oz unscented body scrub - dead sea salt infused organic essential oils & nutrients, includes wooden spoon, loofah & organic exfoliating bar soap",$28.95 ($1.81 / Ounce),,https://www.amazon.com/dp/B07JH3YZKP,4.6,9948.0,purescrubs,1.0,body scrub
B07M5PKHWX,"purescrubs premium organic brown sugar vanilla face & body scrub set - large 16oz, infused with organic essential oils, glycolic acid & includes wooden spoon, loofah & mini exfoliating bar soap",$28.95 ($1.81 / Ounce),,https://www.amazon.com/dp/B07M5PKHWX,4.6,1473.0,purescrubs,1.0,body scrub
B086WVRZBJ,"purito essential oil-free deep sea pure water cream 50g/1.7fl.oz, moisture cream for face, facial watery cream, vegan",$15.63 ($8.88 / Ounce),$16.80 ($9.55 / Ounce),https://www.amazon.com/dp/B086WVRZBJ,4.6,1711.0,purito,1.0,moisturizer
B07BQMN4QD,"purito centella green level eye cream /1fl.oz/dark circles/around eyes/wrinkles/puffiness that reduces eye bags, fine lines",$11.91,,https://www.amazon.com/dp/B07BQMN4QD,4.5,1020.0,purito,1.0,eye cream
B075M36V5M,"purito defence barrier ph cleanser 150ml/5.1 fl.oz sensitive skin, oil control, pore cleansing, refreshening, low ph 5.5, gentle cleanser, lightweight",$9.49 ($1.86 / Fl Oz),$10.70 ($2.10 / Fl Oz),https://www.amazon.com/dp/B075M36V5M,4.5,609.0,purito,1.0,cleanser
B08XW2X1NM,"purito from green cleansing oil 6.76 fl.oz / 200ml gentle facial cleanser, cruelty-free & vegan, nature-derived oils (renewed)",$18.80 ($2.78 / Fl Oz),,https://www.amazon.com/dp/B08XW2X1NM,4.5,715.0,purito,1.0,cleansing oil
B099RN4FCW,"pyunkang yul deep clear cleansing balm korean makeup remover all in one face wash, removes heavy makeup perfectly 100ml 3.38 fl.oz.",$15.10,$16.00,https://www.amazon.com/dp/B099RN4FCW,4.7,650.0,pyunkang yul,1.0,cleansing balm
B06ZZK3YJY,pyunkang yul facial essence toner 6.8 fl. oz- korean moisturizer/toner for dry and combination skin types - astringent for face certified as a zero-irritation - condensed texture,$15.48 ($2.28 / Fl Oz),$18.00 ($2.65 / Fl Oz),https://www.amazon.com/dp/B06ZZK3YJY,4.6,3982.0,pyunkang yul,1.0,essence
B08GLMW5KJ,"pyunkang yul highly moisturizing mask pack 10 pcs - korean ceramide vitamin face sheet mask skin care products - beauty face mask containing panthenol, hyaluronic acid, tea tree, cica",$15.94 ($18.75 / Fl Oz),,https://www.amazon.com/dp/B08GLMW5KJ,4.6,228.0,pyunkang yul,1.0,sheet mask
B0BS9MT17H,"q+a vitamin a.c.e cleansing shower oil, blend of vitamin-rich fruit extracts and oils, plus a superfood complex supporting skin barrier whilst delivering an ultra-gentle cleanse, 250ml",$10.00 ($1.18 / Fl Oz),,https://www.amazon.com/dp/B0BS9MT17H,4.0,71.0,q+a,1.0,cleansing oil
B0014272VI,"queen helene masque mint julep 8 oz, for smoothening",$9.95 ($1.24 / Ounce),,https://www.amazon.com/dp/B0014272VI,4.7,6832.0,queen helene,1.0,clay mask
B0B7TB81J6,"rael blackhead remover, miracle clear clay mask - exfoliating face wash, pore minimizer, gentle, hydrating, with tea tree, vegan, cruelty free (100 ml, 3.4 fl oz)",$14.99 ($4.41 / Ounce),,https://www.amazon.com/dp/B0B7TB81J6,4.3,73.0,rael,1.0,clay mask
B0773HT3FT,"rael face mask skin care, collagen face masks - bamboo facial sheet mask with collagen essence and fruit extracts, all skin types, nourishing and moisturizing (collagen, 5 sheets)",$14.99 ($3.00 / Count),,https://www.amazon.com/dp/B0773HT3FT,4.7,826.0,rael,1.0,sheet mask
B07732KLQ1,"rael face mask skin care, vitamin c face masks - bamboo facial sheet mask with brightening vitamin c serum for face, with and fruit extracts, all skin types (vitamin c, 5 sheets)",$14.90 ($2.98 / Count),,https://www.amazon.com/dp/B07732KLQ1,4.7,399.0,rael,1.0,sheet mask
B09KG8B2QK,"rael face wash, miracle clear exfoliating cleanser - face cleanser for oily and acne prone skin, gentle facial cleanser, hydrating, w/succinic acid & minerice, vegan, cruelty free (5.1 fl. oz)",$11.98 ($2.35 / Fl Oz),,https://www.amazon.com/dp/B09KG8B2QK,4.4,326.0,rael,1.0,cleanser
B0C3T7HNLX,"real techniques real clean face erase makeup removing balm, hydrating cleansing balm, melt away stubborn makeup, with hyaluronic acid & vitamin a, 2 fl. oz/56.7 g jar",$9.34,$12.99,https://www.amazon.com/dp/B0C3T7HNLX,4.4,204.0,real techniques,1.0,cleansing balm
B0BWGJ4SW8,rebecoco - dermatest 5 star - k-beauty - all in one - vegan facial cleansing balm and makeup remover - all natural ingredients with no fillers - 105g / 3.7oz - made for all skin types,$17.95 ($0.17 / Ounce),,https://www.amazon.com/dp/B0BWGJ4SW8,4.6,31.0,alliable medical,1.0,cleansing balm
B0CBK5NTP2,"relief sun sunscreen korean sunscreen, sunscreen spf50+ pa+++, korean rice organic sunscreen skin care solution, nourishing skin protection and uv defense (1pcs) (1)",$14.99 ($8.87 / Fl Oz),,https://www.amazon.com/dp/B0CBK5NTP2,3.0,22.0,procover,1.0,sunscreen
B09FFBMNR1,"remedial pax eye cream for dark circles and puffiness, bags under eyes treatment, anti-aging collagen eye cream for wrinkles, day & night caffeine eye cream with niacinamide dimethicone",$19.99 ($10.81 / Fl Oz),$49.99 ($27.02 / Fl Oz),https://www.amazon.com/dp/B09FFBMNR1,4.4,9571.0,remedial pax,1.0,eye cream
B0BWYCD97R,"retinol eye cream for dark circles and puffiness, anti aging eye cream with hyaluronic acid and collagen, under eye cream, smooth fine lines and hydrate eye area",$16.98 ($33.96 / Fl Oz),,https://www.amazon.com/dp/B0BWYCD97R,4.7,2007.0,ronkie,1.0,eye cream
B0C638J9CJ,"retinol eye cream for dark circles and puffiness, anti aging under eye cream reduce wrinkles and fine lines, smooth and hydrate eye area, fragrance free, suitable for sensitive skin",$12.99 ($25.98 / Fl Oz),$14.99 ($29.98 / Fl Oz),https://www.amazon.com/dp/B0C638J9CJ,4.8,397.0,yoocoi,1.0,eye cream
B0CC1F79NT,retinol eye serum 360° roller: retinol eye cream with massage ball - caffeine and yeast under eye roller serum - anti aging eye cream for dark circles puffiness bags- reduce wrinkles fine lines,$21.99 ($43.98 / Fl Oz),,https://www.amazon.com/dp/B0CC1F79NT,4.8,40.0,dongyu,1.0,eye cream
B08QRY56CQ,"retinol serum for face 2.5%, b5 herbal resurfacing retinol serum with vitamin c, vitamin e, hyaluronic acid, serum for anti-aging, wrinkle smoothing, dark spot corrector, brighten dullness",$13.99 ($13.99 / Fl Oz),,https://www.amazon.com/dp/B08QRY56CQ,4.6,715.0,+1herolabs,1.0,serum
B086WC1LDD,"reusable cotton face mask, white / cream, (pack of 50)",$19.59,,https://www.amazon.com/dp/B086WC1LDD,4.3,32425.0,hanes,1.0,face mask
B085HJTPT5,"rnw der. clear bubble deep cleanser,with oxygen bubbles amino acids foaming facial cleanser gentle hydrating moisturizing mild face wash,ph balancing 200g / 7 oz.| korean face cleanser",$22.99 ($3.28 / Fl Oz),,https://www.amazon.com/dp/B085HJTPT5,4.2,54.0,rnw,1.0,cleanser
B00CWY8OC8,"roc multi correxion 5 in 1 anti-aging daily face moisturizer with broad spectrum spf 30 & shea butter, skin care treatment for women & men, 1.7 ounces (packaging may vary)",$17.90 ($10.53 / Ounce),$29.99 ($17.64 / Ounce),https://www.amazon.com/dp/B00CWY8OC8,4.5,6963.0,roc,1.0,moisturizer
B00CWY8O1O,"roc multi correxion 5 in 1 anti-aging eye cream for puffiness, under eye bags & dark circles, skin care treatment with shea butter, 0.5 fl oz (packaging may vary)",$18.99 ($37.98 / Fl Oz),$29.99 ($59.98 / Fl Oz),https://www.amazon.com/dp/B00CWY8O1O,4.3,7131.0,roc,1.0,eye cream
B088C7S4VL,"roc multi correxion revive + glow 10% active vitamin c serum for face, daily anti-aging wrinkle and skin tone skin care treatment, brightening serum for dark spots, 1 fluid ounce",$21.84,$32.99,https://www.amazon.com/dp/B088C7S4VL,4.5,8132.0,roc,1.0,serum
B08GNRV8CF,"roc multi correxion revive + glow gel facial cleanser with vitamin c, & glycolic acid, paraben-free, sulfate-free skin care, 6 ounces",$9.99 ($0.21 / Fl Oz),$11.99 ($0.25 / Fl Oz),https://www.amazon.com/dp/B08GNRV8CF,4.4,4351.0,roc,1.0,cleanser
B088419TZG,"roc retinol correxion anti-aging wrinkle night serum, daily line smoothing skin care treatment for fine lines, dark spots, post-acne scars, 30 individual capsules, unscented, 0.35 fl oz",$20.07 ($57.34 / Fl Oz),$32.99 ($94.26 / Fl Oz),https://www.amazon.com/dp/B088419TZG,4.5,17318.0,roc,1.0,serum
B00387F426,"roc retinol correxion deep wrinkle daily face moisturizer with sunscreen spf 30, skin care treatment for fine lines, dark spots, post-acne scars, 1 ounce",$19.89,$29.99,https://www.amazon.com/dp/B00387F426,4.6,6605.0,roc,1.0,moisturizer
B00387F42G,"roc retinol correxion deep wrinkle retinol face serum with ascorbic acid, daily anti-aging skin care treatment for fine lines, dark spots, acne scars, 1 ounce (packaging may vary)",$20.06,$29.99,https://www.amazon.com/dp/B00387F42G,4.4,11637.0,roc,1.0,serum
B0009RFB76,"roc retinol correxion under eye cream for dark circles & puffiness, daily wrinkle cream, anti aging line smoothing skin care treatment 0.5 oz (packaging may vary)",$14.23 ($28.46 / Fl Oz),$29.99 ($59.98 / Fl Oz),https://www.amazon.com/dp/B0009RFB76,4.3,26813.0,roc,1.0,eye cream
B004OQHZ2M,rohto hadalabo gokujun cleansing oil 200ml,$11.88 ($1.76 / Ounce),$18.99 ($2.81 / Ounce),https://www.amazon.com/dp/B004OQHZ2M,4.6,4838.0,rohto,1.0,cleanser
B09CTBGZ55,"rokkiss one-step cleansing balm (5.1fl oz) - ph-balanced gentle daily facial cleansing and makeup remover. shea butter, grapefruit/peach extracts.",$15.99 ($3.15 / Ounce),$16.99 ($3.35 / Ounce),https://www.amazon.com/dp/B09CTBGZ55,4.5,592.0,rokkiss,1.0,cleansing balm
B08BZ5C7L6,"rose clay mask, pink clay mask, with manicouagan clay, kaolin, niacinamide, collagen, hyaluronic acid for detoxifying, moisturizing & anti aging, purify pores, smooth lines, professional mud mask, 3.52 oz",$15.99 ($3.78 / Ounce),$19.99 ($4.72 / Ounce),https://www.amazon.com/dp/B08BZ5C7L6,4.4,968.0,anai rui,1.0,clay mask
B08FMCMGN6,"round lab 1025 dokdo cleanser for sensitive skin (unscented) | removes impurities without drying out, gentle cleanser, moisturizing, bubbly foam cleanser, unscented for sensitive skin (5.07fl.oz)",$17.95 ($3.54 / Fl Oz),,https://www.amazon.com/dp/B08FMCMGN6,4.6,361.0,round lab,0.0,cleanser
B09DGPRM22,"round lab birch juice moisturizing sunscreen (spf50+ pa++++) | a moisturizing sunscreen, no white cast, strong uv protection, moist essence type, ocean friendly-reef safe (1.69fl.oz)",$18.19 ($10.76 / Ounce),$28.00 ($16.57 / Ounce),https://www.amazon.com/dp/B09DGPRM22,4.5,709.0,round lab,1.0,sunscreen
B08C6YB69N,"rovectin clean lotus water cream- gentle and vegan moisturizer for skin purifying (2.1 fl.oz, 60ml)",$20.00 ($10.00 / Fl Oz),$22.00 ($11.00 / Fl Oz),https://www.amazon.com/dp/B08C6YB69N,4.6,1702.0,rovectin,1.0,moisturizer
B01E2H32FG,rovectin conditioning cleanser - ph balanced hypoallergenic face wash for sensitive skin (5.9 fl. oz),$17.00 ($2.88 / Fl Oz),$18.00 ($3.05 / Fl Oz),https://www.amazon.com/dp/B01E2H32FG,4.5,584.0,rovectin,1.0,cleanser
B00WH04BSI,rugged & dapper detox mineral clay facial mask | natural acne & age defense treatment for men- 5.5 oz,$14.95 ($2.70 / Fl Oz),$24.95 ($4.50 / Fl Oz),https://www.amazon.com/dp/B00WH04BSI,4.4,893.0,rugged & dapper,0.0,clay mask
B071YFCK7C,s a company 5-pack uv face shield | uv 30+ multipurpose neck gaiter balaclava for adults (hunting camo),$21.99,,https://www.amazon.com/dp/B071YFCK7C,4.4,44280.0,s a,1.0,face mask
B0C3DKLBPR,saimyo 24k gold eye mask– 60 pcs - gold under eye mask retinol & collagen - puffy eyes and dark circles treatments – look younger and reduce wrinkles and fine lines undereye,$14.99 ($14.99 / Count),$29.99 ($29.99 / Count),https://www.amazon.com/dp/B0C3DKLBPR,4.6,10.0,saimyo,1.0,eye mask
B0BG6MJQKD,saltair - kp body smoother - glycolic exfoliating skin scrub,$14.00 ($1.40 / Ounce),,https://www.amazon.com/dp/B0BG6MJQKD,4.2,82.0,saltair,1.0,body scrub
B076Z6PVVQ,sand & sky australian pink clay porefining mask for blackheads and pigmentation,$39.00 ($18.57 / Ounce),,https://www.amazon.com/dp/B076Z6PVVQ,4.5,7002.0,sand & sky,1.0,clay mask
B00CWTWQ04,"satin smooth satin cleanser skin preparation cleanser, 16 oz",$14.00 ($14.00 / Fl Oz),$15.89 ($15.89 / Fl Oz),https://www.amazon.com/dp/B00CWTWQ04,4.7,1337.0,satin smooth,1.0,cleanser
B0787GLBMV,"schick hydro silk touch-up exfoliating dermaplaning tool, face & eyebrow razor with precision cover- 3 count | dermaplaning razor for women",$5.94 ($1.98 / Count),$7.49 ($2.50 / Count),https://www.amazon.com/dp/B0787GLBMV,4.6,183352.0,schick hydro silk,1.0,exfoliator
B097Y83FHS,scinic enjoy super mild sun essence spf50+ pa++++ 1.69 fl oz(50ml) | a lightweight hydrating sun essence that leaves no sticky feeling | korean skincare,$7.98 ($4.72 / Fl Oz),$8.73 ($5.17 / Fl Oz),https://www.amazon.com/dp/B097Y83FHS,4.6,1030.0,scinic,1.0,sunscreen
B08661Y65N,"scotch porter exfoliating face scrub for men | facial cleanser unclogs pores & evens out skin tone | formulated with non-toxic ingredients, free of parabens, sulfates & silicones | vegan | 4oz bottle",$10.99 ($2.75 / Fl Oz),,https://www.amazon.com/dp/B08661Y65N,4.4,588.0,scotch porter,1.0,face scrub
B073P7CC78,"secret key starting treatment essence 5.24 fl.oz. (155ml) - galactomyces contained antioxidant moisturizing boosting first skin care step essece, nourushing and anti-aging care with enzyme",$20.90 ($3.99 / Fl Oz),,https://www.amazon.com/dp/B073P7CC78,4.4,1195.0,secret key,0.0,essence
B09NRGNC71,"seed spring vitamin c clay mask, green tea matcha facial mud mask with deep cleaning relaxing 4.78oz",$5.89,,https://www.amazon.com/dp/B09NRGNC71,4.3,55.0,seed spring,1.0,clay mask
B09TDMH4QD,"sekkisei treatment cleansing oil, facial cleanser & makeup remover, 10.1 ounce",$35.00 ($3.50 / Fl Oz),,https://www.amazon.com/dp/B09TDMH4QD,4.9,9.0,sekkisei,1.0,cleansing oil
B07BB3FK19,seoulceuticals korean skin care 97.5% snail mucin moisturizer cream - k beauty skincare day & night snail repair cream filtrate cruelty free 2oz,$15.95 ($7.98 / Ounce),$24.00 ($12.00 / Ounce),https://www.amazon.com/dp/B07BB3FK19,4.3,19365.0,seoulceuticals,1.0,moisturizer
B07NHZP4FW,"seraphic skincare korean exfoliating mitts (2pcs) microdermabrasion at home exfoliating gloves visibly lift away dead skin, great for spray tan removal or keratosis pilaris, made of 100% viscose fiber",$10.99 ($5.50 / Count),$13.99 ($7.00 / Count),https://www.amazon.com/dp/B07NHZP4FW,4.3,36005.0,seraphic skincare,1.0,exfoliator
B08H9ZHZ6Q,set of 2 kose softymo speedy and deep cleansing wash 230ml,$22.20 ($22.20 / Count),,https://www.amazon.com/dp/B08H9ZHZ6Q,4.7,225.0,kose cosmeport,1.0,cleansing oil
B0CCSSMY5N,"shea moisture daily hydration creme sugar body exfoliator scrub - virgin coconut oil body wash scrub with coconut milk & acacia senegal, coconut body scrub for men and women, 8 fl oz (pack of 2)",$22.98 ($1.44 / Fl Oz),$28.99 ($1.81 / Fl Oz),https://www.amazon.com/dp/B0CCSSMY5N,4.6,999.0,sheamoisture,1.0,body scrub
B07YYKZKFZ,"shea moisture lavender & wild orchid calming hand & body scrub, 12 ounce",$9.98 ($0.83 / Ounce),,https://www.amazon.com/dp/B07YYKZKFZ,4.3,32.0,sheamoisture,1.0,body scrub
B005C2NARQ,shea moisture lavender & wild orchid hand & body scrub 12 ounce (u-bb-2934),$7.77 ($0.65 / Ounce),,https://www.amazon.com/dp/B005C2NARQ,4.4,1038.0,sheamoisture,1.0,body scrub
B00A2WHOD2,"shea moisture sheamoisture coconut & hibiscus hand & body scrub, 12 oz",$14.71 ($1.23 / Ounce),,https://www.amazon.com/dp/B00A2WHOD2,4.5,342.0,sheamoisture,1.0,body scrub
B0BXB8L5W9,sheamoisture baby moisturizer manuka honey & lavender for delicate hair and skin nighttime hair and skin care regimen 8 oz,$7.18 ($0.90 / Ounce),$8.97 ($1.12 / Ounce),https://www.amazon.com/dp/B0BXB8L5W9,4.6,82.0,sheamoisture,1.0,moisturizer
B07Q9C3YTQ,sheamoisture body scrub for dull skin illuminating coconut and hibiscus cruelty-free skin care 12 oz,$9.42 ($0.78 / Ounce),,https://www.amazon.com/dp/B07Q9C3YTQ,4.4,5832.0,sheamoisture,1.0,body scrub
B0BXVCVZ6S,sheamoisture body scrub for dull skin illuminating coconut and hibiscus cruelty-free skin care 20 oz,$15.82 ($0.79 / Ounce),$17.99 ($0.90 / Ounce),https://www.amazon.com/dp/B0BXVCVZ6S,4.8,37.0,sheamoisture,1.0,body scrub
B09MZM25DP,sheamoisture even and radiant face cleanser for uneven skin tone and dark spots 3-in-1 cleansing balm with raw honey 3.2 oz,$9.29 ($2.90 / Ounce),$9.99 ($3.12 / Ounce),https://www.amazon.com/dp/B09MZM25DP,4.1,152.0,sheamoisture,1.0,cleansing balm
B00DAGQV4K,sheamoisture exfoliating facial wash and scrub for blemish prone skin african black soap to clarify skin 4 oz,$8.99 ($2.25 / Fl Oz),$10.99 ($2.75 / Fl Oz),https://www.amazon.com/dp/B00DAGQV4K,4.5,4480.0,sheamoisture,1.0,face scrub
B09YYX34ZP,"sheamoisture men, cleansing balm with shea butter, vitamin e & coconut oil to cleanse, moisturize & soften facial skin, facial cleanser for clean shaven face and beard, pack of 2 – 3.4 oz ea",$21.96 ($3.23 / Ounce),,https://www.amazon.com/dp/B09YYX34ZP,4.6,11.0,sheamoisture,1.0,cleansing balm
B0C9RXV1VY,"shiseido benefiance wrinkle smoothing eye cream - 15 ml - visibly improves five types of eye wrinkles, dark circles & puffiness - 48-hr hydration - all skin types - non-comedogenic",$65.00 ($127.45 / Ounce),,https://www.amazon.com/dp/B0C9RXV1VY,4.1,29.0,shiseido benefiance wrinkle smoothing,1.0,eye cream
B07R77BDSV,"shiseido colorgel lipbalm, dahlia 107 - lightweight, hydrating, semi-sheer color",$26.00 ($26.00 / Count),,https://www.amazon.com/dp/B07R77BDSV,4.0,34.0,"shiseido colorgel lipbalm, dahlia",1.0,lipbalm
B07GDN5WG8,shiseido perfect 6-ounce cleansing oil,$35.00 ($5.83 / Fl Oz),,https://www.amazon.com/dp/B07GDN5WG8,4.5,66.0,shiseido perfect 6-ounce cleansing,1.0,cleansing oil
B088WJPBTX,"shvyog blackhead peel off face mask, 3-in-1 blackhead remover mask with brush & tea tree oil serum, charcoal mask for deep cleansing dirts, pores, skin oil (100g+30ml)",$11.99,,https://www.amazon.com/dp/B088WJPBTX,4.2,7528.0,shvyog,1.0,cleansing oil
B0B9S81PY5,"shvyog green tea face mask, antioxidant green tea clay mask with volcanic mud, deep cleansing & moisturizing & hydrating clay facial mask for pores, blackheads, wrinkles, dirts",$11.99 ($2.27 / Ounce),,https://www.amazon.com/dp/B0B9S81PY5,4.4,1134.0,shvyog,1.0,clay mask
B08YRD11VS,"shvyog turmeric vitamin c clay mask, facial mask with kaolin clay and turmeric for dark spots, skin care for controlling oil and refining pores 5.29 oz",$15.25 ($2.88 / Ounce),$15.99 ($3.02 / Ounce),https://www.amazon.com/dp/B08YRD11VS,4.4,6701.0,shvyog,1.0,clay mask
B0B461YNL2,"sibba 2 pair bath gloves for shower natural loofah exfoliating wash gloves for body and face, dead skin remover, double sided microfibre shower body gloves for adults and kids",$5.59 ($1.40 / Count),,https://www.amazon.com/dp/B0B461YNL2,4.5,281.0,sibba,1.0,exfoliator
B01GFJ7BWY,"simple kind to skin cleansing oil, hydrating, 4.2 ounce",$12.99 ($3.09 / Ounce),,https://www.amazon.com/dp/B01GFJ7BWY,4.2,23.0,simple,0.0,cleansing oil
B0BBSP2JNQ,"simplyvital face moisturizer collagen cream - anti aging neck and décolleté - made in usa day & night face cream - moisturizing, lifting & recovery - 1.7oz",$22.89 ($13.46 / Fl Oz),,https://www.amazon.com/dp/B0BBSP2JNQ,4.4,5009.0,simplyvital,1.0,moisturizer
B01KLOS5KQ,"skederm korean face mask snail jelly sheet mask 10 sheets hydrating sheet mask anti-wrinkle korean skin care anti-aging sheets pack moisturizing snail secretion filtrate 30,000ppm",$21.95 ($2.20 / Count),$24.95 ($2.50 / Count),https://www.amazon.com/dp/B01KLOS5KQ,4.4,2092.0,skederm,1.0,sheet mask
B0B57PQFB7,"skin 2.0 hyaluronic acid and collagen face serum - locks in moisture, skin firming & tightening, anti-aging, hydrating facial serum - cruelty free korean skincare for all skin types - 1.69 fl. oz",$9.99 ($5.91 / Fl Oz),,https://www.amazon.com/dp/B0B57PQFB7,4.5,326.0,skin 2.0,1.0,serum
B01H6EHVK4,skin food black sugar mask wash off 3.52 fl. oz.(100g) - black sugar scrub - sugar face scrub to hydrate and nourish the skin - exfoliating sugar scrub - facial mask wash off sugar scrub,$11.00 ($3.12 / Ounce),$13.00 ($3.69 / Ounce),https://www.amazon.com/dp/B01H6EHVK4,4.6,6111.0,skin food since 1957,1.0,face scrub
B0BZGLNZQZ,"skin1004 facial sun screen, sun serum twin pack",$27.00,$34.00,https://www.amazon.com/dp/B0BZGLNZQZ,4.7,389.0,skin1004,1.0,sunscreen
B0B3G73VF5,"skin1004 hyalu-cica water-fit sun serum (sun serum, 1 pack)",$16.00 ($9.47 / Fl Oz),$17.00 ($10.06 / Fl Oz),https://www.amazon.com/dp/B0B3G73VF5,4.7,1732.0,skin1004,1.0,sunscreen
B06Y15D1LH,skin1004 madagascar centella asiatica ampoule facial serum 3.38 fl.oz(100ml),$15.00 ($4.44 / Fl Oz),$20.00 ($5.92 / Fl Oz),https://www.amazon.com/dp/B06Y15D1LH,4.6,2212.0,skin1004,1.0,serum
B07T5BN3P2,"skin1004 madagascar centella light cleansing oil 6.76 fl.oz, 200ml, pure and light oil with fresh cleansing effect, micellar cleansing hypoallergenic use",$21.00 ($2.71 / Fl Oz),,https://www.amazon.com/dp/B07T5BN3P2,4.6,207.0,skin1004,1.0,cleansing oil
B06XZV7ZGC,"skin1004 zombie pack 1 box, 8ea, hydrating",$21.00 ($21.00 / Count),$25.00 ($25.00 / Count),https://www.amazon.com/dp/B06XZV7ZGC,4.4,11219.0,skin1004,1.0,sheet mask
B00G0IKDWG,"skinmedica aha/bha exfoliating cleanser gently scrub away dead skin with exfoliating fash wash cleanser, improving the appearance of skin tone and texture, 6 fl oz",$48.00 ($8.00 / Fl Oz),,https://www.amazon.com/dp/B00G0IKDWG,4.7,2053.0,skinmedica aha/bha exfoliating cleanser,1.0,cleanser
B00TMTAOLA,"skinmedica rejuvenative moisturizer, 2 oz",$60.00 ($30.00 / Ounce),,https://www.amazon.com/dp/B00TMTAOLA,4.6,796.0,"skinmedica rejuvenative moisturizer, 2",1.0,moisturizer
B07SCJ445R,"skinmedica tns advanced+ serum our premium facial skin care product, the secret to flawless skin. age-defying face serum for women is proven to address wrinkles and fine lines for glowing skin, 1 oz",$295.00,,https://www.amazon.com/dp/B07SCJ445R,4.2,638.0,skinmedica tns advanced+ serum,1.0,serum
B01LDF2KB2,"sky organics organic lip balm with beeswax and a rich nourishing blend of plant oils, moisturizing lips balms to lock in moisture and keep lips feeling soft and smooth, six assorted flavors, 6 pk.",$9.95,,https://www.amazon.com/dp/B01LDF2KB2,4.6,14666.0,sky organics,1.0,lipbalm
B09B9XV2D7,"sleep eye mask for women men- soft foam comfortable sleeping mask, eye cover blindfold at night block out light eye shade cover for travel yoga nap, black",$9.98 ($9.98 / Count),$12.98 ($12.98 / Count),https://www.amazon.com/dp/B09B9XV2D7,4.7,1282.0,sleep eye mask for,1.0,eye mask
B08KYC12JY,"slick- exfoliating gloves, 4 pcs, skin exfoliator for body, shower gloves, scrub gloves exfoliating, exfoliating body scrub gloves, loofah glove, exfoliation mitt, bath gloves",$6.95 ($1.74 / Count),,https://www.amazon.com/dp/B08KYC12JY,4.5,3042.0,slick solutions,1.0,exfoliator
B07Y16SJHK,"snail honey jelly face sheet mask 10,000 ppm snail mucin w/ honey 10 hydrogel-coated tencel sheets dehydrated dry sensitive skin intense hydration nourishing korean skin care women men, jin jung sung",$14.99 ($1.50 / Count),,https://www.amazon.com/dp/B07Y16SJHK,4.6,195.0,credithink,1.0,sheet mask
B088S8GMWP,sol de janeiro bum bum body scrub 220g/7.8 oz.,$42.00 ($5.45 / Ounce),,https://www.amazon.com/dp/B088S8GMWP,4.7,1588.0,sol de janeiro,1.0,body scrub
B07FQTDGS9,"solrx sport spf 50 sunscreen, oxybenzone free, broad spectrum uva/uvb, fragrance free, reef friendly",$15.99 ($4.70 / Fl Oz),,https://www.amazon.com/dp/B07FQTDGS9,4.6,188.0,solrx,1.0,sunscreen
B08DG5RTH8,"soo'ae hemp dreams cleansing oil - hemp seed oil cleanser makeup remover daily makeup cleansing oil facial cleanser, 4.05 fl. oz 120 ml daily blackhead remover face wash, hydrating, k beauty, all skin oil based cleanser",$9.95 ($2.45 / Fl Oz),$19.00 ($4.68 / Fl Oz),https://www.amazon.com/dp/B08DG5RTH8,4.4,14.0,sooae,1.0,cleansing oil
B077XNVQFK,"spa redi - clay mask, sensual rose, 128 oz - pedicure and body deep cleansing, skin pore purifying, detoxifying and hydrating - natural bentonite clay, infused with",$42.60 ($0.33 / Ounce),$49.99 ($0.39 / Ounce),https://www.amazon.com/dp/B077XNVQFK,5.0,7.0,spa redi,1.0,clay mask
B0CFG2ZNM4,"spascriptions hyaluronic acid exfoliating body scrub, 21 oz, ultra hydrating and exfoliating scrub for nourishing essential body care",$7.99 ($0.38 / Ounce),,https://www.amazon.com/dp/B0CFG2ZNM4,,,spascriptions,1.0,body scrub
B0CFG2B7N2,"spascriptions lavender & melatonin calming body scrub, 21 oz, ultra hydrating and exfoliating scrub for nourishing essential body care",$7.99 ($0.38 / Ounce),,https://www.amazon.com/dp/B0CFG2B7N2,,,spascriptions,1.0,body scrub
B079Z3Y9XG,st ives 150ml radiant skin pink lemon & orange scrub (packaging may vary),$5.21 ($1.03 / Fl Oz),,https://www.amazon.com/dp/B079Z3Y9XG,4.5,1279.0,st. ives,1.0,face scrub
B0036Y10K6,st ives gentle apricot facial scrub 150ml,$4.69 ($0.93 / Fl Oz),,https://www.amazon.com/dp/B0036Y10K6,4.6,1032.0,st ives gentle apricot,1.0,face scrub
B07QHXL3WV,st ives nourished & smooth oatmeal scrub + mask 170g-walnut shell powder gently buffs away dull skin when used as a face scrub,$6.47 ($1.08 / ounce),$6.97 ($1.16 / ounce),https://www.amazon.com/dp/B07QHXL3WV,4.6,42.0,st ives nourished &,1.0,face scrub
B00M8G8WKY,"st. ives blackhead clearing face scrub clears blackheads & unclogs pores green tea & bamboo with oil-free salicylic acid acne medication, made with 100% natural exfoliants 6 oz",$4.97 ($0.83 / Ounce),,https://www.amazon.com/dp/B00M8G8WKY,4.6,16304.0,st. ives,1.0,face scrub
B00TUPLLP4,st. ives fresh skin invigorating apricot scrub 6 oz (2 pack) by st. ives,$9.99 ($0.83 / Ounce),$11.00 ($0.92 / Ounce),https://www.amazon.com/dp/B00TUPLLP4,4.7,1498.0,st. ives fresh skin,1.0,face scrub
B08PF9GG23,"st. ives gentle smoothing face scrub our gentlest scrub yet rose water & aloe vera made with 100% natural exfoliants, paraben free, oil-free, dermatologist tested 6 oz 6 count",$24.76 ($0.69 / Ounce),$29.94 ($0.83 / Ounce),https://www.amazon.com/dp/B08PF9GG23,4.7,720.0,st. ives,1.0,face scrub
B01HAFYLDE,"st. ives naturally clear apricot scrub, blemish control 6 oz (pack of 2)",$9.73 ($0.81 / Ounce),,https://www.amazon.com/dp/B01HAFYLDE,4.8,1319.0,st. ives,1.0,face scrub
B00GTC1HG4,st. ives radiant skin face scrub for dull skin pink lemon and mandarin orange dermatologist-tested face wash scrub with 100 percent natural exfoliants 6 oz,$5.16 ($0.86 / Ounce),,https://www.amazon.com/dp/B00GTC1HG4,4.4,9637.0,st. ives,1.0,face scrub
B079JVY2V4,"st. ives skin care sheet mask, glow apricot, 6 count",$5.94 ($0.99 / Count),$13.99 ($2.33 / Count),https://www.amazon.com/dp/B079JVY2V4,4.3,99.0,st. ives,1.0,sheet mask
B0BTHS5629,"strawberry clay mask for face, pink clay facial mask skin care improve blackheads acne dark spots, deep cleansing face mask control oil and refining pores, 4.2 oz (strawberry)",$9.99 ($2.38 / Ounce),,https://www.amazon.com/dp/B0BTHS5629,4.8,14.0,tamoskiny,1.0,clay mask
B07NN8WFGR,"strivectin advanced acids hyaluronic tripeptide gel cream for eyes, intense hydration & blue light neutralizer, 0.5 fl oz",$32.50 ($65.00 / Fl Oz),$65.00 ($130.00 / Fl Oz),https://www.amazon.com/dp/B07NN8WFGR,4.5,682.0,strivectin advanced acids hyaluronic,1.0,eye cream
B089TPYFX3,"strivectin advanced resurfacing daily reveal exfoliating face pads, visibly smooths & brightens skin, reduces blackheads 60 ct",$45.00 ($0.75 / Count),,https://www.amazon.com/dp/B089TPYFX3,4.6,315.0,strivectin advanced resurfacing daily,1.0,exfoliator
B09NY7SY7C,"sulwhasoo gentle lightweight, silky texture korean double cleansing oil to melt away waterproof makeup, 1.69 fl. oz.",$13.00 ($7.69 / Fl Oz),,https://www.amazon.com/dp/B09NY7SY7C,4.4,814.0,"sulwhasoo gentle lightweight, silky",1.0,cleansing oil
B071K85NQ8,"sun bum ocean mint cocobalm | hydrating lip balm with aloe | paraben free, silicone free,| 0.15oz stick",$3.99,,https://www.amazon.com/dp/B071K85NQ8,4.6,2143.0,sun bum,1.0,lipbalm
B01C64NN8I,sun bum original moisturizing sunscreen spray spf 30 | vegan and reef friendly | octinoxate & oxybenzone free | broad spectrum uva/uvb sunscreen,$55.00 ($3.06 / Fl Oz),,https://www.amazon.com/dp/B01C64NN8I,4.8,850.0,sun bum,1.0,sunscreen
B007MV4BQY,sun bum original spf 30 sunscreen face stick | vegan and hawaii 104 reef act compliant (octinoxate & oxybenzone free) broad spectrum moisturizing uva/uvb sunscreen with vitamin e | .45 oz,$9.66 ($21.47 / Ounce),$12.49 ($27.76 / Ounce),https://www.amazon.com/dp/B007MV4BQY,4.6,13486.0,sun bum,1.0,sunscreen
B004XGPMFA,sun bum original spf 30 sunscreen lotion | vegan and hawaii 104 reef act compliant (octinoxate & oxybenzone free) broad spectrum moisturizing uva/uvb sunscreen with vitamin e | 8 oz,$16.49 ($2.06 / Fl Oz),$18.49 ($2.31 / Fl Oz),https://www.amazon.com/dp/B004XGPMFA,4.8,19176.0,sun bum,1.0,sunscreen
B07B685MFG,sun bum original spf 50 sunscreen face lotion | vegan and hawaii 104 reef act compliant (octinoxate & oxybenzone free) broad spectrum fragrance-free moisturizing uva/uvb sunscreen with vitamin e|3oz,$15.49 ($5.16 / Fl Oz),,https://www.amazon.com/dp/B07B685MFG,4.6,12932.0,sun bum,1.0,sunscreen
B00WTHV0KQ,sun bum original spf 50 sunscreen lotion | vegan and hawaii 104 reef act compliant (octinoxate & oxybenzone free) broad spectrum moisturizing uva/uvb sunscreen with vitamin e | 6 oz,$11.00 ($1.83 / Fl Oz),$14.99 ($2.50 / Fl Oz),https://www.amazon.com/dp/B00WTHV0KQ,4.8,8010.0,sun bum,1.0,sunscreen
B004XGLDTY,sun bum original spf 50 sunscreen spray |vegan and hawaii 104 reef act compliant (octinoxate & oxybenzone free) broad spectrum moisturizing uva/uvb sunscreen with vitamin e | 6 oz,$16.61 ($2.77 / Ounce),$18.49 ($3.08 / Ounce),https://www.amazon.com/dp/B004XGLDTY,4.8,21171.0,sun bum,1.0,sunscreen
B07HFBQ2NH,"sunday riley ceramic slip cleanser,5 fl oz (pack of 1)",$35.00 ($7.00 / Fl Oz),,https://www.amazon.com/dp/B07HFBQ2NH,4.7,890.0,sunday riley ceramic slip,1.0,cleanser
B014RFUHE2,"supergoop! city serum, 2 fl oz - spf 30 pa+++ anti-aging morning lotion - lightweight, antioxidant-rich formula - hydrating vitamin serum for face - prep & protect with vitamin e & b5 - great for guys",$44.00 ($22.00 / Fl Oz),,https://www.amazon.com/dp/B014RFUHE2,4.5,796.0,supergoop!,1.0,serum
B0B3ZQ63PM,supergoop! every. single. face. watery lotion - 1.7 fl oz - broad spectrum spf 50 pa++++ sunscreen lotion - water & sweat resistant - all skin types,$34.00 ($20.00 / Fl Oz),,https://www.amazon.com/dp/B0B3ZQ63PM,4.6,265.0,supergoop!,1.0,sunscreen
B087HBVDYT,"supergoop! play antioxidant body mist w/ vitamin c, 6 fl oz - spf 50 pa++++ broad spectrum sunscreen - body spray for sensitive skin - clean ingredients - great for active days",$21.00 ($3.50 / Ounce),,https://www.amazon.com/dp/B087HBVDYT,4.5,2543.0,supergoop!,1.0,sunscreen
B087H5FFGK,supergoop! play everyday lotion spf 50 18.0 oz/ 532 ml,$68.00 ($3.78 / Fl Oz),,https://www.amazon.com/dp/B087H5FFGK,4.6,7457.0,supergoop!,1.0,sunscreen
B08JZJK1QL,"supergoop! play spf 50 antioxidant body mist w/vitamin c, 6 fl oz - 2 pack - broad spectrum sunscreen spray - clean ingredients for sensitive skin - great for active days",$42.00 ($3.50 / Fl Oz),,https://www.amazon.com/dp/B08JZJK1QL,4.3,918.0,supergoop!,1.0,sunscreen
B08CFVM1TT,"supergoop! unseen sunscreen - spf 40-1.7 fl oz - invisible, broad spectrum face sunscreen - weightless, scentless, and oil free - for all skin types and skin tones",$38.00 ($22.35 / Fl Oz),,https://www.amazon.com/dp/B08CFVM1TT,4.6,14089.0,supergoop!,1.0,sunscreen
B07KPRQZC8,"suprance green tea matcha eye mask under eye patches treatment for dark circles, eye bags, puffiness - anti-wrinkle with hyaluronic acid and collagen - 30 pairs/60 pcs.",$14.79 ($0.49 / Count),,https://www.amazon.com/dp/B07KPRQZC8,4.2,4065.0,suprance,1.0,eye mask
B08DHRS2L6,sweet chef turmeric + vitamin c booster eye cream - hydrating eye cream to help the look of dark circles + puffiness - moisturizing gel-cream for sensitive under-eye skin (15ml / 0.5 oz),$17.99 ($35.98 / Ounce),,https://www.amazon.com/dp/B08DHRS2L6,4.2,865.0,sweet chef,1.0,eye cream
B072ZYGB95,"tailaimei exfoliating brush for ingrown hair treatment - to treat and prevent bikini bumps, razor bumps - silky smooth skin solution for men and women",$5.99,,https://www.amazon.com/dp/B072ZYGB95,4.0,5182.0,tailaimei,1.0,exfoliator
B0C4NWGVTF,"taimand under eye patches (30 pairs), 24k gold under eye mask for puffy eyes, dark circles,bags and wrinkles with collagen,relieves pressure and reduces wrinkles,revitalises and refreshes your skin",$9.99 ($0.33 / Count),$15.99 ($0.53 / Count),https://www.amazon.com/dp/B0C4NWGVTF,4.7,151.0,taimand,1.0,eye mask
B078VTKKV1,"tatcha the deep cleanse | deep, gentle exfoliating cleanser, lifts dirt, minimizes excess oil & unclogs & tightens pores, 150 ml | 5 oz",$40.00 ($8.00 / Ounce),,https://www.amazon.com/dp/B078VTKKV1,4.7,2353.0,tatcha the deep cleanse,1.0,cleanser
B09QBB8ZL4,"tatcha the dewy skin cream | rich cream to hydrate, plump and protect dry and combo skin, 50 ml | 1.7 oz",$72.00 ($42.35 / Ounce),,https://www.amazon.com/dp/B09QBB8ZL4,4.7,1759.0,tatcha the dewy skin,1.0,moisturizer
B07F1ZMLK3,"tatcha the essence | oil-free moisturizing and skin softening serum infused with green tea, 150ml | 5.1 oz",$110.00 ($21.57 / Fl Oz),,https://www.amazon.com/dp/B07F1ZMLK3,4.5,346.0,tatcha the essence |,1.0,essence
B0CC6ZNKF3,"tatcha the indigo cleansing balm | gentle moistuirizing cleanser, fragrance-free, buttery-soft balm that melts to gently cleanse & remove makeup | 1.9 oz",$38.00 ($20.00 / Ounce),,https://www.amazon.com/dp/B0CC6ZNKF3,4.8,24.0,tatcha the indigo cleansing,1.0,cleansing balm
B08XM8LZ2V,"tatcha the rice wash | soft cream cleanser washes away buildup without stripping skin for a soft, luminous complexion | 4 oz",$40.00 ($10.00 / Fl Oz),,https://www.amazon.com/dp/B08XM8LZ2V,4.7,1926.0,tatcha the rice wash,1.0,cleanser
B072NNC2LR,"tatcha the water cream | oil-free, optimal hydration moisturizer for pure poreless skin, 50 ml | 1.7 oz",$72.00 ($42.35 / Fl Oz),,https://www.amazon.com/dp/B072NNC2LR,4.6,3526.0,tatcha the water cream,1.0,moisturizer
B09SXXDQ3C,tea tree body scrub exfoliator - dead sea salt scrub body exfoliator with nourishing tea tree oil for skin - deep exfoliating foot scrub for pedicure and invigorating dry skin exfoliator for body care,$9.95 ($1.00 / Ounce),,https://www.amazon.com/dp/B09SXXDQ3C,4.3,858.0,maple holistics,1.0,body scrub
B017L8ZUJE,"tea tree oil exfoliating scrub with bamboo charcoal, neem oil & natural pumice by oleavine theratree",$14.70 ($2.45 / Fl Oz),,https://www.amazon.com/dp/B017L8ZUJE,4.6,3129.0,oleavine,1.0,exfoliator
B08GJJGY1Y,"teami beauty facial mask - moisturizing face mask skin care - anti acne & blackhead remover with butterfly pea flower & kaolin clay - deep cleansing face mask for oily, dry, or sensitive skin",$24.99 ($3.97 / Ounce),$36.00 ($5.71 / Ounce),https://www.amazon.com/dp/B08GJJGY1Y,4.3,258.0,teami,1.0,clay mask
B0BPJ516Y4,"thayers milky hydrating face cleanser with snow mushroom and hyaluronic acid, dermatologist recommended gentle facial wash and hydrating skincare for dry and sensitive skin, paraben free, 8 fl oz",$13.98 ($1.75 / Fl Oz),$14.99 ($1.87 / Fl Oz),https://www.amazon.com/dp/B0BPJ516Y4,4.6,1231.0,thayers,1.0,cleanser
B06XSYHXB6,"the better skin co. | lava magik face cleanser / face scrub and facial mask | exfoliating french volcanic lava | pore cleansing, blackhead reducing, skin tightening cream | 4 oz",$12.50,,https://www.amazon.com/dp/B06XSYHXB6,4.6,1179.0,the better skin co.,1.0,face scrub
B002K8OEHK,"the body shop tea tree skin clearing clay mask – purifying, refreshing mask for oily, blemished skin – vegan – 3.85 oz",$21.99,,https://www.amazon.com/dp/B002K8OEHK,4.5,2806.0,the body shop,0.0,clay mask
B0081S5OIG,"the face shop real nature face mask 15 pieces variety bundle | naturally derived,mild formula without additives & high adhesiveness | k beauty facial sheet skincare | avocado,aloe,honey,lemon,etc",$30.00 ($2.00 / Count),,https://www.amazon.com/dp/B0081S5OIG,4.6,2424.0,the face shop real,1.0,sheet mask
B00809ERAM,"the face shop rice water bright face wash, facial cleanser for sensitive, normal & oily skin, gentle hydrating daily face cleansing oil, 5.0 fl oz (1 pack)",$15.00 ($3.00 / Fl Oz),,https://www.amazon.com/dp/B00809ERAM,4.4,10905.0,the face shop rice,1.0,cleansing oil
B07GLNN427,"the inkey list caffeine eye cream, reduce eye puffiness and dark circle, blur fine lines, 0.5 fl oz",$10.99 ($21.98 / Fl Oz),,https://www.amazon.com/dp/B07GLNN427,4.2,2142.0,the inkey list,1.0,eye cream
B09MRD8GPW,"the inkey list collagen peptide serum, face serum to plump and firm skin, reduce fine lines and wrinkles, 1.01 fl oz",$12.99,,https://www.amazon.com/dp/B09MRD8GPW,4.4,534.0,the inkey list,1.0,serum
B09235WDY6,"the inkey list fulvic acid brightening cleanser, gel face cleanser gently exfoliates and removes makeup, improves uneven skin tone, 5.07 fl oz",$11.99 ($2.36 / Fl Oz),,https://www.amazon.com/dp/B09235WDY6,4.3,559.0,the inkey list,1.0,cleanser
B08GJ58Z6M,"the inkey list oat cleansing balm, rich balm removes makeup and impurities, reduces redness, 5.0 fl oz",$11.99 ($2.40 / Fl Oz),,https://www.amazon.com/dp/B08GJ58Z6M,4.3,2322.0,the inkey list,1.0,cleansing oil
B09TZDXTRT,the inkey list omega water cream oil-free moisturizer + niacinamide 1.7 oz/ 50 ml,$10.99 ($6.50 / Fl Oz),,https://www.amazon.com/dp/B09TZDXTRT,4.4,850.0,the inkey list,1.0,moisturizer
B07X4G39YM,"the inkey list salicylic acid cleanser, face wash for acne, blackheads, oily skin and breakouts, safe for all skin types, 5.0 fl oz",$11.99 ($2.36 / Fl Oz),,https://www.amazon.com/dp/B07X4G39YM,4.4,1454.0,the inkey list,1.0,cleanser
B00KICLD3S,"the naked bee lip balm in orange blossom honey, grapefruit blossom honey, and pomegranate & honey, 0.15 oz, 3 pack",$12.99 ($4.33 / Count),,https://www.amazon.com/dp/B00KICLD3S,4.7,722.0,nuonove,1.0,lipbalm
B07QFHZZZL,the ordinary face serum set! caffeine solution 5%+egcg! hyaluronic acid 2%+b5! niacinamide 10% + zinc 1%! help fight visible blemishes and improve the look of skin texture&radiance,$31.25,,https://www.amazon.com/dp/B07QFHZZZL,4.6,5442.0,the ordinary,1.0,serum
B07X7WLCJ5,"the ordinary facial treatment set! includes vitamin c cream, hyaluronic acid serum and niacinamide serum! brightens, hydrates and reduces skin blemishes! vegan, paraben free & cruelty free!",$30.45,,https://www.amazon.com/dp/B07X7WLCJ5,4.5,5177.0,the ordinary,1.0,serum
B07S38D8GR,"the seaweed bath co. body scrub, eucalyptus & peppermint, hydrating, exfoliating, natural organic bladderwrack seaweed, paraben free, 6 oz.",$9.09 ($1.52 / Ounce),$12.99 ($2.16 / Ounce),https://www.amazon.com/dp/B07S38D8GR,4.3,382.0,the seaweed bath co.,1.0,body scrub
B0CFM8LGB2,"the spathecary brown sugar + honey smoothing body scrub, 21 oz, ultra hydrating and exfoliating scrub for nourishing essential body care",$7.99 ($0.38 / Ounce),,https://www.amazon.com/dp/B0CFM8LGB2,4.8,14.0,the spathecary,1.0,body scrub
B00FJ2LU2Q,thefaceshop rice water bright foam cleanser 150ml,$12.00 ($2.35 / Fl Oz),,https://www.amazon.com/dp/B00FJ2LU2Q,4.5,16344.0,thefaceshop rice water bright,1.0,cleanser
B004CDQ73K,"thinkbaby spf 50+ baby sunscreen – safe, natural sunblock for babies - water resistant sun cream – broad spectrum uva/uvb sun protection – vegan mineral sun lotion, 3 oz.",$11.50 ($3.83 / Ounce),$14.49 ($4.83 / Ounce),https://www.amazon.com/dp/B004CDQ73K,4.7,19643.0,think,1.0,sunscreen
B0BMT7ZDSL,"thrive causemetics liquid lip balm lip treatment 6.4ml (original lip treatment (light citrus)), clear pink",$12.99 ($59.05 / Ounce),,https://www.amazon.com/dp/B0BMT7ZDSL,4.3,45.0,thrive causemetics,1.0,lipbalm
B0CGCCR1NH,thunder tech kose softymo speedy cleansing oil bottle 230ml makeup removerjapan direct import,$14.80 ($1.83 / Fl Oz),,https://www.amazon.com/dp/B0CGCCR1NH,,,thunder tech,1.0,cleansing oil
B08CYF3W8Z,"tiege hanley exfoliating scrub for men (scrub) | facial exfoliant that clears pores and removes dead skin cells | refreshing and cooling | reduces inflammation | helps renew, soothe & repair | exfoliate & use twice weekly | for dry or sensitive skin | unscented | 2 ounces",$13.99 ($13.99 / Count),,https://www.amazon.com/dp/B08CYF3W8Z,4.6,374.0,tiege hanley,1.0,exfoliator
B00WFFH6GY,timeless coenzyme q10 serum unisex 1 oz,$18.89,$27.95,https://www.amazon.com/dp/B00WFFH6GY,4.6,4051.0,timeless skin care,1.0,serum
B019QQR0JW,timeless skin care matrixyl synthe’6 serum - 1 oz,$18.39,$27.95,https://www.amazon.com/dp/B019QQR0JW,4.7,2695.0,timeless skin care,1.0,serum
B07WL1YWTM,"tonymoly all you need mask set, radiance, elasticity, hydration and pore care, professional skin care",$25.00 ($4.17 / Count),,https://www.amazon.com/dp/B07WL1YWTM,4.8,721.0,tonymoly all you need,1.0,sheet mask
B01M2Y67L0,"tonymoly i'm real moisturizing aloe mask sheet, pack of 1",$3.00,,https://www.amazon.com/dp/B01M2Y67L0,4.6,1534.0,tonymoly i'm real moisturizing,1.0,sheet mask
B07RFQBXPW,"tonymoly i'm real sheet mask, pack of 10",$26.00 ($2.60 / Count),,https://www.amazon.com/dp/B07RFQBXPW,4.7,1643.0,tonymoly i'm real sheet,1.0,sheet mask
B08N3LPV8B,tonymoly i'm rice clarifying blemish clay mask,$13.20 ($3.91 / Fl Oz),$15.00 ($4.44 / Fl Oz),https://www.amazon.com/dp/B08N3LPV8B,4.6,312.0,tonymoly i'm rice clarifying,1.0,clay mask
B07B3299ZV,"tonymoly wonder apricot deep cleansing oil, 7.9 oz",$16.50 ($2.09 / Ounce),$19.75 ($2.50 / Ounce),https://www.amazon.com/dp/B07B3299ZV,4.6,423.0,tonymoly wonder apricot deep,1.0,cleansing oil
B08TBJY2DP,"torriden dive-in hyaluronic acid facial sheet masks (10 count), moisturizing sheet mask for sensitive, dry skin | fragrance-free alcohol-free no colorants | vegan, cruelty-free korean skin care",$33.00 ($3.30 / Count),,https://www.amazon.com/dp/B08TBJY2DP,4.7,49.0,torriden,1.0,sheet mask
B07WZ2YTDP,"torriden dive-in low-molecular hyaluronic acid serum, 1.69 fl oz | fragrance-free face serum for dry, dehydrated, oily skin | vegan, clean, cruelty-free korean skin care",$24.00 ($14.20 / Fl Oz),,https://www.amazon.com/dp/B07WZ2YTDP,4.5,623.0,torriden,1.0,serum
B07JBPHDVS,total under eye cream for wrinkles | moisturizing caffeine eye cream anti aging serum and avocado eye wrinkle cream with hyaluronic acid vitamin c and e | hydrating eye cream for men and women,$27.95,,https://www.amazon.com/dp/B07JBPHDVS,4.1,7154.0,pure biology,1.0,eye cream
B001ABLKK2,"toyo - cure aqua gel - facial/full-body peeling gel, water-based exfoliator, dead skin remover for bright, youthful skin, 8.5 oz.",$25.90 ($3.06 / Fl Oz),$36.90 ($4.37 / Fl Oz),https://www.amazon.com/dp/B001ABLKK2,4.5,7731.0,natural aqua gel cure,1.0,exfoliator
B07PR467S5,"tree hut shea sugar scrub coco colada, 18 oz, ultra hydrating and exfoliating scrub for nourishing essential body care",$7.94 ($0.44 / Ounce),$18.99 ($1.06 / Ounce),https://www.amazon.com/dp/B07PR467S5,4.7,52416.0,tree hut,1.0,exfoliator
B007DGRT3K,"tree hut shea sugar scrub tropical mango, 18oz, ultra hydrating and exfoliating scrub for nourishing essential body care",$16.55 ($0.92 / Ounce),,https://www.amazon.com/dp/B007DGRT3K,4.7,91852.0,tree hut,0.0,exfoliator
B07VW3YSWH,"tree hut vitamin c shea sugar scrub, 18 oz, ultra hydrating and exfoliating scrub for nourishing essential body care",$7.94 ($0.44 / Ounce),$8.99 ($0.50 / Ounce),https://www.amazon.com/dp/B07VW3YSWH,4.7,8618.0,tree hut,1.0,exfoliator
B0BQ3PRDF6,tree of life advanced regimen - 4ct x 1 fl oz - niacinamide serum (refine) + vitamin c serum (brightens) + retinol serum (smooths) + hyaluronic acid serum (hydrates) - face serums,$34.99 ($8.75 / Fl Oz),,https://www.amazon.com/dp/B0BQ3PRDF6,4.4,68887.0,tree of life beauty,1.0,serum
B08147245F,"tree of life vitamin c brightening serum and hyaluronic acid hydrating serum, smooth sailing facial serum duo, renewing and smoothing for face, clean dermatologist-tested skin care, 2 count x 1 fl oz",$15.49 ($7.74 / Fl Oz),$19.49 ($9.74 / Fl Oz),https://www.amazon.com/dp/B08147245F,4.6,2440.0,tree of life beauty,1.0,serum
B00S2G786S,"tree of life vitamin c serum for face - 1 fl oz skin care serums - moisturizing vitamin e for brightening & smoothing dry skin, anti-aging, wrinkles & dark spot, sensitive skin - dermatologist-tested",$15.49,$19.49,https://www.amazon.com/dp/B00S2G786S,4.4,32452.0,tree of life beauty,1.0,serum
B014PGEEO2,"tree of life vitamin c, retinol and hyaluronic acid serum trio for brightening, firming, & hydrating",$29.99 ($10.00 / Fl oz),,https://www.amazon.com/dp/B014PGEEO2,4.4,68887.0,tree of life beauty,1.0,serum
B07R55ZLXB,"tree to tub bentonite clay face mask for dry, oily, sensitive skin - exfoliating & pore cleansing activated charcoal mud mask for women & men, moisturizing facial mask w/vitamin c, green tea, pumpkin",$17.99 ($9.00 / Fl Oz),,https://www.amazon.com/dp/B07R55ZLXB,4.3,636.0,tree to tub,1.0,clay mask
B09GF23JSY,"true botanicals - natural ginger turmeric cleansing balm | clean, non-toxic, natural skincare (3.4 oz | 100 ml)",$48.00 ($14.12 / Ounce),,https://www.amazon.com/dp/B09GF23JSY,4.4,87.0,true botanicals,1.0,cleansing balm
B08DCD5MRW,"truskin face serum duo – retinol serum for face & vitamin c serum – anti aging skin care set for women – skin care for bright, smooth, & firm skin – 1 fl oz, 2 bottles",$34.99 ($17.50 / Fl Oz),,https://www.amazon.com/dp/B08DCD5MRW,4.4,3058.0,truskin naturals,1.0,serum
B016LBICJW,"truskin vitamin c cleanser for face - brightening face wash with vitamins c & e, rosehip oil, aloe vera and msm - deep clean and refresh for radiant, healthy-looking skin, 4 fl oz",$13.19 ($3.30 / Fl Oz),$15.99 ($4.00 / Fl Oz),https://www.amazon.com/dp/B016LBICJW,4.3,6915.0,truskin naturals,1.0,cleanser
B01M4MCUAF,"truskin vitamin c serum for face – anti aging face & eye serum with vitamin c, hyaluronic acid, vitamin e – brightening serum for dark spots, even skin tone, eye area, fine lines & wrinkles, 1 fl oz",$21.97,$29.99,https://www.amazon.com/dp/B01M4MCUAF,4.3,138322.0,truskin naturals,1.0,serum
B01KMSTCWG,"truskin vitamin c-plus super serum, anti aging anti-wrinkle facial serum with niacinamide, retinol, hyaluronic acid, and salicylic acid, 1 oz",$24.79,$29.95,https://www.amazon.com/dp/B01KMSTCWG,4.5,11851.0,truskin naturals,1.0,serum
B07ZJTM9SJ,"tula skin care #nomakeup replenishing cleansing oil | oil cleanser and makeup remover, gently clean and remove stubborn makeup and residue | 4.7 oz.",$32.00 ($6.81 / Fl Oz),,https://www.amazon.com/dp/B07ZJTM9SJ,4.4,232.0,tula,1.0,cleansing oil
B07XCYBCCN,"tula skin care 24-7 hydrating day & night cream - anti-aging moisturizer for face, contains watermelon & blueberry extract, 1.5oz",$46.00 ($30.67 / Ounce),$54.00 ($36.00 / Ounce),https://www.amazon.com/dp/B07XCYBCCN,4.7,2528.0,tula,1.0,moisturizer
B07RY5WH22,"tula skin care so polished exfoliating sugar scrub | face scrub, gently exfoliates with sugar, papaya, and probiotic extracts for a softer and radiant-looking complexion | 2.9 oz.",$34.00 ($11.64 / Ounce),,https://www.amazon.com/dp/B07RY5WH22,4.7,1016.0,tula,1.0,exfoliator
B07W6XK6HY,"tula skin care super calm gentle milk cleanser | nourishing and calming for sensitive skin with colloidal oatmeal, cucumber & ginger | 5 fl. oz.",$34.00 ($6.80 / Fl Oz),,https://www.amazon.com/dp/B07W6XK6HY,4.6,458.0,tula,1.0,cleanser
B01BQQUFQU,"tula skin care supersize cult classic purifying face cleanser - gentle and effective, makeup remover, nourishing and hydrating, 6.7oz",$29.20 ($4.36 / Ounce),$34.00 ($5.07 / Ounce),https://www.amazon.com/dp/B01BQQUFQU,4.7,5414.0,tula,1.0,cleanser
B093SJ2GBV,"turmeric clay stick mask, organic, vitamin c purifying mask for blackhead cleansing, healing, clay mud mask for deep clean pore, improve skin acne scars facial mask with blackhead remover extractor tools",$9.99 ($7.08 / Ounce),,https://www.amazon.com/dp/B093SJ2GBV,4.0,2082.0,pop modern.c,1.0,clay mask
B0C73G1P3H,turmeric lemon body scrub - natural exfoliating salt scrub for hands and body | for all skin types | gentle exfoliation | 3.53 oz,$14.99 ($4.26 / Ounce),,https://www.amazon.com/dp/B0C73G1P3H,4.4,23.0,motor city organics,1.0,body scrub
B0CB88MHM3,"ucanbe cleansing balm makeup remover, natural gentle, deep cleaning, makeup cleansing balm for waterproof eye face lip makeup, 3.17oz, made for all skin types",$13.99 ($4.41 / Fl Oz),$14.99 ($4.73 / Fl Oz),https://www.amazon.com/dp/B0CB88MHM3,4.5,24.0,ucanbe,1.0,cleansing balm
B0CHJQ2589,"under eye cream for dark circles and puffiness - korean skin care formula with niacinamide, squalane, peptide complex, caffeine eye cream anti aging - compact tube with zinc massager, cooling effect - lightweight treatment, fragrance-free, 0.7 fl oz",$19.99 ($28.56 / Fl Oz),,https://www.amazon.com/dp/B0CHJQ2589,4.8,10786.0,spring sisters,1.0,eye cream
B0C4G1YZY4,"under eye mask (gold, 6 pairs) reduce dark circles, puffy eyes, undereye bags, wrinkles - gel under eye patches, vegan cruelty-free self care by grace and stella",$11.99 ($2.00 / Count),,https://www.amazon.com/dp/B0C4G1YZY4,4.3,104.0,grace & stella,1.0,eye mask
B0BR838F3Y,"under eye masks, collagen green tea eye patches for puffy eyes, dark circles and puffiness, hydrating mask skincare, gel pads for eye bags and wrinkles under eye treatment,60 pcs (green tea)",$9.99 ($0.17 / Count),,https://www.amazon.com/dp/B0BR838F3Y,4.3,1374.0,tiepetly,1.0,eye mask
B08DG3C22G,"under eye patches (20 pairs) - golden under eye mask amino acid & collagen, under eye mask for face, dark circles and puffiness, beauty & personal care",$16.20 ($0.81 / Count),$19.97 ($1.00 / Count),https://www.amazon.com/dp/B08DG3C22G,4.3,15164.0,célor,1.0,eye mask
B0BLHFPFV9,"under eye patches for dark circles: 30 pairs enaskin naturals collagen eye gels pads - reduce wrinkles, puffy eyes, eye bags - skin treatment mask with retinol collagen - anti aging & face moisturizer for women and men (blue)",$15.99 ($0.53 / Fl Oz),,https://www.amazon.com/dp/B0BLHFPFV9,4.4,1587.0,enaskin naturals,1.0,eye mask
B0C9P1DHVG,"under eye patches for puffy eyes - collagen mask for dark circle, 60 pieces undereye pads snail secretion gel korean skincare adult antiaging cooling face forehead instant cucumber hydration women men",$15.95 ($15.95 / Count),,https://www.amazon.com/dp/B0C9P1DHVG,4.8,2505.0,olrom,1.0,eye mask
B0C9CNHMPK,"under eye patches, 24k gold collagen eye mask for puffy eyes & dark circles treatments, reduce under eye bags and smooth wrinkles, hydrating and moisturizing, eye skin care pads for beauty & personal care (𝟔𝟎𝐏𝐂𝐒 )",$11.99 ($1.89 / Fl Oz),$19.99 ($3.15 / Fl Oz),https://www.amazon.com/dp/B0C9CNHMPK,4.7,137.0,bbtfaa,1.0,eye mask
B085M98CPR,u-need 100 pcs korean face sheet mask (10 types x 10 pcs) natural facial mask sheet | tencel | skin care | made in korea | moisturizing & tightening | pigment balancing,$58.99 ($0.59 / Count),,https://www.amazon.com/dp/B085M98CPR,4.7,1663.0,u-need,1.0,sheet mask
B06XXWTV3H,"uriage xemose cleansing soothing oil | face & body daily cleanser that brings instant & long-lasting comfort to very dry skin. with glycerin & ceramides | soap-free, fragrance-free, 17 floz",$24.00 ($1.41 / Fl Oz),,https://www.amazon.com/dp/B06XXWTV3H,4.4,836.0,uriage xemose cleansing soothing,1.0,cleansing oil
B07BB4V9W9,"usda organic lip balm 6-pack by earth's daughter - fruit flavors, beeswax, coconut oil, vitamin e - best lip repair chapstick for dry cracked lips - moisturizing lip care for kids and adults",$9.95 ($11.06 / Ounce),,https://www.amazon.com/dp/B07BB4V9W9,4.6,11983.0,earth's daughter,1.0,lipbalm
B0758QB438,"valjean labs facial serum, hydrate | hyaluronic acid + vitamin b5 | helps to hydrate and plump skin and restore elasticity | paraben free, cruelty free, made in usa (1.83 oz)",$13.39 ($7.32 / Fl Oz),,https://www.amazon.com/dp/B0758QB438,4.4,1894.0,valjean labs,1.0,serum
B08BW46XXK,vanicream daily facial moisturizer with ceramides and hyaluronic acid - 3 fl oz - formulated without common irritants for those with sensitive skin,$9.96 ($3.32 / Fl Oz),$13.95 ($4.65 / Fl Oz),https://www.amazon.com/dp/B08BW46XXK,4.6,14226.0,vanicream,1.0,moisturizer
B09Y2JCYNK,vanicream gentle facial cleanser - 2.5 fl oz - formulated without common irritants for those with sensitive skin,$4.95 ($1.98 / Fl Oz),,https://www.amazon.com/dp/B09Y2JCYNK,4.7,24746.0,vanicream,1.0,cleanser
B000NWGCZ2,vanicream moisturizing skin cream with pump dispenser - 16 fl oz (1 lb) - moisturizer formulated without common irritants for those with sensitive skin,$13.43 ($0.84 / Fl Oz),$16.43 ($1.03 / Fl Oz),https://www.amazon.com/dp/B000NWGCZ2,4.7,36989.0,vanicream,1.0,moisturizer
B00S6RS6TG,vasanti brighten up! enzymatic face rejuvenator (20g) - gentle scrub brightens exfoliates cleanses skin paraben-free vegan friendly skincare,$8.00 ($11.27 / Ounce),,https://www.amazon.com/dp/B00S6RS6TG,4.5,612.0,vasanti cosmetics,1.0,face scrub
B08Y5XGM3Z,"vegan kombucha cream essence, cruelty freeㅣthe most effective all-in-one serumㅣkorean skin care contains kombucha, tea extract 78%, camellia, sunflower seed oilㅣnot tested on animals | dr.ceuracle",$32.99 ($6.51 / Fl Oz),,https://www.amazon.com/dp/B08Y5XGM3Z,4.7,773.0,dr. ceuracle,1.0,essence
B09X7JD1TJ,veraclara facial face mask | korean skin care mask… (12combo),$8.99 ($0.75 / Count),$9.99 ($0.83 / Count),https://www.amazon.com/dp/B09X7JD1TJ,4.5,361.0,veraclara,1.0,sheet mask
B0BX266SC2,"versed buff it out aha exfoliating body scrub - lactic acid & glycolic acid exfoliate - microfine pumice body exfoliator to resurface, polish, and smooth bumpy, dry skin - vegan & cruelty-free (6 oz)",$18.90 ($3.15 / Ounce),$19.99 ($3.33 / Ounce),https://www.amazon.com/dp/B0BX266SC2,4.6,85.0,versed,0.0,body scrub
B07TKQ4C7N,"versed day dissolve cleansing balm - residue-free makeup remover & milk cleanser with eucalyptus oil + vitamin e - eye safe oil based balm cleanser for all skin types - vegan, cruelty-free (2.3oz)",$18.97 ($8.25 / Ounce),,https://www.amazon.com/dp/B07TKQ4C7N,4.5,796.0,versed,1.0,cleansing balm
B07TKP8VZ2,"versed dew point gel moisturizer - lightweight moisturizer face cream with green tea extract + aloe leaf juice - fast absorbing, non-greasy hybrid facial cream for dry skin, vegan (2 fl oz)",$15.97 ($7.98 / Ounce),$17.99 ($9.00 / Ounce),https://www.amazon.com/dp/B07TKP8VZ2,4.6,1586.0,versed,1.0,moisturizer
B09NMLMXXN,"versed gentle cycle hydrating milky cleanser - lightweight daily facial wash removes makeup for moisturized skin - oat milk and marula oil nourish dry, sensitive skin - vegan (5 fl oz)",$14.97 ($2.99 / Fl Oz),,https://www.amazon.com/dp/B09NMLMXXN,4.0,115.0,versed,1.0,cleanser
B0CD6WHQ51,"vespro collagen essence sheet facial masks (48 packs), plant extract and sodium hyaluronate, skincare for all skin types, moisturizing and soothing, natural skin care spa korean face mask",$20.99 ($0.44 / Count),,https://www.amazon.com/dp/B0CD6WHQ51,4.6,21.0,vespro,1.0,sheet mask
B08L8B5JR2,"vibriance super c serum for mature skin, all-in-one formula hydrates, firms, lifts, targets age spots, wrinkles, and smooths skin, 1 fl oz (30 ml), pack of 1",$47.00,,https://www.amazon.com/dp/B08L8B5JR2,4.3,6243.0,vibriance,1.0,serum
B07Q4PY2DQ,"vichy mineral 89 eyes serum with caffeine and hyaluronic acid, moisturizing under eye cream gel to smooth fine lines and hydrate eye area, suitable for sensitive skin & fragrance free",$24.99 ($49.00 / Fl Oz),,https://www.amazon.com/dp/B07Q4PY2DQ,4.5,15653.0,vichy mineral 89 eyes,1.0,eye cream
B06XC5PQGL,"vichy mineral 89 hyaluronic acid face serum, facial gel moisturizer and pure hyaluronic acid moisturizing and hydrating serum for sensitive skin and dry skin",$29.99 ($17.75 / Fl Oz),,https://www.amazon.com/dp/B06XC5PQGL,4.6,30861.0,vichy mineral 89 hyaluronic,1.0,serum
B08KTPNXKB,victoria's secret pink honey nourishing body scrub with pure honey,$14.00 ($1.40 / Ounce),$17.95 ($1.80 / Ounce),https://www.amazon.com/dp/B08KTPNXKB,4.6,838.0,victoria's secret,1.0,body scrub
B087VVDF1G,"viking revolution all natural lip balm for men - mens lip moisturizer - lip care for men for dry, cracked, chapped lips (4pack)",$9.88 ($2.47 / Count),$14.99 ($3.75 / Count),https://www.amazon.com/dp/B087VVDF1G,4.4,735.0,viking revolution,1.0,lipbalm
B077NXGWTT,"viking revolution microdermabrasion face scrub for men - facial cleanser for skin exfoliating, deep cleansing, removing blackheads, acne, ingrown hairs - men's face scrub for pre-shave (1 pack)",$9.88 ($1.98 / Ounce),$12.88 ($2.58 / Ounce),https://www.amazon.com/dp/B077NXGWTT,4.4,5035.0,viking revolution,1.0,face scrub
B0C3L93HWG,"vitalysin caffeine eye cream for dark circles and puffiness, anti-ageing reduce wrinkles and fine lines, with caffeine, retinol, peptides and hyaluronic acid 0.7 fl oz",$15.99 ($22.84 / Fl Oz),$16.99 ($24.27 / Fl Oz),https://www.amazon.com/dp/B0C3L93HWG,4.7,156.0,vitalysin,1.0,eye cream
B0B2W4NZ2Y,vitamin c and turmeric face scrub cream organics microdermabrasion facial scrub exfoliating clears blackheads improve dark spot acne with strawberry extract exfoliator,$11.99 ($2.83 / Ounce),$14.99 ($3.54 / Ounce),https://www.amazon.com/dp/B0B2W4NZ2Y,4.3,1411.0,pop modern.c,1.0,exfoliator
B0BVRP97DV,"vitamin c face serum - ce ferulic facial serum with 15% pure l-ascorbic acid, ferulic acid, vitamin e, & hyaluronic acid - anti aging, anti wrinkle skin brightening serum, dark spot corrector, 30ml/1oz.",$19.99 ($19.99 / Fl Oz),,https://www.amazon.com/dp/B0BVRP97DV,4.8,362.0,lanmeri,1.0,serum
B07P5TMHD9,"vitamin c face serum - hyaluronic acid, ferulic acid, & vit e - anti aging facial brightening serum for skin care - timeless pure vitamin c serum for face, vit c serum oil",$15.99,$28.99,https://www.amazon.com/dp/B07P5TMHD9,4.3,22838.0,eclat skincare,1.0,serum
B0CG5LDFFN,"vitamin c serum - intensive hyaluronic acid, peptide and centella | hydrates skin for a youthful radiance | rejuvenating face serum for all skin types | 30ml (clear)",$29.90 ($29.90 / Fl Oz),,https://www.amazon.com/dp/B0CG5LDFFN,4.8,86175.0,nosecrets,1.0,serum
B01BT02Q88,"vitamin c serum for face - vitamin c facial serums with hyaluronic acid, retinol, niacinamide & salicylic acid - vitamin c face oil - skin brightening serum - anti aging, reduce wrinkles & dark spots (1 oz)",$12.99,$21.95,https://www.amazon.com/dp/B01BT02Q88,4.3,54446.0,eva naturals,1.0,serum
B08FCWHJVX,"vitamins and sea beauty, hydrating exfoliating face cleansing wash scrub, deep pore cleanser with monoi oil and sea kelp seaweed skincare, 5.1 fl oz",$9.99 ($1.96 / Fl Oz),,https://www.amazon.com/dp/B08FCWHJVX,4.7,201.0,vitamins and sea beauty,1.0,face scrub
B08FCZ2SX6,"vitamins and sea beauty, hydrating exfoliating face cleansing wash scrub, skin deep pore cleanser minimizer with sea salt and coconut skincare, 5.1 fl oz",$9.97 ($1.95 / Fl Oz),,https://www.amazon.com/dp/B08FCZ2SX6,4.7,262.0,vitamins and sea beauty,1.0,face scrub
B07TJDR8B3,viva naturals charcoal face mask set (8 pack) - collagen & hyaluronic acid face mask for skin care - moisturize and brighten with 4 varieties of facial sheet mask,$9.95 ($1.24 / Count),,https://www.amazon.com/dp/B07TJDR8B3,4.5,1243.0,viva naturals,1.0,sheet mask
B083X5R6VR,vt cosmetics daily soothing mask 30(pcs) - sheet mask | cica mask sheet | korean face mask | mask sheet wipes | redness mask sheet | soothing skin | korean skin care,$22.40 ($1.89 / Fl Oz),,https://www.amazon.com/dp/B083X5R6VR,4.4,9693.0,vt cosmetics,1.0,sheet mask
B086DTQ1WT,w7 peachy clean face cleansing balm - makeup remover with peach extract - clean oil free skin,$7.95 ($3.24 / Ounce),,https://www.amazon.com/dp/B086DTQ1WT,3.9,1389.0,w7,1.0,cleansing balm
B09NL6ZGTJ,wander beauty b.o.m voyage cleansing balm - melt away cleanser and makeup remover for eyes & face - cleansing balm makeup remover - nourishing face wash - transforming balm to oil to milk cleanser,$34.00 ($10.06 / Ounce),,https://www.amazon.com/dp/B09NL6ZGTJ,4.2,20.0,wander beauty,1.0,cleansing balm
B079VSLGHY,wander beauty baggage claim - gold foil under eye patches for dark circles and puffiness - under eye mask depuffs & firms - brightening eye mask for under eye bags (6 pairs),$25.99 ($4.33 / Count),,https://www.amazon.com/dp/B079VSLGHY,4.5,2223.0,wander beauty,1.0,eye mask
B07JKF4G32,"weleda skin food lip butter, 0.27 ounce, plant rich moisturizing lip care with sunflower seed oil, chamomile and calendula",$6.49,$6.99,https://www.amazon.com/dp/B07JKF4G32,4.3,5236.0,weleda,1.0,lipbalm
B000ORV3NC,"weleda skin food original ultra-rich body cream 2.5 fluid ounce, plant rich hydrating moisturizer with pansy, chamomile and calendula",$14.99 ($6.00 / Fl Oz),$18.50 ($7.40 / Fl Oz),https://www.amazon.com/dp/B000ORV3NC,4.5,30047.0,weleda,1.0,moisturizer
B08CMV7GX9,"wis intensive hydrating facial mask smoothing face sheet mask 24 pack, deep moisturizing with hyaluronic acid, oil control, hydrating essence sheet mask, for all skin types shrink pores firming anti-aging with collagen,",$26.99 ($4.50 / Count),,https://www.amazon.com/dp/B08CMV7GX9,4.3,24.0,+wis+,0.0,sheet mask
B08KFSX1VB,wow skin science ubtan foaming exfoliating face wash facial cleanser- face wash for oily skin with acne- face wash for women & men exfoliating facial scrub face cleanser-facial skin care product,$13.88 ($4.11 / Fl Oz),,https://www.amazon.com/dp/B08KFSX1VB,4.4,773.0,wow skin science,0.0,face scrub
B0BJ1NLKYX,"xhoon 24k gold under eye patches - 20 pairs amino acid & collagen, under eye mask for face care, dark circles and puffiness, beauty & personal care",$5.99 ($0.30 / Count),,https://www.amazon.com/dp/B0BJ1NLKYX,4.4,1396.0,xhoon,1.0,eye mask
B07D3JS7LK,"yadah cleansing balm makeup remover 3.4 fl oz - green tea face wash for sensitive skin - fragrance free, double cleanse, balm to oil.",$21.00 ($6.18 / Ounce),,https://www.amazon.com/dp/B07D3JS7LK,4.6,383.0,yadah,1.0,cleansing balm
B091J2MFHS,"yareli bentonite clay powder facial mask & detox bath, also known as indian healing clay 2lb (32oz)",$9.99 ($0.31 / Ounce),,https://www.amazon.com/dp/B091J2MFHS,4.6,1017.0,yareli,1.0,clay mask
B08NVSY45N,"yes to avocado daily eye cream, fragrance-free, hydrating & smoothing, with hyaluronic acid & omega 3, 0.5 fl oz",$9.49,$10.99,https://www.amazon.com/dp/B08NVSY45N,4.2,1351.0,yes to,1.0,eye cream
B018A0BO92,"youth to the people facial cleanser - kale and green tea cleanser - gentle face wash, makeup remover + pore minimizer for all skin types - vegan (8oz)",$39.00 ($4.88 / Fl Oz),,https://www.amazon.com/dp/B018A0BO92,4.7,6046.0,youth to the people,1.0,cleanser
B09Q327VH6,"youth to the people superberry dream cleansing balm for face- hyaluronic acid hydrating facial cleanser + makeup remover balm with moringa oil, acai - paraben + peg free vegan face balm (3.4oz)",$39.00 ($11.47 / Ounce),,https://www.amazon.com/dp/B09Q327VH6,4.3,292.0,youth to the people,1.0,cleansing balm
B09F14TY3B,youth to the people superclay purify + clear power mask with niacinamide 2.0 oz/ 60 ml,$38.00 ($19.00 / Ounce),,https://www.amazon.com/dp/B09F14TY3B,4.5,262.0,youth to the people,1.0,clay mask
B07S2FXGK5,"yuglo moisture & collagen booster lip sleeping mask - treatment to restore, hydrate & plump dry chapped lips - peach",$9.99 ($14.27 / Ounce),$19.99 ($28.56 / Ounce),https://www.amazon.com/dp/B07S2FXGK5,4.4,7586.0,yuglo,1.0,lipbalm
B098QWW43L,"zealsea turmeric clay mask for face with vitamin c for dark spots - mud mask for face clay mask for blackheads and pores face mask skin care facial skincare, 4.23 oz",$24.99 ($24.99 / Count),$39.99 ($39.99 / Count),https://www.amazon.com/dp/B098QWW43L,4.3,426.0,zealsea,1.0,clay mask
B0BQ3R8LH7,zeoclay face mask - 100% organic spa quality - pore reducer & detoxifying clay mask,$38.24 ($7.23 / Ounce),$44.99 ($8.50 / Ounce),https://www.amazon.com/dp/B0BQ3R8LH7,5.0,20.0,zeoclay,1.0,clay mask
B07S472V7D,zo skin health gentle cleanser 6.7 fl. oz.,$36.90 ($5.51 / Fl Oz),$40.97 ($6.11 / Fl Oz),https://www.amazon.com/dp/B07S472V7D,4.7,606.0,zo skin health,1.0,cleanser
B0150GNTQK,zum face sugar facial scrub - lemongrass - 4 oz,$15.25 ($3.81 / Ounce),,https://www.amazon.com/dp/B0150GNTQK,4.5,166.0,zum,1.0,face scrub
B07P8ZN5JS,"𝗧𝗢𝗣 𝟮𝟬𝟮𝟯* hyaluronic acid face serum - 2.5% pure hyaluronic serum + 3% b5, anti wrinkle + anti aging serum for face with vitamin c & e, aloe - antiaging hydrating serum, hylunaric acid serum",$9.99 ($9.99 / Fl Oz),$11.99 ($11.99 / Fl Oz),https://www.amazon.com/dp/B07P8ZN5JS,4.3,24024.0,eclat skincare,1.0,serum
B09MN49M76,"𝗪𝗜𝗡𝗡𝗘𝗥 𝟮𝟬𝟮𝟯* turmeric face mask, aztec clay mask, brightening facial treatments, 100% organic face mask, clay mask for face, reduce acne & dark spots, betty rose's botanicals skin care",$8.99 ($3.64 / Ounce),,https://www.amazon.com/dp/B09MN49M76,4.5,198.0,betty rose's botanicals,1.0,clay mask
