[
    {
        "ASIN": "B00PBX3L7K",
        "title": "COSRX Snail Mucin 96% Power Repairing Essence 3.38 fl.oz 100ml, Hydrating Serum for Face with Snail Secretion Filtrate for Dull & Damaged Skin, Not Tested on Animals, No Parabens, Korean Skincare",
        "price": "$15.92 ($4.71 / Fl Oz)",
        "listPrice": "$25.00 ($7.40 / Fl Oz)",
        "imageUrl": "https://m.media-amazon.com/images/I/314C4xFq5jL._SL160_.jpg",
        "detailPageURL": "https://www.amazon.com/dp/B00PBX3L7K",
        "rating": "4.6",
        "totalReviews": "47649",
        "subtitle": "COSRX",
        "isPrimeEligible": "1"
    },
    {
        "ASIN": "B0BSP4T13Z",
        "title": "e.l.f. SKIN Holy Hydration! Triple Bounce Serum, 1.7% Hyaluronic Acid Serum For Plump, Bouncy Skin, Great For Hydrating Dry Skin, Vegan & Cruelty-Free",
        "price": "$11.75 ($11.63 / Fl Oz)",
        "listPrice": "",
        "imageUrl": "https://m.media-amazon.com/images/I/31+EypNmjsL._SL160_.jpg",
        "detailPageURL": "https://www.amazon.com/dp/B0BSP4T13Z",
        "rating": "4.6",
        "totalReviews": "302",
        "subtitle": "e.l.f.",
        "isPrimeEligible": "1"
    },
    {
        "ASIN": "B086VKZZZY",
        "title": "Beauty of Joseon Serum Line Glow Serum Propolis + Niacinamide",
        "price": "$16.85 ($16.68 / Fl Oz)",
        "listPrice": "",
        "imageUrl": "https://m.media-amazon.com/images/I/31VV5LUzopL._SL160_.jpg",
        "detailPageURL": "https://www.amazon.com/dp/B086VKZZZY",
        "rating": "4.5",
        "totalReviews": "4470",
        "subtitle": "Beauty of Joseon",
        "isPrimeEligible": "1"
    },
    {
        "ASIN": "B07K3261ZD",
        "title": "Cerave Hyaluronic Acid Serum for Face with Vitamin B5 and Ceramides | Hydrating Face Serum for Dry Skin | Fragrance Free | 1 Ounce",
        "price": "$16.02",
        "listPrice": "$22.99",
        "imageUrl": "https://m.media-amazon.com/images/I/41eXQLzabgL._SL160_.jpg",
        "detailPageURL": "https://www.amazon.com/dp/B07K3261ZD",
        "rating": "4.6",
        "totalReviews": "25457",
        "subtitle": "CeraVe",
        "isPrimeEligible": "1"
    },
    {
        "ASIN": "B08DHQCGH9",
        "title": "Estee Lauder Advanced Night Repair Synchronized Multi-Recovery Complex, Unisex, 1.7 Oz",
        "price": "$62.02 ($36.48 / Fl Oz)",
        "listPrice": "$105.00 ($61.76 / Fl Oz)",
        "imageUrl": "https://m.media-amazon.com/images/I/41QgRs6ce8L._SL160_.jpg",
        "detailPageURL": "https://www.amazon.com/dp/B08DHQCGH9",
        "rating": "4.5",
        "totalReviews": "764",
        "subtitle": "Estee Lauder",
        "isPrimeEligible": "1"
    },
    {
        "ASIN": "B0C7MQQSW4",
        "title": "Olay Super Serum 1.0 oz with Niacinamide, Vitamin C, Collagen Peptide, AHA, and Vitamin E",
        "price": "$29.94",
        "listPrice": "$34.99",
        "imageUrl": "https://m.media-amazon.com/images/I/4185O3MFp9L._SL160_.jpg",
        "detailPageURL": "https://www.amazon.com/dp/B0C7MQQSW4",
        "rating": "4.1",
        "totalReviews": "15",
        "subtitle": "Olay",
        "isPrimeEligible": "1"
    },
    {
        "ASIN": "B07X7WLCJ5",
        "title": "The Ordinary Facial Treatment Set! Includes Vitamin C Cream, Hyaluronic Acid Serum and Niacinamide Serum! Brightens, Hydrates And Reduces Skin Blemishes! Vegan, Paraben Free & Cruelty Free!",
        "price": "$30.45",
        "listPrice": "",
        "imageUrl": "https://m.media-amazon.com/images/I/41uq69IegfL._SL160_.jpg",
        "detailPageURL": "https://www.amazon.com/dp/B07X7WLCJ5",
        "rating": "4.5",
        "totalReviews": "5177",
        "subtitle": "THE ORDINARY",
        "isPrimeEligible": "1"
    },
    {
        "ASIN": "B08R994Q1L",
        "title": "Good Molecules Niacinamide Serum 30ml/1oz - 10% Niacinamide Balancing B3 Facial Serum for Acne, Enlarged Pores, Tone, Texture, Brightening, and Hydrating - Vegan, Cruelty Free and pH 7.1",
        "price": "$6.00",
        "listPrice": "",
        "imageUrl": "https://m.media-amazon.com/images/I/31fDY36ISYL._SL160_.jpg",
        "detailPageURL": "https://www.amazon.com/dp/B08R994Q1L",
        "rating": "4.6",
        "totalReviews": "1927",
        "subtitle": "Good Molecules",
        "isPrimeEligible": "1"
    },
    {
        "ASIN": "B06XC5PQGL",
        "title": "Vichy Mineral 89 Hyaluronic Acid Face Serum, Facial Gel Moisturizer and Pure Hyaluronic Acid Moisturizing and Hydrating Serum for Sensitive Skin and Dry Skin",
        "price": "$29.99 ($17.75 / Fl Oz)",
        "listPrice": "",
        "imageUrl": "https://m.media-amazon.com/images/I/4148ASJ5txL._SL160_.jpg",
        "detailPageURL": "https://www.amazon.com/dp/B06XC5PQGL",
        "rating": "4.6",
        "totalReviews": "30861",
        "subtitle": "",
        "isPrimeEligible": "1"
    },
    {
        "ASIN": "B07GVCVYB9",
        "title": "L'Oreal Paris Revitalift 1.5% Pure Hyaluronic Acid Face Serum, Hydrate & Reduce Wrinkles, Fragrance Free 1 oz",
        "price": "$21.40",
        "listPrice": "$32.99",
        "imageUrl": "https://m.media-amazon.com/images/I/3106ZKvMeFL._SL160_.jpg",
        "detailPageURL": "https://www.amazon.com/dp/B07GVCVYB9",
        "rating": "4.5",
        "totalReviews": "44397",
        "subtitle": "L\u2019Or\u00e9al Paris",
        "isPrimeEligible": "1"
    },
    {
        "ASIN": "B0BSP4T13Z",
        "title": "e.l.f. SKIN Holy Hydration! Triple Bounce Serum, 1.7% Hyaluronic Acid Serum For Plump, Bouncy Skin, Great For Hydrating Dry Skin, Vegan & Cruelty-Free",
        "price": "$11.75 ($11.63 / Fl Oz)",
        "listPrice": "",
        "imageUrl": "https://m.media-amazon.com/images/I/31+EypNmjsL._SL160_.jpg",
        "detailPageURL": "https://www.amazon.com/dp/B0BSP4T13Z",
        "rating": "4.6",
        "totalReviews": "302",
        "subtitle": "e.l.f.",
        "isPrimeEligible": "1"
    },
    {
        "ASIN": "B086VKZZZY",
        "title": "Beauty of Joseon Serum Line Glow Serum Propolis + Niacinamide",
        "price": "$16.85 ($16.68 / Fl Oz)",
        "listPrice": "",
        "imageUrl": "https://m.media-amazon.com/images/I/31VV5LUzopL._SL160_.jpg",
        "detailPageURL": "https://www.amazon.com/dp/B086VKZZZY",
        "rating": "4.5",
        "totalReviews": "4470",
        "subtitle": "Beauty of Joseon",
        "isPrimeEligible": "1"
    },
    {
        "ASIN": "B07K3261ZD",
        "title": "Cerave Hyaluronic Acid Serum for Face with Vitamin B5 and Ceramides | Hydrating Face Serum for Dry Skin | Fragrance Free | 1 Ounce",
        "price": "$16.02",
        "listPrice": "$22.99",
        "imageUrl": "https://m.media-amazon.com/images/I/41eXQLzabgL._SL160_.jpg",
        "detailPageURL": "https://www.amazon.com/dp/B07K3261ZD",
        "rating": "4.6",
        "totalReviews": "25457",
        "subtitle": "CeraVe",
        "isPrimeEligible": "1"
    },
    {
        "ASIN": "B08DHQCGH9",
        "title": "Estee Lauder Advanced Night Repair Synchronized Multi-Recovery Complex, Unisex, 1.7 Oz",
        "price": "$62.02 ($36.48 / Fl Oz)",
        "listPrice": "$105.00 ($61.76 / Fl Oz)",
        "imageUrl": "https://m.media-amazon.com/images/I/41QgRs6ce8L._SL160_.jpg",
        "detailPageURL": "https://www.amazon.com/dp/B08DHQCGH9",
        "rating": "4.5",
        "totalReviews": "764",
        "subtitle": "Estee Lauder",
        "isPrimeEligible": "1"
    },
    {
        "ASIN": "B0C7MQQSW4",
        "title": "Olay Super Serum 1.0 oz with Niacinamide, Vitamin C, Collagen Peptide, AHA, and Vitamin E",
        "price": "$29.94",
        "listPrice": "$34.99",
        "imageUrl": "https://m.media-amazon.com/images/I/4185O3MFp9L._SL160_.jpg",
        "detailPageURL": "https://www.amazon.com/dp/B0C7MQQSW4",
        "rating": "4.1",
        "totalReviews": "15",
        "subtitle": "Olay",
        "isPrimeEligible": "1"
    },
    {
        "ASIN": "B07X7WLCJ5",
        "title": "The Ordinary Facial Treatment Set! Includes Vitamin C Cream, Hyaluronic Acid Serum and Niacinamide Serum! Brightens, Hydrates And Reduces Skin Blemishes! Vegan, Paraben Free & Cruelty Free!",
        "price": "$30.45",
        "listPrice": "",
        "imageUrl": "https://m.media-amazon.com/images/I/41uq69IegfL._SL160_.jpg",
        "detailPageURL": "https://www.amazon.com/dp/B07X7WLCJ5",
        "rating": "4.5",
        "totalReviews": "5177",
        "subtitle": "THE ORDINARY",
        "isPrimeEligible": "1"
    },
    {
        "ASIN": "B08R994Q1L",
        "title": "Good Molecules Niacinamide Serum 30ml/1oz - 10% Niacinamide Balancing B3 Facial Serum for Acne, Enlarged Pores, Tone, Texture, Brightening, and Hydrating - Vegan, Cruelty Free and pH 7.1",
        "price": "$6.00",
        "listPrice": "",
        "imageUrl": "https://m.media-amazon.com/images/I/31fDY36ISYL._SL160_.jpg",
        "detailPageURL": "https://www.amazon.com/dp/B08R994Q1L",
        "rating": "4.6",
        "totalReviews": "1927",
        "subtitle": "Good Molecules",
        "isPrimeEligible": "1"
    },
    {
        "ASIN": "B06XC5PQGL",
        "title": "Vichy Mineral 89 Hyaluronic Acid Face Serum, Facial Gel Moisturizer and Pure Hyaluronic Acid Moisturizing and Hydrating Serum for Sensitive Skin and Dry Skin",
        "price": "$29.99 ($17.75 / Fl Oz)",
        "listPrice": "",
        "imageUrl": "https://m.media-amazon.com/images/I/4148ASJ5txL._SL160_.jpg",
        "detailPageURL": "https://www.amazon.com/dp/B06XC5PQGL",
        "rating": "4.6",
        "totalReviews": "30861",
        "subtitle": "",
        "isPrimeEligible": "1"
    },
    {
        "ASIN": "B07GVCVYB9",
        "title": "L'Oreal Paris Revitalift 1.5% Pure Hyaluronic Acid Face Serum, Hydrate & Reduce Wrinkles, Fragrance Free 1 oz",
        "price": "$21.40",
        "listPrice": "$32.99",
        "imageUrl": "https://m.media-amazon.com/images/I/3106ZKvMeFL._SL160_.jpg",
        "detailPageURL": "https://www.amazon.com/dp/B07GVCVYB9",
        "rating": "4.5",
        "totalReviews": "44397",
        "subtitle": "L\u2019Or\u00e9al Paris",
        "isPrimeEligible": "1"
    },
    {
        "ASIN": "B01B5G45R6",
        "title": "ArtNaturals Anti-Aging-Set with Vitamin-C Retinol and Hyaluronic-Acid - Serum for Anti Wrinkle and Dark Circle Remover \u2013 All Natural and Moisturizing (3 x 1 Fl Oz / 30ml) (ANAA-0101)",
        "price": "$24.95 ($8.32 / Fl Oz)",
        "listPrice": "$30.95 ($10.32 / Fl Oz)",
        "imageUrl": "https://m.media-amazon.com/images/I/51LOr3p46XL._SL160_.jpg",
        "detailPageURL": "https://www.amazon.com/dp/B01B5G45R6",
        "rating": "4.5",
        "totalReviews": "8514",
        "subtitle": "Artnaturals",
        "isPrimeEligible": "1"
    },
    {
        "ASIN": "B086VKZZZY",
        "title": "Beauty of Joseon Serum Line Glow Serum Propolis + Niacinamide",
        "price": "$16.85 ($16.68 / Fl Oz)",
        "listPrice": "",
        "imageUrl": "https://m.media-amazon.com/images/I/31VV5LUzopL._SL160_.jpg",
        "detailPageURL": "https://www.amazon.com/dp/B086VKZZZY",
        "rating": "4.5",
        "totalReviews": "4470",
        "subtitle": "Beauty of Joseon",
        "isPrimeEligible": "1"
    },
    {
        "ASIN": "B07K3261ZD",
        "title": "Cerave Hyaluronic Acid Serum for Face with Vitamin B5 and Ceramides | Hydrating Face Serum for Dry Skin | Fragrance Free | 1 Ounce",
        "price": "$16.02",
        "listPrice": "$22.99",
        "imageUrl": "https://m.media-amazon.com/images/I/41eXQLzabgL._SL160_.jpg",
        "detailPageURL": "https://www.amazon.com/dp/B07K3261ZD",
        "rating": "4.6",
        "totalReviews": "25457",
        "subtitle": "CeraVe",
        "isPrimeEligible": "1"
    },
    {
        "ASIN": "B08DHQCGH9",
        "title": "Estee Lauder Advanced Night Repair Synchronized Multi-Recovery Complex, Unisex, 1.7 Oz",
        "price": "$62.02 ($36.48 / Fl Oz)",
        "listPrice": "$105.00 ($61.76 / Fl Oz)",
        "imageUrl": "https://m.media-amazon.com/images/I/41QgRs6ce8L._SL160_.jpg",
        "detailPageURL": "https://www.amazon.com/dp/B08DHQCGH9",
        "rating": "4.5",
        "totalReviews": "764",
        "subtitle": "Estee Lauder",
        "isPrimeEligible": "1"
    },
    {
        "ASIN": "B0C7MQQSW4",
        "title": "Olay Super Serum 1.0 oz with Niacinamide, Vitamin C, Collagen Peptide, AHA, and Vitamin E",
        "price": "$29.94",
        "listPrice": "$34.99",
        "imageUrl": "https://m.media-amazon.com/images/I/4185O3MFp9L._SL160_.jpg",
        "detailPageURL": "https://www.amazon.com/dp/B0C7MQQSW4",
        "rating": "4.1",
        "totalReviews": "15",
        "subtitle": "Olay",
        "isPrimeEligible": "1"
    },
    {
        "ASIN": "B07X7WLCJ5",
        "title": "The Ordinary Facial Treatment Set! Includes Vitamin C Cream, Hyaluronic Acid Serum and Niacinamide Serum! Brightens, Hydrates And Reduces Skin Blemishes! Vegan, Paraben Free & Cruelty Free!",
        "price": "$30.45",
        "listPrice": "",
        "imageUrl": "https://m.media-amazon.com/images/I/41uq69IegfL._SL160_.jpg",
        "detailPageURL": "https://www.amazon.com/dp/B07X7WLCJ5",
        "rating": "4.5",
        "totalReviews": "5177",
        "subtitle": "THE ORDINARY",
        "isPrimeEligible": "1"
    },
    {
        "ASIN": "B08R994Q1L",
        "title": "Good Molecules Niacinamide Serum 30ml/1oz - 10% Niacinamide Balancing B3 Facial Serum for Acne, Enlarged Pores, Tone, Texture, Brightening, and Hydrating - Vegan, Cruelty Free and pH 7.1",
        "price": "$6.00",
        "listPrice": "",
        "imageUrl": "https://m.media-amazon.com/images/I/31fDY36ISYL._SL160_.jpg",
        "detailPageURL": "https://www.amazon.com/dp/B08R994Q1L",
        "rating": "4.6",
        "totalReviews": "1927",
        "subtitle": "Good Molecules",
        "isPrimeEligible": "1"
    },
    {
        "ASIN": "B06XC5PQGL",
        "title": "Vichy Mineral 89 Hyaluronic Acid Face Serum, Facial Gel Moisturizer and Pure Hyaluronic Acid Moisturizing and Hydrating Serum for Sensitive Skin and Dry Skin",
        "price": "$29.99 ($17.75 / Fl Oz)",
        "listPrice": "",
        "imageUrl": "https://m.media-amazon.com/images/I/4148ASJ5txL._SL160_.jpg",
        "detailPageURL": "https://www.amazon.com/dp/B06XC5PQGL",
        "rating": "4.6",
        "totalReviews": "30861",
        "subtitle": "",
        "isPrimeEligible": "1"
    },
    {
        "ASIN": "B07GVCVYB9",
        "title": "L'Oreal Paris Revitalift 1.5% Pure Hyaluronic Acid Face Serum, Hydrate & Reduce Wrinkles, Fragrance Free 1 oz",
        "price": "$21.40",
        "listPrice": "$32.99",
        "imageUrl": "https://m.media-amazon.com/images/I/3106ZKvMeFL._SL160_.jpg",
        "detailPageURL": "https://www.amazon.com/dp/B07GVCVYB9",
        "rating": "4.5",
        "totalReviews": "44397",
        "subtitle": "L\u2019Or\u00e9al Paris",
        "isPrimeEligible": "1"
    },
    {
        "ASIN": "B01B5G45R6",
        "title": "ArtNaturals Anti-Aging-Set with Vitamin-C Retinol and Hyaluronic-Acid - Serum for Anti Wrinkle and Dark Circle Remover \u2013 All Natural and Moisturizing (3 x 1 Fl Oz / 30ml) (ANAA-0101)",
        "price": "$24.95 ($8.32 / Fl Oz)",
        "listPrice": "$30.95 ($10.32 / Fl Oz)",
        "imageUrl": "https://m.media-amazon.com/images/I/51LOr3p46XL._SL160_.jpg",
        "detailPageURL": "https://www.amazon.com/dp/B01B5G45R6",
        "rating": "4.5",
        "totalReviews": "8514",
        "subtitle": "Artnaturals",
        "isPrimeEligible": "1"
    },
    {
        "ASIN": "B07P8ZN5JS",
        "title": "\ud835\udde7\ud835\udde2\ud835\udde3 \ud835\udfee\ud835\udfec\ud835\udfee\ud835\udfef* Hyaluronic Acid Face Serum - 2.5% Pure Hyaluronic Serum + 3% B5, Anti Wrinkle + Anti Aging Serum for Face with Vitamin C & E, Aloe - Antiaging Hydrating Serum, Hylunaric Acid Serum",
        "price": "$9.99 ($9.99 / Fl Oz)",
        "listPrice": "$11.99 ($11.99 / Fl Oz)",
        "imageUrl": "https://m.media-amazon.com/images/I/51nfiw3lEqL._SL160_.jpg",
        "detailPageURL": "https://www.amazon.com/dp/B07P8ZN5JS",
        "rating": "4.3",
        "totalReviews": "24024",
        "subtitle": "Eclat Skincare",
        "isPrimeEligible": "1"
    },
    {
        "ASIN": "B07K3261ZD",
        "title": "Cerave Hyaluronic Acid Serum for Face with Vitamin B5 and Ceramides | Hydrating Face Serum for Dry Skin | Fragrance Free | 1 Ounce",
        "price": "$16.02",
        "listPrice": "$22.99",
        "imageUrl": "https://m.media-amazon.com/images/I/41eXQLzabgL._SL160_.jpg",
        "detailPageURL": "https://www.amazon.com/dp/B07K3261ZD",
        "rating": "4.6",
        "totalReviews": "25457",
        "subtitle": "CeraVe",
        "isPrimeEligible": "1"
    },
    {
        "ASIN": "B08DHQCGH9",
        "title": "Estee Lauder Advanced Night Repair Synchronized Multi-Recovery Complex, Unisex, 1.7 Oz",
        "price": "$62.02 ($36.48 / Fl Oz)",
        "listPrice": "$105.00 ($61.76 / Fl Oz)",
        "imageUrl": "https://m.media-amazon.com/images/I/41QgRs6ce8L._SL160_.jpg",
        "detailPageURL": "https://www.amazon.com/dp/B08DHQCGH9",
        "rating": "4.5",
        "totalReviews": "764",
        "subtitle": "Estee Lauder",
        "isPrimeEligible": "1"
    },
    {
        "ASIN": "B0C7MQQSW4",
        "title": "Olay Super Serum 1.0 oz with Niacinamide, Vitamin C, Collagen Peptide, AHA, and Vitamin E",
        "price": "$29.94",
        "listPrice": "$34.99",
        "imageUrl": "https://m.media-amazon.com/images/I/4185O3MFp9L._SL160_.jpg",
        "detailPageURL": "https://www.amazon.com/dp/B0C7MQQSW4",
        "rating": "4.1",
        "totalReviews": "15",
        "subtitle": "Olay",
        "isPrimeEligible": "1"
    },
    {
        "ASIN": "B07X7WLCJ5",
        "title": "The Ordinary Facial Treatment Set! Includes Vitamin C Cream, Hyaluronic Acid Serum and Niacinamide Serum! Brightens, Hydrates And Reduces Skin Blemishes! Vegan, Paraben Free & Cruelty Free!",
        "price": "$30.45",
        "listPrice": "",
        "imageUrl": "https://m.media-amazon.com/images/I/41uq69IegfL._SL160_.jpg",
        "detailPageURL": "https://www.amazon.com/dp/B07X7WLCJ5",
        "rating": "4.5",
        "totalReviews": "5177",
        "subtitle": "THE ORDINARY",
        "isPrimeEligible": "1"
    },
    {
        "ASIN": "B08R994Q1L",
        "title": "Good Molecules Niacinamide Serum 30ml/1oz - 10% Niacinamide Balancing B3 Facial Serum for Acne, Enlarged Pores, Tone, Texture, Brightening, and Hydrating - Vegan, Cruelty Free and pH 7.1",
        "price": "$6.00",
        "listPrice": "",
        "imageUrl": "https://m.media-amazon.com/images/I/31fDY36ISYL._SL160_.jpg",
        "detailPageURL": "https://www.amazon.com/dp/B08R994Q1L",
        "rating": "4.6",
        "totalReviews": "1927",
        "subtitle": "Good Molecules",
        "isPrimeEligible": "1"
    },
    {
        "ASIN": "B06XC5PQGL",
        "title": "Vichy Mineral 89 Hyaluronic Acid Face Serum, Facial Gel Moisturizer and Pure Hyaluronic Acid Moisturizing and Hydrating Serum for Sensitive Skin and Dry Skin",
        "price": "$29.99 ($17.75 / Fl Oz)",
        "listPrice": "",
        "imageUrl": "https://m.media-amazon.com/images/I/4148ASJ5txL._SL160_.jpg",
        "detailPageURL": "https://www.amazon.com/dp/B06XC5PQGL",
        "rating": "4.6",
        "totalReviews": "30861",
        "subtitle": "",
        "isPrimeEligible": "1"
    },
    {
        "ASIN": "B07GVCVYB9",
        "title": "L'Oreal Paris Revitalift 1.5% Pure Hyaluronic Acid Face Serum, Hydrate & Reduce Wrinkles, Fragrance Free 1 oz",
        "price": "$21.40",
        "listPrice": "$32.99",
        "imageUrl": "https://m.media-amazon.com/images/I/3106ZKvMeFL._SL160_.jpg",
        "detailPageURL": "https://www.amazon.com/dp/B07GVCVYB9",
        "rating": "4.5",
        "totalReviews": "44397",
        "subtitle": "L\u2019Or\u00e9al Paris",
        "isPrimeEligible": "1"
    },
    {
        "ASIN": "B01B5G45R6",
        "title": "ArtNaturals Anti-Aging-Set with Vitamin-C Retinol and Hyaluronic-Acid - Serum for Anti Wrinkle and Dark Circle Remover \u2013 All Natural and Moisturizing (3 x 1 Fl Oz / 30ml) (ANAA-0101)",
        "price": "$24.95 ($8.32 / Fl Oz)",
        "listPrice": "$30.95 ($10.32 / Fl Oz)",
        "imageUrl": "https://m.media-amazon.com/images/I/51LOr3p46XL._SL160_.jpg",
        "detailPageURL": "https://www.amazon.com/dp/B01B5G45R6",
        "rating": "4.5",
        "totalReviews": "8514",
        "subtitle": "Artnaturals",
        "isPrimeEligible": "1"
    },
    {
        "ASIN": "B07P8ZN5JS",
        "title": "\ud835\udde7\ud835\udde2\ud835\udde3 \ud835\udfee\ud835\udfec\ud835\udfee\ud835\udfef* Hyaluronic Acid Face Serum - 2.5% Pure Hyaluronic Serum + 3% B5, Anti Wrinkle + Anti Aging Serum for Face with Vitamin C & E, Aloe - Antiaging Hydrating Serum, Hylunaric Acid Serum",
        "price": "$9.99 ($9.99 / Fl Oz)",
        "listPrice": "$11.99 ($11.99 / Fl Oz)",
        "imageUrl": "https://m.media-amazon.com/images/I/51nfiw3lEqL._SL160_.jpg",
        "detailPageURL": "https://www.amazon.com/dp/B07P8ZN5JS",
        "rating": "4.3",
        "totalReviews": "24024",
        "subtitle": "Eclat Skincare",
        "isPrimeEligible": "1"
    },
    {
        "ASIN": "B08937VD6Z",
        "title": "Neutrogena Hydro Boost Hyaluronic Acid Serum For Face with Vitamin B5, Lightweight Hydrating Face Serum for Dry Skin, Oil-Free, Non-Comedogenic, Fragrance Free, 1 oz",
        "price": "$14.97",
        "listPrice": "$26.79",
        "imageUrl": "https://m.media-amazon.com/images/I/41UY4Zztb6L._SL160_.jpg",
        "detailPageURL": "https://www.amazon.com/dp/B08937VD6Z",
        "rating": "4.6",
        "totalReviews": "7419",
        "subtitle": "Neutrogena",
        "isPrimeEligible": "1"
    },
    {
        "ASIN": "B08DHQCGH9",
        "title": "Estee Lauder Advanced Night Repair Synchronized Multi-Recovery Complex, Unisex, 1.7 Oz",
        "price": "$62.02 ($36.48 / Fl Oz)",
        "listPrice": "$105.00 ($61.76 / Fl Oz)",
        "imageUrl": "https://m.media-amazon.com/images/I/41QgRs6ce8L._SL160_.jpg",
        "detailPageURL": "https://www.amazon.com/dp/B08DHQCGH9",
        "rating": "4.5",
        "totalReviews": "764",
        "subtitle": "Estee Lauder",
        "isPrimeEligible": "1"
    },
    {
        "ASIN": "B0C7MQQSW4",
        "title": "Olay Super Serum 1.0 oz with Niacinamide, Vitamin C, Collagen Peptide, AHA, and Vitamin E",
        "price": "$29.94",
        "listPrice": "$34.99",
        "imageUrl": "https://m.media-amazon.com/images/I/4185O3MFp9L._SL160_.jpg",
        "detailPageURL": "https://www.amazon.com/dp/B0C7MQQSW4",
        "rating": "4.1",
        "totalReviews": "15",
        "subtitle": "Olay",
        "isPrimeEligible": "1"
    },
    {
        "ASIN": "B07X7WLCJ5",
        "title": "The Ordinary Facial Treatment Set! Includes Vitamin C Cream, Hyaluronic Acid Serum and Niacinamide Serum! Brightens, Hydrates And Reduces Skin Blemishes! Vegan, Paraben Free & Cruelty Free!",
        "price": "$30.45",
        "listPrice": "",
        "imageUrl": "https://m.media-amazon.com/images/I/41uq69IegfL._SL160_.jpg",
        "detailPageURL": "https://www.amazon.com/dp/B07X7WLCJ5",
        "rating": "4.5",
        "totalReviews": "5177",
        "subtitle": "THE ORDINARY",
        "isPrimeEligible": "1"
    },
    {
        "ASIN": "B08R994Q1L",
        "title": "Good Molecules Niacinamide Serum 30ml/1oz - 10% Niacinamide Balancing B3 Facial Serum for Acne, Enlarged Pores, Tone, Texture, Brightening, and Hydrating - Vegan, Cruelty Free and pH 7.1",
        "price": "$6.00",
        "listPrice": "",
        "imageUrl": "https://m.media-amazon.com/images/I/31fDY36ISYL._SL160_.jpg",
        "detailPageURL": "https://www.amazon.com/dp/B08R994Q1L",
        "rating": "4.6",
        "totalReviews": "1927",
        "subtitle": "Good Molecules",
        "isPrimeEligible": "1"
    },
    {
        "ASIN": "B06XC5PQGL",
        "title": "Vichy Mineral 89 Hyaluronic Acid Face Serum, Facial Gel Moisturizer and Pure Hyaluronic Acid Moisturizing and Hydrating Serum for Sensitive Skin and Dry Skin",
        "price": "$29.99 ($17.75 / Fl Oz)",
        "listPrice": "",
        "imageUrl": "https://m.media-amazon.com/images/I/4148ASJ5txL._SL160_.jpg",
        "detailPageURL": "https://www.amazon.com/dp/B06XC5PQGL",
        "rating": "4.6",
        "totalReviews": "30861",
        "subtitle": "",
        "isPrimeEligible": "1"
    },
    {
        "ASIN": "B07GVCVYB9",
        "title": "L'Oreal Paris Revitalift 1.5% Pure Hyaluronic Acid Face Serum, Hydrate & Reduce Wrinkles, Fragrance Free 1 oz",
        "price": "$21.40",
        "listPrice": "$32.99",
        "imageUrl": "https://m.media-amazon.com/images/I/3106ZKvMeFL._SL160_.jpg",
        "detailPageURL": "https://www.amazon.com/dp/B07GVCVYB9",
        "rating": "4.5",
        "totalReviews": "44397",
        "subtitle": "L\u2019Or\u00e9al Paris",
        "isPrimeEligible": "1"
    },
    {
        "ASIN": "B01B5G45R6",
        "title": "ArtNaturals Anti-Aging-Set with Vitamin-C Retinol and Hyaluronic-Acid - Serum for Anti Wrinkle and Dark Circle Remover \u2013 All Natural and Moisturizing (3 x 1 Fl Oz / 30ml) (ANAA-0101)",
        "price": "$24.95 ($8.32 / Fl Oz)",
        "listPrice": "$30.95 ($10.32 / Fl Oz)",
        "imageUrl": "https://m.media-amazon.com/images/I/51LOr3p46XL._SL160_.jpg",
        "detailPageURL": "https://www.amazon.com/dp/B01B5G45R6",
        "rating": "4.5",
        "totalReviews": "8514",
        "subtitle": "Artnaturals",
        "isPrimeEligible": "1"
    },
    {
        "ASIN": "B07P8ZN5JS",
        "title": "\ud835\udde7\ud835\udde2\ud835\udde3 \ud835\udfee\ud835\udfec\ud835\udfee\ud835\udfef* Hyaluronic Acid Face Serum - 2.5% Pure Hyaluronic Serum + 3% B5, Anti Wrinkle + Anti Aging Serum for Face with Vitamin C & E, Aloe - Antiaging Hydrating Serum, Hylunaric Acid Serum",
        "price": "$9.99 ($9.99 / Fl Oz)",
        "listPrice": "$11.99 ($11.99 / Fl Oz)",
        "imageUrl": "https://m.media-amazon.com/images/I/51nfiw3lEqL._SL160_.jpg",
        "detailPageURL": "https://www.amazon.com/dp/B07P8ZN5JS",
        "rating": "4.3",
        "totalReviews": "24024",
        "subtitle": "Eclat Skincare",
        "isPrimeEligible": "1"
    },
    {
        "ASIN": "B08937VD6Z",
        "title": "Neutrogena Hydro Boost Hyaluronic Acid Serum For Face with Vitamin B5, Lightweight Hydrating Face Serum for Dry Skin, Oil-Free, Non-Comedogenic, Fragrance Free, 1 oz",
        "price": "$14.97",
        "listPrice": "$26.79",
        "imageUrl": "https://m.media-amazon.com/images/I/41UY4Zztb6L._SL160_.jpg",
        "detailPageURL": "https://www.amazon.com/dp/B08937VD6Z",
        "rating": "4.6",
        "totalReviews": "7419",
        "subtitle": "Neutrogena",
        "isPrimeEligible": "1"
    },
    {
        "ASIN": "B075VX4QVM",
        "title": "La Roche-Posay Hyalu B5 Pure Hyaluronic Acid Serum for Face, with Vitamin B5, Anti-Aging Serum for Fine Lines and Wrinkles, Hydrating Serum to Plump and Repair Dry Skin, Safe on Sensitive Skin",
        "price": "$39.99",
        "listPrice": "",
        "imageUrl": "https://m.media-amazon.com/images/I/31VIspCKnjL._SL160_.jpg",
        "detailPageURL": "https://www.amazon.com/dp/B075VX4QVM",
        "rating": "4.6",
        "totalReviews": "21026",
        "subtitle": "",
        "isPrimeEligible": "1"
    },
    {
        "ASIN": "B0C7MQQSW4",
        "title": "Olay Super Serum 1.0 oz with Niacinamide, Vitamin C, Collagen Peptide, AHA, and Vitamin E",
        "price": "$29.94",
        "listPrice": "$34.99",
        "imageUrl": "https://m.media-amazon.com/images/I/4185O3MFp9L._SL160_.jpg",
        "detailPageURL": "https://www.amazon.com/dp/B0C7MQQSW4",
        "rating": "4.1",
        "totalReviews": "15",
        "subtitle": "Olay",
        "isPrimeEligible": "1"
    },
    {
        "ASIN": "B07X7WLCJ5",
        "title": "The Ordinary Facial Treatment Set! Includes Vitamin C Cream, Hyaluronic Acid Serum and Niacinamide Serum! Brightens, Hydrates And Reduces Skin Blemishes! Vegan, Paraben Free & Cruelty Free!",
        "price": "$30.45",
        "listPrice": "",
        "imageUrl": "https://m.media-amazon.com/images/I/41uq69IegfL._SL160_.jpg",
        "detailPageURL": "https://www.amazon.com/dp/B07X7WLCJ5",
        "rating": "4.5",
        "totalReviews": "5177",
        "subtitle": "THE ORDINARY",
        "isPrimeEligible": "1"
    },
    {
        "ASIN": "B08R994Q1L",
        "title": "Good Molecules Niacinamide Serum 30ml/1oz - 10% Niacinamide Balancing B3 Facial Serum for Acne, Enlarged Pores, Tone, Texture, Brightening, and Hydrating - Vegan, Cruelty Free and pH 7.1",
        "price": "$6.00",
        "listPrice": "",
        "imageUrl": "https://m.media-amazon.com/images/I/31fDY36ISYL._SL160_.jpg",
        "detailPageURL": "https://www.amazon.com/dp/B08R994Q1L",
        "rating": "4.6",
        "totalReviews": "1927",
        "subtitle": "Good Molecules",
        "isPrimeEligible": "1"
    },
    {
        "ASIN": "B06XC5PQGL",
        "title": "Vichy Mineral 89 Hyaluronic Acid Face Serum, Facial Gel Moisturizer and Pure Hyaluronic Acid Moisturizing and Hydrating Serum for Sensitive Skin and Dry Skin",
        "price": "$29.99 ($17.75 / Fl Oz)",
        "listPrice": "",
        "imageUrl": "https://m.media-amazon.com/images/I/4148ASJ5txL._SL160_.jpg",
        "detailPageURL": "https://www.amazon.com/dp/B06XC5PQGL",
        "rating": "4.6",
        "totalReviews": "30861",
        "subtitle": "",
        "isPrimeEligible": "1"
    },
    {
        "ASIN": "B07GVCVYB9",
        "title": "L'Oreal Paris Revitalift 1.5% Pure Hyaluronic Acid Face Serum, Hydrate & Reduce Wrinkles, Fragrance Free 1 oz",
        "price": "$21.40",
        "listPrice": "$32.99",
        "imageUrl": "https://m.media-amazon.com/images/I/3106ZKvMeFL._SL160_.jpg",
        "detailPageURL": "https://www.amazon.com/dp/B07GVCVYB9",
        "rating": "4.5",
        "totalReviews": "44397",
        "subtitle": "L\u2019Or\u00e9al Paris",
        "isPrimeEligible": "1"
    },
    {
        "ASIN": "B01B5G45R6",
        "title": "ArtNaturals Anti-Aging-Set with Vitamin-C Retinol and Hyaluronic-Acid - Serum for Anti Wrinkle and Dark Circle Remover \u2013 All Natural and Moisturizing (3 x 1 Fl Oz / 30ml) (ANAA-0101)",
        "price": "$24.95 ($8.32 / Fl Oz)",
        "listPrice": "$30.95 ($10.32 / Fl Oz)",
        "imageUrl": "https://m.media-amazon.com/images/I/51LOr3p46XL._SL160_.jpg",
        "detailPageURL": "https://www.amazon.com/dp/B01B5G45R6",
        "rating": "4.5",
        "totalReviews": "8514",
        "subtitle": "Artnaturals",
        "isPrimeEligible": "1"
    },
    {
        "ASIN": "B07P8ZN5JS",
        "title": "\ud835\udde7\ud835\udde2\ud835\udde3 \ud835\udfee\ud835\udfec\ud835\udfee\ud835\udfef* Hyaluronic Acid Face Serum - 2.5% Pure Hyaluronic Serum + 3% B5, Anti Wrinkle + Anti Aging Serum for Face with Vitamin C & E, Aloe - Antiaging Hydrating Serum, Hylunaric Acid Serum",
        "price": "$9.99 ($9.99 / Fl Oz)",
        "listPrice": "$11.99 ($11.99 / Fl Oz)",
        "imageUrl": "https://m.media-amazon.com/images/I/51nfiw3lEqL._SL160_.jpg",
        "detailPageURL": "https://www.amazon.com/dp/B07P8ZN5JS",
        "rating": "4.3",
        "totalReviews": "24024",
        "subtitle": "Eclat Skincare",
        "isPrimeEligible": "1"
    },
    {
        "ASIN": "B08937VD6Z",
        "title": "Neutrogena Hydro Boost Hyaluronic Acid Serum For Face with Vitamin B5, Lightweight Hydrating Face Serum for Dry Skin, Oil-Free, Non-Comedogenic, Fragrance Free, 1 oz",
        "price": "$14.97",
        "listPrice": "$26.79",
        "imageUrl": "https://m.media-amazon.com/images/I/41UY4Zztb6L._SL160_.jpg",
        "detailPageURL": "https://www.amazon.com/dp/B08937VD6Z",
        "rating": "4.6",
        "totalReviews": "7419",
        "subtitle": "Neutrogena",
        "isPrimeEligible": "1"
    },
    {
        "ASIN": "B075VX4QVM",
        "title": "La Roche-Posay Hyalu B5 Pure Hyaluronic Acid Serum for Face, with Vitamin B5, Anti-Aging Serum for Fine Lines and Wrinkles, Hydrating Serum to Plump and Repair Dry Skin, Safe on Sensitive Skin",
        "price": "$39.99",
        "listPrice": "",
        "imageUrl": "https://m.media-amazon.com/images/I/31VIspCKnjL._SL160_.jpg",
        "detailPageURL": "https://www.amazon.com/dp/B075VX4QVM",
        "rating": "4.6",
        "totalReviews": "21026",
        "subtitle": "",
        "isPrimeEligible": "1"
    },
    {
        "ASIN": "B07VRTP6SY",
        "title": "Pacifica Beauty, Glow Baby Booster Serum For Face, Vitamin C and Glycolic acid, Brightens and Supports, For All Skin Types, Fragrance Free, Clean Skin Care, Vegan and Cruelty Free , 1 Fl oz",
        "price": "$15.99",
        "listPrice": "",
        "imageUrl": "https://m.media-amazon.com/images/I/41ZmSGGmd6L._SL160_.jpg",
        "detailPageURL": "https://www.amazon.com/dp/B07VRTP6SY",
        "rating": "4.5",
        "totalReviews": "2355",
        "subtitle": "Pacifica",
        "isPrimeEligible": "1"
    },
    {
        "ASIN": "B07X7WLCJ5",
        "title": "The Ordinary Facial Treatment Set! Includes Vitamin C Cream, Hyaluronic Acid Serum and Niacinamide Serum! Brightens, Hydrates And Reduces Skin Blemishes! Vegan, Paraben Free & Cruelty Free!",
        "price": "$30.45",
        "listPrice": "",
        "imageUrl": "https://m.media-amazon.com/images/I/41uq69IegfL._SL160_.jpg",
        "detailPageURL": "https://www.amazon.com/dp/B07X7WLCJ5",
        "rating": "4.5",
        "totalReviews": "5177",
        "subtitle": "THE ORDINARY",
        "isPrimeEligible": "1"
    },
    {
        "ASIN": "B08R994Q1L",
        "title": "Good Molecules Niacinamide Serum 30ml/1oz - 10% Niacinamide Balancing B3 Facial Serum for Acne, Enlarged Pores, Tone, Texture, Brightening, and Hydrating - Vegan, Cruelty Free and pH 7.1",
        "price": "$6.00",
        "listPrice": "",
        "imageUrl": "https://m.media-amazon.com/images/I/31fDY36ISYL._SL160_.jpg",
        "detailPageURL": "https://www.amazon.com/dp/B08R994Q1L",
        "rating": "4.6",
        "totalReviews": "1927",
        "subtitle": "Good Molecules",
        "isPrimeEligible": "1"
    },
    {
        "ASIN": "B06XC5PQGL",
        "title": "Vichy Mineral 89 Hyaluronic Acid Face Serum, Facial Gel Moisturizer and Pure Hyaluronic Acid Moisturizing and Hydrating Serum for Sensitive Skin and Dry Skin",
        "price": "$29.99 ($17.75 / Fl Oz)",
        "listPrice": "",
        "imageUrl": "https://m.media-amazon.com/images/I/4148ASJ5txL._SL160_.jpg",
        "detailPageURL": "https://www.amazon.com/dp/B06XC5PQGL",
        "rating": "4.6",
        "totalReviews": "30861",
        "subtitle": "",
        "isPrimeEligible": "1"
    },
    {
        "ASIN": "B07GVCVYB9",
        "title": "L'Oreal Paris Revitalift 1.5% Pure Hyaluronic Acid Face Serum, Hydrate & Reduce Wrinkles, Fragrance Free 1 oz",
        "price": "$21.40",
        "listPrice": "$32.99",
        "imageUrl": "https://m.media-amazon.com/images/I/3106ZKvMeFL._SL160_.jpg",
        "detailPageURL": "https://www.amazon.com/dp/B07GVCVYB9",
        "rating": "4.5",
        "totalReviews": "44397",
        "subtitle": "L\u2019Or\u00e9al Paris",
        "isPrimeEligible": "1"
    },
    {
        "ASIN": "B01B5G45R6",
        "title": "ArtNaturals Anti-Aging-Set with Vitamin-C Retinol and Hyaluronic-Acid - Serum for Anti Wrinkle and Dark Circle Remover \u2013 All Natural and Moisturizing (3 x 1 Fl Oz / 30ml) (ANAA-0101)",
        "price": "$24.95 ($8.32 / Fl Oz)",
        "listPrice": "$30.95 ($10.32 / Fl Oz)",
        "imageUrl": "https://m.media-amazon.com/images/I/51LOr3p46XL._SL160_.jpg",
        "detailPageURL": "https://www.amazon.com/dp/B01B5G45R6",
        "rating": "4.5",
        "totalReviews": "8514",
        "subtitle": "Artnaturals",
        "isPrimeEligible": "1"
    },
    {
        "ASIN": "B07P8ZN5JS",
        "title": "\ud835\udde7\ud835\udde2\ud835\udde3 \ud835\udfee\ud835\udfec\ud835\udfee\ud835\udfef* Hyaluronic Acid Face Serum - 2.5% Pure Hyaluronic Serum + 3% B5, Anti Wrinkle + Anti Aging Serum for Face with Vitamin C & E, Aloe - Antiaging Hydrating Serum, Hylunaric Acid Serum",
        "price": "$9.99 ($9.99 / Fl Oz)",
        "listPrice": "$11.99 ($11.99 / Fl Oz)",
        "imageUrl": "https://m.media-amazon.com/images/I/51nfiw3lEqL._SL160_.jpg",
        "detailPageURL": "https://www.amazon.com/dp/B07P8ZN5JS",
        "rating": "4.3",
        "totalReviews": "24024",
        "subtitle": "Eclat Skincare",
        "isPrimeEligible": "1"
    },
    {
        "ASIN": "B08937VD6Z",
        "title": "Neutrogena Hydro Boost Hyaluronic Acid Serum For Face with Vitamin B5, Lightweight Hydrating Face Serum for Dry Skin, Oil-Free, Non-Comedogenic, Fragrance Free, 1 oz",
        "price": "$14.97",
        "listPrice": "$26.79",
        "imageUrl": "https://m.media-amazon.com/images/I/41UY4Zztb6L._SL160_.jpg",
        "detailPageURL": "https://www.amazon.com/dp/B08937VD6Z",
        "rating": "4.6",
        "totalReviews": "7419",
        "subtitle": "Neutrogena",
        "isPrimeEligible": "1"
    },
    {
        "ASIN": "B075VX4QVM",
        "title": "La Roche-Posay Hyalu B5 Pure Hyaluronic Acid Serum for Face, with Vitamin B5, Anti-Aging Serum for Fine Lines and Wrinkles, Hydrating Serum to Plump and Repair Dry Skin, Safe on Sensitive Skin",
        "price": "$39.99",
        "listPrice": "",
        "imageUrl": "https://m.media-amazon.com/images/I/31VIspCKnjL._SL160_.jpg",
        "detailPageURL": "https://www.amazon.com/dp/B075VX4QVM",
        "rating": "4.6",
        "totalReviews": "21026",
        "subtitle": "",
        "isPrimeEligible": "1"
    },
    {
        "ASIN": "B07VRTP6SY",
        "title": "Pacifica Beauty, Glow Baby Booster Serum For Face, Vitamin C and Glycolic acid, Brightens and Supports, For All Skin Types, Fragrance Free, Clean Skin Care, Vegan and Cruelty Free , 1 Fl oz",
        "price": "$15.99",
        "listPrice": "",
        "imageUrl": "https://m.media-amazon.com/images/I/41ZmSGGmd6L._SL160_.jpg",
        "detailPageURL": "https://www.amazon.com/dp/B07VRTP6SY",
        "rating": "4.5",
        "totalReviews": "2355",
        "subtitle": "Pacifica",
        "isPrimeEligible": "1"
    },
    {
        "ASIN": "B08RJ4ZHXJ",
        "title": "Good Molecules Discoloration Correcting Serum 30ml/1oz - Tranexamic Acid and Niacinamide for Dark Spots, Acne Scars, Sun Damage, Hyperpigmentation, and Age Spots - Fragrance Free, Vegan, and pH 5.5",
        "price": "$12.00 ($12.00 / Fl Oz)",
        "listPrice": "",
        "imageUrl": "https://m.media-amazon.com/images/I/31xC2dIgfoL._SL160_.jpg",
        "detailPageURL": "https://www.amazon.com/dp/B08RJ4ZHXJ",
        "rating": "4.3",
        "totalReviews": "2101",
        "subtitle": "Good Molecules",
        "isPrimeEligible": "1"
    },
    {
        "ASIN": "B08R994Q1L",
        "title": "Good Molecules Niacinamide Serum 30ml/1oz - 10% Niacinamide Balancing B3 Facial Serum for Acne, Enlarged Pores, Tone, Texture, Brightening, and Hydrating - Vegan, Cruelty Free and pH 7.1",
        "price": "$6.00",
        "listPrice": "",
        "imageUrl": "https://m.media-amazon.com/images/I/31fDY36ISYL._SL160_.jpg",
        "detailPageURL": "https://www.amazon.com/dp/B08R994Q1L",
        "rating": "4.6",
        "totalReviews": "1927",
        "subtitle": "Good Molecules",
        "isPrimeEligible": "1"
    },
    {
        "ASIN": "B06XC5PQGL",
        "title": "Vichy Mineral 89 Hyaluronic Acid Face Serum, Facial Gel Moisturizer and Pure Hyaluronic Acid Moisturizing and Hydrating Serum for Sensitive Skin and Dry Skin",
        "price": "$29.99 ($17.75 / Fl Oz)",
        "listPrice": "",
        "imageUrl": "https://m.media-amazon.com/images/I/4148ASJ5txL._SL160_.jpg",
        "detailPageURL": "https://www.amazon.com/dp/B06XC5PQGL",
        "rating": "4.6",
        "totalReviews": "30861",
        "subtitle": "",
        "isPrimeEligible": "1"
    },
    {
        "ASIN": "B07GVCVYB9",
        "title": "L'Oreal Paris Revitalift 1.5% Pure Hyaluronic Acid Face Serum, Hydrate & Reduce Wrinkles, Fragrance Free 1 oz",
        "price": "$21.40",
        "listPrice": "$32.99",
        "imageUrl": "https://m.media-amazon.com/images/I/3106ZKvMeFL._SL160_.jpg",
        "detailPageURL": "https://www.amazon.com/dp/B07GVCVYB9",
        "rating": "4.5",
        "totalReviews": "44397",
        "subtitle": "L\u2019Or\u00e9al Paris",
        "isPrimeEligible": "1"
    },
    {
        "ASIN": "B01B5G45R6",
        "title": "ArtNaturals Anti-Aging-Set with Vitamin-C Retinol and Hyaluronic-Acid - Serum for Anti Wrinkle and Dark Circle Remover \u2013 All Natural and Moisturizing (3 x 1 Fl Oz / 30ml) (ANAA-0101)",
        "price": "$24.95 ($8.32 / Fl Oz)",
        "listPrice": "$30.95 ($10.32 / Fl Oz)",
        "imageUrl": "https://m.media-amazon.com/images/I/51LOr3p46XL._SL160_.jpg",
        "detailPageURL": "https://www.amazon.com/dp/B01B5G45R6",
        "rating": "4.5",
        "totalReviews": "8514",
        "subtitle": "Artnaturals",
        "isPrimeEligible": "1"
    },
    {
        "ASIN": "B07P8ZN5JS",
        "title": "\ud835\udde7\ud835\udde2\ud835\udde3 \ud835\udfee\ud835\udfec\ud835\udfee\ud835\udfef* Hyaluronic Acid Face Serum - 2.5% Pure Hyaluronic Serum + 3% B5, Anti Wrinkle + Anti Aging Serum for Face with Vitamin C & E, Aloe - Antiaging Hydrating Serum, Hylunaric Acid Serum",
        "price": "$9.99 ($9.99 / Fl Oz)",
        "listPrice": "$11.99 ($11.99 / Fl Oz)",
        "imageUrl": "https://m.media-amazon.com/images/I/51nfiw3lEqL._SL160_.jpg",
        "detailPageURL": "https://www.amazon.com/dp/B07P8ZN5JS",
        "rating": "4.3",
        "totalReviews": "24024",
        "subtitle": "Eclat Skincare",
        "isPrimeEligible": "1"
    },
    {
        "ASIN": "B08937VD6Z",
        "title": "Neutrogena Hydro Boost Hyaluronic Acid Serum For Face with Vitamin B5, Lightweight Hydrating Face Serum for Dry Skin, Oil-Free, Non-Comedogenic, Fragrance Free, 1 oz",
        "price": "$14.97",
        "listPrice": "$26.79",
        "imageUrl": "https://m.media-amazon.com/images/I/41UY4Zztb6L._SL160_.jpg",
        "detailPageURL": "https://www.amazon.com/dp/B08937VD6Z",
        "rating": "4.6",
        "totalReviews": "7419",
        "subtitle": "Neutrogena",
        "isPrimeEligible": "1"
    },
    {
        "ASIN": "B075VX4QVM",
        "title": "La Roche-Posay Hyalu B5 Pure Hyaluronic Acid Serum for Face, with Vitamin B5, Anti-Aging Serum for Fine Lines and Wrinkles, Hydrating Serum to Plump and Repair Dry Skin, Safe on Sensitive Skin",
        "price": "$39.99",
        "listPrice": "",
        "imageUrl": "https://m.media-amazon.com/images/I/31VIspCKnjL._SL160_.jpg",
        "detailPageURL": "https://www.amazon.com/dp/B075VX4QVM",
        "rating": "4.6",
        "totalReviews": "21026",
        "subtitle": "",
        "isPrimeEligible": "1"
    },
    {
        "ASIN": "B07VRTP6SY",
        "title": "Pacifica Beauty, Glow Baby Booster Serum For Face, Vitamin C and Glycolic acid, Brightens and Supports, For All Skin Types, Fragrance Free, Clean Skin Care, Vegan and Cruelty Free , 1 Fl oz",
        "price": "$15.99",
        "listPrice": "",
        "imageUrl": "https://m.media-amazon.com/images/I/41ZmSGGmd6L._SL160_.jpg",
        "detailPageURL": "https://www.amazon.com/dp/B07VRTP6SY",
        "rating": "4.5",
        "totalReviews": "2355",
        "subtitle": "Pacifica",
        "isPrimeEligible": "1"
    },
    {
        "ASIN": "B08RJ4ZHXJ",
        "title": "Good Molecules Discoloration Correcting Serum 30ml/1oz - Tranexamic Acid and Niacinamide for Dark Spots, Acne Scars, Sun Damage, Hyperpigmentation, and Age Spots - Fragrance Free, Vegan, and pH 5.5",
        "price": "$12.00 ($12.00 / Fl Oz)",
        "listPrice": "",
        "imageUrl": "https://m.media-amazon.com/images/I/31xC2dIgfoL._SL160_.jpg",
        "detailPageURL": "https://www.amazon.com/dp/B08RJ4ZHXJ",
        "rating": "4.3",
        "totalReviews": "2101",
        "subtitle": "Good Molecules",
        "isPrimeEligible": "1"
    },
    {
        "ASIN": "B09TVZNLG4",
        "title": "Premium 20% \ud835\udc2f\ud835\udc22\ud835\udc2d\ud835\udc1a\ud835\udc26\ud835\udc22\ud835\udc27 \ud835\udc1c \ud835\udc2c\ud835\udc1e\ud835\udc2b\ud835\udc2e\ud835\udc26 - (2PACK) with Hyaluronic Acid, Retinol & Amino Acids - Boost Skin Collagen,Hydrate & Plump Skin, Anti Aging & Wrinkle Facial Serum",
        "price": "$9.99 ($5.00 / Fl Oz)",
        "listPrice": "$11.99 ($6.00 / Fl Oz)",
        "imageUrl": "https://m.media-amazon.com/images/I/51xxInUbtvL._SL160_.jpg",
        "detailPageURL": "https://www.amazon.com/dp/B09TVZNLG4",
        "rating": "4.3",
        "totalReviews": "14349",
        "subtitle": "ELBBUB",
        "isPrimeEligible": "1"
    },
    {
        "ASIN": "B06XC5PQGL",
        "title": "Vichy Mineral 89 Hyaluronic Acid Face Serum, Facial Gel Moisturizer and Pure Hyaluronic Acid Moisturizing and Hydrating Serum for Sensitive Skin and Dry Skin",
        "price": "$29.99 ($17.75 / Fl Oz)",
        "listPrice": "",
        "imageUrl": "https://m.media-amazon.com/images/I/4148ASJ5txL._SL160_.jpg",
        "detailPageURL": "https://www.amazon.com/dp/B06XC5PQGL",
        "rating": "4.6",
        "totalReviews": "30861",
        "subtitle": "",
        "isPrimeEligible": "1"
    },
    {
        "ASIN": "B07GVCVYB9",
        "title": "L'Oreal Paris Revitalift 1.5% Pure Hyaluronic Acid Face Serum, Hydrate & Reduce Wrinkles, Fragrance Free 1 oz",
        "price": "$21.40",
        "listPrice": "$32.99",
        "imageUrl": "https://m.media-amazon.com/images/I/3106ZKvMeFL._SL160_.jpg",
        "detailPageURL": "https://www.amazon.com/dp/B07GVCVYB9",
        "rating": "4.5",
        "totalReviews": "44397",
        "subtitle": "L\u2019Or\u00e9al Paris",
        "isPrimeEligible": "1"
    },
    {
        "ASIN": "B01B5G45R6",
        "title": "ArtNaturals Anti-Aging-Set with Vitamin-C Retinol and Hyaluronic-Acid - Serum for Anti Wrinkle and Dark Circle Remover \u2013 All Natural and Moisturizing (3 x 1 Fl Oz / 30ml) (ANAA-0101)",
        "price": "$24.95 ($8.32 / Fl Oz)",
        "listPrice": "$30.95 ($10.32 / Fl Oz)",
        "imageUrl": "https://m.media-amazon.com/images/I/51LOr3p46XL._SL160_.jpg",
        "detailPageURL": "https://www.amazon.com/dp/B01B5G45R6",
        "rating": "4.5",
        "totalReviews": "8514",
        "subtitle": "Artnaturals",
        "isPrimeEligible": "1"
    },
    {
        "ASIN": "B07P8ZN5JS",
        "title": "\ud835\udde7\ud835\udde2\ud835\udde3 \ud835\udfee\ud835\udfec\ud835\udfee\ud835\udfef* Hyaluronic Acid Face Serum - 2.5% Pure Hyaluronic Serum + 3% B5, Anti Wrinkle + Anti Aging Serum for Face with Vitamin C & E, Aloe - Antiaging Hydrating Serum, Hylunaric Acid Serum",
        "price": "$9.99 ($9.99 / Fl Oz)",
        "listPrice": "$11.99 ($11.99 / Fl Oz)",
        "imageUrl": "https://m.media-amazon.com/images/I/51nfiw3lEqL._SL160_.jpg",
        "detailPageURL": "https://www.amazon.com/dp/B07P8ZN5JS",
        "rating": "4.3",
        "totalReviews": "24024",
        "subtitle": "Eclat Skincare",
        "isPrimeEligible": "1"
    },
    {
        "ASIN": "B08937VD6Z",
        "title": "Neutrogena Hydro Boost Hyaluronic Acid Serum For Face with Vitamin B5, Lightweight Hydrating Face Serum for Dry Skin, Oil-Free, Non-Comedogenic, Fragrance Free, 1 oz",
        "price": "$14.97",
        "listPrice": "$26.79",
        "imageUrl": "https://m.media-amazon.com/images/I/41UY4Zztb6L._SL160_.jpg",
        "detailPageURL": "https://www.amazon.com/dp/B08937VD6Z",
        "rating": "4.6",
        "totalReviews": "7419",
        "subtitle": "Neutrogena",
        "isPrimeEligible": "1"
    },
    {
        "ASIN": "B075VX4QVM",
        "title": "La Roche-Posay Hyalu B5 Pure Hyaluronic Acid Serum for Face, with Vitamin B5, Anti-Aging Serum for Fine Lines and Wrinkles, Hydrating Serum to Plump and Repair Dry Skin, Safe on Sensitive Skin",
        "price": "$39.99",
        "listPrice": "",
        "imageUrl": "https://m.media-amazon.com/images/I/31VIspCKnjL._SL160_.jpg",
        "detailPageURL": "https://www.amazon.com/dp/B075VX4QVM",
        "rating": "4.6",
        "totalReviews": "21026",
        "subtitle": "",
        "isPrimeEligible": "1"
    },
    {
        "ASIN": "B07VRTP6SY",
        "title": "Pacifica Beauty, Glow Baby Booster Serum For Face, Vitamin C and Glycolic acid, Brightens and Supports, For All Skin Types, Fragrance Free, Clean Skin Care, Vegan and Cruelty Free , 1 Fl oz",
        "price": "$15.99",
        "listPrice": "",
        "imageUrl": "https://m.media-amazon.com/images/I/41ZmSGGmd6L._SL160_.jpg",
        "detailPageURL": "https://www.amazon.com/dp/B07VRTP6SY",
        "rating": "4.5",
        "totalReviews": "2355",
        "subtitle": "Pacifica",
        "isPrimeEligible": "1"
    },
    {
        "ASIN": "B08RJ4ZHXJ",
        "title": "Good Molecules Discoloration Correcting Serum 30ml/1oz - Tranexamic Acid and Niacinamide for Dark Spots, Acne Scars, Sun Damage, Hyperpigmentation, and Age Spots - Fragrance Free, Vegan, and pH 5.5",
        "price": "$12.00 ($12.00 / Fl Oz)",
        "listPrice": "",
        "imageUrl": "https://m.media-amazon.com/images/I/31xC2dIgfoL._SL160_.jpg",
        "detailPageURL": "https://www.amazon.com/dp/B08RJ4ZHXJ",
        "rating": "4.3",
        "totalReviews": "2101",
        "subtitle": "Good Molecules",
        "isPrimeEligible": "1"
    },
    {
        "ASIN": "B09TVZNLG4",
        "title": "Premium 20% \ud835\udc2f\ud835\udc22\ud835\udc2d\ud835\udc1a\ud835\udc26\ud835\udc22\ud835\udc27 \ud835\udc1c \ud835\udc2c\ud835\udc1e\ud835\udc2b\ud835\udc2e\ud835\udc26 - (2PACK) with Hyaluronic Acid, Retinol & Amino Acids - Boost Skin Collagen,Hydrate & Plump Skin, Anti Aging & Wrinkle Facial Serum",
        "price": "$9.99 ($5.00 / Fl Oz)",
        "listPrice": "$11.99 ($6.00 / Fl Oz)",
        "imageUrl": "https://m.media-amazon.com/images/I/51xxInUbtvL._SL160_.jpg",
        "detailPageURL": "https://www.amazon.com/dp/B09TVZNLG4",
        "rating": "4.3",
        "totalReviews": "14349",
        "subtitle": "ELBBUB",
        "isPrimeEligible": "1"
    },
    {
        "ASIN": "B09ZYB8S31",
        "title": "COSRX Niacinamide 15% Face Serum, Minimize Enlarged Pores, Redness Relief, Blemish & Discoloration Correcting Treatment, 0.67 fl.oz/20 ml, Not Tested on Animals, Korean Skincare",
        "price": "$14.50 ($21.64 / Fl Oz)",
        "listPrice": "$25.00 ($37.31 / Fl Oz)",
        "imageUrl": "https://m.media-amazon.com/images/I/41f8rWY86CL._SL160_.jpg",
        "detailPageURL": "https://www.amazon.com/dp/B09ZYB8S31",
        "rating": "4.6",
        "totalReviews": "443",
        "subtitle": "COSRX",
        "isPrimeEligible": "1"
    },
    {
        "ASIN": "B07GVCVYB9",
        "title": "L'Oreal Paris Revitalift 1.5% Pure Hyaluronic Acid Face Serum, Hydrate & Reduce Wrinkles, Fragrance Free 1 oz",
        "price": "$21.40",
        "listPrice": "$32.99",
        "imageUrl": "https://m.media-amazon.com/images/I/3106ZKvMeFL._SL160_.jpg",
        "detailPageURL": "https://www.amazon.com/dp/B07GVCVYB9",
        "rating": "4.5",
        "totalReviews": "44397",
        "subtitle": "L\u2019Or\u00e9al Paris",
        "isPrimeEligible": "1"
    },
    {
        "ASIN": "B01B5G45R6",
        "title": "ArtNaturals Anti-Aging-Set with Vitamin-C Retinol and Hyaluronic-Acid - Serum for Anti Wrinkle and Dark Circle Remover \u2013 All Natural and Moisturizing (3 x 1 Fl Oz / 30ml) (ANAA-0101)",
        "price": "$24.95 ($8.32 / Fl Oz)",
        "listPrice": "$30.95 ($10.32 / Fl Oz)",
        "imageUrl": "https://m.media-amazon.com/images/I/51LOr3p46XL._SL160_.jpg",
        "detailPageURL": "https://www.amazon.com/dp/B01B5G45R6",
        "rating": "4.5",
        "totalReviews": "8514",
        "subtitle": "Artnaturals",
        "isPrimeEligible": "1"
    },
    {
        "ASIN": "B07P8ZN5JS",
        "title": "\ud835\udde7\ud835\udde2\ud835\udde3 \ud835\udfee\ud835\udfec\ud835\udfee\ud835\udfef* Hyaluronic Acid Face Serum - 2.5% Pure Hyaluronic Serum + 3% B5, Anti Wrinkle + Anti Aging Serum for Face with Vitamin C & E, Aloe - Antiaging Hydrating Serum, Hylunaric Acid Serum",
        "price": "$9.99 ($9.99 / Fl Oz)",
        "listPrice": "$11.99 ($11.99 / Fl Oz)",
        "imageUrl": "https://m.media-amazon.com/images/I/51nfiw3lEqL._SL160_.jpg",
        "detailPageURL": "https://www.amazon.com/dp/B07P8ZN5JS",
        "rating": "4.3",
        "totalReviews": "24024",
        "subtitle": "Eclat Skincare",
        "isPrimeEligible": "1"
    },
    {
        "ASIN": "B08937VD6Z",
        "title": "Neutrogena Hydro Boost Hyaluronic Acid Serum For Face with Vitamin B5, Lightweight Hydrating Face Serum for Dry Skin, Oil-Free, Non-Comedogenic, Fragrance Free, 1 oz",
        "price": "$14.97",
        "listPrice": "$26.79",
        "imageUrl": "https://m.media-amazon.com/images/I/41UY4Zztb6L._SL160_.jpg",
        "detailPageURL": "https://www.amazon.com/dp/B08937VD6Z",
        "rating": "4.6",
        "totalReviews": "7419",
        "subtitle": "Neutrogena",
        "isPrimeEligible": "1"
    },
    {
        "ASIN": "B075VX4QVM",
        "title": "La Roche-Posay Hyalu B5 Pure Hyaluronic Acid Serum for Face, with Vitamin B5, Anti-Aging Serum for Fine Lines and Wrinkles, Hydrating Serum to Plump and Repair Dry Skin, Safe on Sensitive Skin",
        "price": "$39.99",
        "listPrice": "",
        "imageUrl": "https://m.media-amazon.com/images/I/31VIspCKnjL._SL160_.jpg",
        "detailPageURL": "https://www.amazon.com/dp/B075VX4QVM",
        "rating": "4.6",
        "totalReviews": "21026",
        "subtitle": "",
        "isPrimeEligible": "1"
    },
    {
        "ASIN": "B07VRTP6SY",
        "title": "Pacifica Beauty, Glow Baby Booster Serum For Face, Vitamin C and Glycolic acid, Brightens and Supports, For All Skin Types, Fragrance Free, Clean Skin Care, Vegan and Cruelty Free , 1 Fl oz",
        "price": "$15.99",
        "listPrice": "",
        "imageUrl": "https://m.media-amazon.com/images/I/41ZmSGGmd6L._SL160_.jpg",
        "detailPageURL": "https://www.amazon.com/dp/B07VRTP6SY",
        "rating": "4.5",
        "totalReviews": "2355",
        "subtitle": "Pacifica",
        "isPrimeEligible": "1"
    },
    {
        "ASIN": "B08RJ4ZHXJ",
        "title": "Good Molecules Discoloration Correcting Serum 30ml/1oz - Tranexamic Acid and Niacinamide for Dark Spots, Acne Scars, Sun Damage, Hyperpigmentation, and Age Spots - Fragrance Free, Vegan, and pH 5.5",
        "price": "$12.00 ($12.00 / Fl Oz)",
        "listPrice": "",
        "imageUrl": "https://m.media-amazon.com/images/I/31xC2dIgfoL._SL160_.jpg",
        "detailPageURL": "https://www.amazon.com/dp/B08RJ4ZHXJ",
        "rating": "4.3",
        "totalReviews": "2101",
        "subtitle": "Good Molecules",
        "isPrimeEligible": "1"
    },
    {
        "ASIN": "B09TVZNLG4",
        "title": "Premium 20% \ud835\udc2f\ud835\udc22\ud835\udc2d\ud835\udc1a\ud835\udc26\ud835\udc22\ud835\udc27 \ud835\udc1c \ud835\udc2c\ud835\udc1e\ud835\udc2b\ud835\udc2e\ud835\udc26 - (2PACK) with Hyaluronic Acid, Retinol & Amino Acids - Boost Skin Collagen,Hydrate & Plump Skin, Anti Aging & Wrinkle Facial Serum",
        "price": "$9.99 ($5.00 / Fl Oz)",
        "listPrice": "$11.99 ($6.00 / Fl Oz)",
        "imageUrl": "https://m.media-amazon.com/images/I/51xxInUbtvL._SL160_.jpg",
        "detailPageURL": "https://www.amazon.com/dp/B09TVZNLG4",
        "rating": "4.3",
        "totalReviews": "14349",
        "subtitle": "ELBBUB",
        "isPrimeEligible": "1"
    },
    {
        "ASIN": "B09ZYB8S31",
        "title": "COSRX Niacinamide 15% Face Serum, Minimize Enlarged Pores, Redness Relief, Blemish & Discoloration Correcting Treatment, 0.67 fl.oz/20 ml, Not Tested on Animals, Korean Skincare",
        "price": "$14.50 ($21.64 / Fl Oz)",
        "listPrice": "$25.00 ($37.31 / Fl Oz)",
        "imageUrl": "https://m.media-amazon.com/images/I/41f8rWY86CL._SL160_.jpg",
        "detailPageURL": "https://www.amazon.com/dp/B09ZYB8S31",
        "rating": "4.6",
        "totalReviews": "443",
        "subtitle": "COSRX",
        "isPrimeEligible": "1"
    },
    {
        "ASIN": "B08TM8DLFJ",
        "title": "Good Molecules Hyaluronic Acid Serum 30ml/1oz - Deep Hydration for Dry Skin, Non-greasy Formula to Moisturize, Plump, Firm, and Smooth for Youthful Skin - 10% HA, Water-Based, Fragrance-Free, Cruelty-Free",
        "price": "$6.00 ($6.00 / Fl Oz)",
        "listPrice": "",
        "imageUrl": "https://m.media-amazon.com/images/I/31N6x40bNpL._SL160_.jpg",
        "detailPageURL": "https://www.amazon.com/dp/B08TM8DLFJ",
        "rating": "4.6",
        "totalReviews": "2297",
        "subtitle": "Good Molecules",
        "isPrimeEligible": "1"
    },
    {
        "ASIN": "B01B5G45R6",
        "title": "ArtNaturals Anti-Aging-Set with Vitamin-C Retinol and Hyaluronic-Acid - Serum for Anti Wrinkle and Dark Circle Remover \u2013 All Natural and Moisturizing (3 x 1 Fl Oz / 30ml) (ANAA-0101)",
        "price": "$24.95 ($8.32 / Fl Oz)",
        "listPrice": "$30.95 ($10.32 / Fl Oz)",
        "imageUrl": "https://m.media-amazon.com/images/I/51LOr3p46XL._SL160_.jpg",
        "detailPageURL": "https://www.amazon.com/dp/B01B5G45R6",
        "rating": "4.5",
        "totalReviews": "8514",
        "subtitle": "Artnaturals",
        "isPrimeEligible": "1"
    },
    {
        "ASIN": "B07P8ZN5JS",
        "title": "\ud835\udde7\ud835\udde2\ud835\udde3 \ud835\udfee\ud835\udfec\ud835\udfee\ud835\udfef* Hyaluronic Acid Face Serum - 2.5% Pure Hyaluronic Serum + 3% B5, Anti Wrinkle + Anti Aging Serum for Face with Vitamin C & E, Aloe - Antiaging Hydrating Serum, Hylunaric Acid Serum",
        "price": "$9.99 ($9.99 / Fl Oz)",
        "listPrice": "$11.99 ($11.99 / Fl Oz)",
        "imageUrl": "https://m.media-amazon.com/images/I/51nfiw3lEqL._SL160_.jpg",
        "detailPageURL": "https://www.amazon.com/dp/B07P8ZN5JS",
        "rating": "4.3",
        "totalReviews": "24024",
        "subtitle": "Eclat Skincare",
        "isPrimeEligible": "1"
    },
    {
        "ASIN": "B08937VD6Z",
        "title": "Neutrogena Hydro Boost Hyaluronic Acid Serum For Face with Vitamin B5, Lightweight Hydrating Face Serum for Dry Skin, Oil-Free, Non-Comedogenic, Fragrance Free, 1 oz",
        "price": "$14.97",
        "listPrice": "$26.79",
        "imageUrl": "https://m.media-amazon.com/images/I/41UY4Zztb6L._SL160_.jpg",
        "detailPageURL": "https://www.amazon.com/dp/B08937VD6Z",
        "rating": "4.6",
        "totalReviews": "7419",
        "subtitle": "Neutrogena",
        "isPrimeEligible": "1"
    },
    {
        "ASIN": "B075VX4QVM",
        "title": "La Roche-Posay Hyalu B5 Pure Hyaluronic Acid Serum for Face, with Vitamin B5, Anti-Aging Serum for Fine Lines and Wrinkles, Hydrating Serum to Plump and Repair Dry Skin, Safe on Sensitive Skin",
        "price": "$39.99",
        "listPrice": "",
        "imageUrl": "https://m.media-amazon.com/images/I/31VIspCKnjL._SL160_.jpg",
        "detailPageURL": "https://www.amazon.com/dp/B075VX4QVM",
        "rating": "4.6",
        "totalReviews": "21026",
        "subtitle": "",
        "isPrimeEligible": "1"
    },
    {
        "ASIN": "B07VRTP6SY",
        "title": "Pacifica Beauty, Glow Baby Booster Serum For Face, Vitamin C and Glycolic acid, Brightens and Supports, For All Skin Types, Fragrance Free, Clean Skin Care, Vegan and Cruelty Free , 1 Fl oz",
        "price": "$15.99",
        "listPrice": "",
        "imageUrl": "https://m.media-amazon.com/images/I/41ZmSGGmd6L._SL160_.jpg",
        "detailPageURL": "https://www.amazon.com/dp/B07VRTP6SY",
        "rating": "4.5",
        "totalReviews": "2355",
        "subtitle": "Pacifica",
        "isPrimeEligible": "1"
    },
    {
        "ASIN": "B08RJ4ZHXJ",
        "title": "Good Molecules Discoloration Correcting Serum 30ml/1oz - Tranexamic Acid and Niacinamide for Dark Spots, Acne Scars, Sun Damage, Hyperpigmentation, and Age Spots - Fragrance Free, Vegan, and pH 5.5",
        "price": "$12.00 ($12.00 / Fl Oz)",
        "listPrice": "",
        "imageUrl": "https://m.media-amazon.com/images/I/31xC2dIgfoL._SL160_.jpg",
        "detailPageURL": "https://www.amazon.com/dp/B08RJ4ZHXJ",
        "rating": "4.3",
        "totalReviews": "2101",
        "subtitle": "Good Molecules",
        "isPrimeEligible": "1"
    },
    {
        "ASIN": "B09TVZNLG4",
        "title": "Premium 20% \ud835\udc2f\ud835\udc22\ud835\udc2d\ud835\udc1a\ud835\udc26\ud835\udc22\ud835\udc27 \ud835\udc1c \ud835\udc2c\ud835\udc1e\ud835\udc2b\ud835\udc2e\ud835\udc26 - (2PACK) with Hyaluronic Acid, Retinol & Amino Acids - Boost Skin Collagen,Hydrate & Plump Skin, Anti Aging & Wrinkle Facial Serum",
        "price": "$9.99 ($5.00 / Fl Oz)",
        "listPrice": "$11.99 ($6.00 / Fl Oz)",
        "imageUrl": "https://m.media-amazon.com/images/I/51xxInUbtvL._SL160_.jpg",
        "detailPageURL": "https://www.amazon.com/dp/B09TVZNLG4",
        "rating": "4.3",
        "totalReviews": "14349",
        "subtitle": "ELBBUB",
        "isPrimeEligible": "1"
    },
    {
        "ASIN": "B09ZYB8S31",
        "title": "COSRX Niacinamide 15% Face Serum, Minimize Enlarged Pores, Redness Relief, Blemish & Discoloration Correcting Treatment, 0.67 fl.oz/20 ml, Not Tested on Animals, Korean Skincare",
        "price": "$14.50 ($21.64 / Fl Oz)",
        "listPrice": "$25.00 ($37.31 / Fl Oz)",
        "imageUrl": "https://m.media-amazon.com/images/I/41f8rWY86CL._SL160_.jpg",
        "detailPageURL": "https://www.amazon.com/dp/B09ZYB8S31",
        "rating": "4.6",
        "totalReviews": "443",
        "subtitle": "COSRX",
        "isPrimeEligible": "1"
    },
    {
        "ASIN": "B08TM8DLFJ",
        "title": "Good Molecules Hyaluronic Acid Serum 30ml/1oz - Deep Hydration for Dry Skin, Non-greasy Formula to Moisturize, Plump, Firm, and Smooth for Youthful Skin - 10% HA, Water-Based, Fragrance-Free, Cruelty-Free",
        "price": "$6.00 ($6.00 / Fl Oz)",
        "listPrice": "",
        "imageUrl": "https://m.media-amazon.com/images/I/31N6x40bNpL._SL160_.jpg",
        "detailPageURL": "https://www.amazon.com/dp/B08TM8DLFJ",
        "rating": "4.6",
        "totalReviews": "2297",
        "subtitle": "Good Molecules",
        "isPrimeEligible": "1"
    },
    {
        "ASIN": "B08D9MVRXT",
        "title": "Aveeno Calm + Restore Triple Oat Hydrating Face Serum for Sensitive Skin, Gentle and Lightweight Facial Serum to Smooth and Fortify Skin, Hypoallergenic, Fragrance- and Paraben-Free, 1 fl. Oz",
        "price": "$13.66",
        "listPrice": "$27.09",
        "imageUrl": "https://m.media-amazon.com/images/I/41h9Vt4oKML._SL160_.jpg",
        "detailPageURL": "https://www.amazon.com/dp/B08D9MVRXT",
        "rating": "4.5",
        "totalReviews": "10666",
        "subtitle": "Aveeno",
        "isPrimeEligible": "1"
    },
    {
        "ASIN": "B07P8ZN5JS",
        "title": "\ud835\udde7\ud835\udde2\ud835\udde3 \ud835\udfee\ud835\udfec\ud835\udfee\ud835\udfef* Hyaluronic Acid Face Serum - 2.5% Pure Hyaluronic Serum + 3% B5, Anti Wrinkle + Anti Aging Serum for Face with Vitamin C & E, Aloe - Antiaging Hydrating Serum, Hylunaric Acid Serum",
        "price": "$9.99 ($9.99 / Fl Oz)",
        "listPrice": "$11.99 ($11.99 / Fl Oz)",
        "imageUrl": "https://m.media-amazon.com/images/I/51nfiw3lEqL._SL160_.jpg",
        "detailPageURL": "https://www.amazon.com/dp/B07P8ZN5JS",
        "rating": "4.3",
        "totalReviews": "24024",
        "subtitle": "Eclat Skincare",
        "isPrimeEligible": "1"
    },
    {
        "ASIN": "B08937VD6Z",
        "title": "Neutrogena Hydro Boost Hyaluronic Acid Serum For Face with Vitamin B5, Lightweight Hydrating Face Serum for Dry Skin, Oil-Free, Non-Comedogenic, Fragrance Free, 1 oz",
        "price": "$14.97",
        "listPrice": "$26.79",
        "imageUrl": "https://m.media-amazon.com/images/I/41UY4Zztb6L._SL160_.jpg",
        "detailPageURL": "https://www.amazon.com/dp/B08937VD6Z",
        "rating": "4.6",
        "totalReviews": "7419",
        "subtitle": "Neutrogena",
        "isPrimeEligible": "1"
    },
    {
        "ASIN": "B075VX4QVM",
        "title": "La Roche-Posay Hyalu B5 Pure Hyaluronic Acid Serum for Face, with Vitamin B5, Anti-Aging Serum for Fine Lines and Wrinkles, Hydrating Serum to Plump and Repair Dry Skin, Safe on Sensitive Skin",
        "price": "$39.99",
        "listPrice": "",
        "imageUrl": "https://m.media-amazon.com/images/I/31VIspCKnjL._SL160_.jpg",
        "detailPageURL": "https://www.amazon.com/dp/B075VX4QVM",
        "rating": "4.6",
        "totalReviews": "21026",
        "subtitle": "",
        "isPrimeEligible": "1"
    },
    {
        "ASIN": "B07VRTP6SY",
        "title": "Pacifica Beauty, Glow Baby Booster Serum For Face, Vitamin C and Glycolic acid, Brightens and Supports, For All Skin Types, Fragrance Free, Clean Skin Care, Vegan and Cruelty Free , 1 Fl oz",
        "price": "$15.99",
        "listPrice": "",
        "imageUrl": "https://m.media-amazon.com/images/I/41ZmSGGmd6L._SL160_.jpg",
        "detailPageURL": "https://www.amazon.com/dp/B07VRTP6SY",
        "rating": "4.5",
        "totalReviews": "2355",
        "subtitle": "Pacifica",
        "isPrimeEligible": "1"
    },
    {
        "ASIN": "B08RJ4ZHXJ",
        "title": "Good Molecules Discoloration Correcting Serum 30ml/1oz - Tranexamic Acid and Niacinamide for Dark Spots, Acne Scars, Sun Damage, Hyperpigmentation, and Age Spots - Fragrance Free, Vegan, and pH 5.5",
        "price": "$12.00 ($12.00 / Fl Oz)",
        "listPrice": "",
        "imageUrl": "https://m.media-amazon.com/images/I/31xC2dIgfoL._SL160_.jpg",
        "detailPageURL": "https://www.amazon.com/dp/B08RJ4ZHXJ",
        "rating": "4.3",
        "totalReviews": "2101",
        "subtitle": "Good Molecules",
        "isPrimeEligible": "1"
    },
    {
        "ASIN": "B09TVZNLG4",
        "title": "Premium 20% \ud835\udc2f\ud835\udc22\ud835\udc2d\ud835\udc1a\ud835\udc26\ud835\udc22\ud835\udc27 \ud835\udc1c \ud835\udc2c\ud835\udc1e\ud835\udc2b\ud835\udc2e\ud835\udc26 - (2PACK) with Hyaluronic Acid, Retinol & Amino Acids - Boost Skin Collagen,Hydrate & Plump Skin, Anti Aging & Wrinkle Facial Serum",
        "price": "$9.99 ($5.00 / Fl Oz)",
        "listPrice": "$11.99 ($6.00 / Fl Oz)",
        "imageUrl": "https://m.media-amazon.com/images/I/51xxInUbtvL._SL160_.jpg",
        "detailPageURL": "https://www.amazon.com/dp/B09TVZNLG4",
        "rating": "4.3",
        "totalReviews": "14349",
        "subtitle": "ELBBUB",
        "isPrimeEligible": "1"
    },
    {
        "ASIN": "B09ZYB8S31",
        "title": "COSRX Niacinamide 15% Face Serum, Minimize Enlarged Pores, Redness Relief, Blemish & Discoloration Correcting Treatment, 0.67 fl.oz/20 ml, Not Tested on Animals, Korean Skincare",
        "price": "$14.50 ($21.64 / Fl Oz)",
        "listPrice": "$25.00 ($37.31 / Fl Oz)",
        "imageUrl": "https://m.media-amazon.com/images/I/41f8rWY86CL._SL160_.jpg",
        "detailPageURL": "https://www.amazon.com/dp/B09ZYB8S31",
        "rating": "4.6",
        "totalReviews": "443",
        "subtitle": "COSRX",
        "isPrimeEligible": "1"
    },
    {
        "ASIN": "B08TM8DLFJ",
        "title": "Good Molecules Hyaluronic Acid Serum 30ml/1oz - Deep Hydration for Dry Skin, Non-greasy Formula to Moisturize, Plump, Firm, and Smooth for Youthful Skin - 10% HA, Water-Based, Fragrance-Free, Cruelty-Free",
        "price": "$6.00 ($6.00 / Fl Oz)",
        "listPrice": "",
        "imageUrl": "https://m.media-amazon.com/images/I/31N6x40bNpL._SL160_.jpg",
        "detailPageURL": "https://www.amazon.com/dp/B08TM8DLFJ",
        "rating": "4.6",
        "totalReviews": "2297",
        "subtitle": "Good Molecules",
        "isPrimeEligible": "1"
    },
    {
        "ASIN": "B08D9MVRXT",
        "title": "Aveeno Calm + Restore Triple Oat Hydrating Face Serum for Sensitive Skin, Gentle and Lightweight Facial Serum to Smooth and Fortify Skin, Hypoallergenic, Fragrance- and Paraben-Free, 1 fl. Oz",
        "price": "$13.66",
        "listPrice": "$27.09",
        "imageUrl": "https://m.media-amazon.com/images/I/41h9Vt4oKML._SL160_.jpg",
        "detailPageURL": "https://www.amazon.com/dp/B08D9MVRXT",
        "rating": "4.5",
        "totalReviews": "10666",
        "subtitle": "Aveeno",
        "isPrimeEligible": "1"
    },
    {
        "ASIN": "B0915K6WD3",
        "title": "numbuzin No.3 Skin Softening Serum | Pore Care, Textured Skin, Bifida, Galactomyces, Niacinamide, Adenosine, Panthenol | Korean Skin Care for Face (1.69 Fl Oz)",
        "price": "$22.60 ($13.37 / Fl Oz)",
        "listPrice": "$25.00 ($14.79 / Fl Oz)",
        "imageUrl": "https://m.media-amazon.com/images/I/31xrcp6go8L._SL160_.jpg",
        "detailPageURL": "https://www.amazon.com/dp/B0915K6WD3",
        "rating": "4.4",
        "totalReviews": "1415",
        "subtitle": "numbuzin",
        "isPrimeEligible": "1"
    },
    {
        "ASIN": "B08937VD6Z",
        "title": "Neutrogena Hydro Boost Hyaluronic Acid Serum For Face with Vitamin B5, Lightweight Hydrating Face Serum for Dry Skin, Oil-Free, Non-Comedogenic, Fragrance Free, 1 oz",
        "price": "$14.97",
        "listPrice": "$26.79",
        "imageUrl": "https://m.media-amazon.com/images/I/41UY4Zztb6L._SL160_.jpg",
        "detailPageURL": "https://www.amazon.com/dp/B08937VD6Z",
        "rating": "4.6",
        "totalReviews": "7419",
        "subtitle": "Neutrogena",
        "isPrimeEligible": "1"
    },
    {
        "ASIN": "B075VX4QVM",
        "title": "La Roche-Posay Hyalu B5 Pure Hyaluronic Acid Serum for Face, with Vitamin B5, Anti-Aging Serum for Fine Lines and Wrinkles, Hydrating Serum to Plump and Repair Dry Skin, Safe on Sensitive Skin",
        "price": "$39.99",
        "listPrice": "",
        "imageUrl": "https://m.media-amazon.com/images/I/31VIspCKnjL._SL160_.jpg",
        "detailPageURL": "https://www.amazon.com/dp/B075VX4QVM",
        "rating": "4.6",
        "totalReviews": "21026",
        "subtitle": "",
        "isPrimeEligible": "1"
    },
    {
        "ASIN": "B07VRTP6SY",
        "title": "Pacifica Beauty, Glow Baby Booster Serum For Face, Vitamin C and Glycolic acid, Brightens and Supports, For All Skin Types, Fragrance Free, Clean Skin Care, Vegan and Cruelty Free , 1 Fl oz",
        "price": "$15.99",
        "listPrice": "",
        "imageUrl": "https://m.media-amazon.com/images/I/41ZmSGGmd6L._SL160_.jpg",
        "detailPageURL": "https://www.amazon.com/dp/B07VRTP6SY",
        "rating": "4.5",
        "totalReviews": "2355",
        "subtitle": "Pacifica",
        "isPrimeEligible": "1"
    },
    {
        "ASIN": "B08RJ4ZHXJ",
        "title": "Good Molecules Discoloration Correcting Serum 30ml/1oz - Tranexamic Acid and Niacinamide for Dark Spots, Acne Scars, Sun Damage, Hyperpigmentation, and Age Spots - Fragrance Free, Vegan, and pH 5.5",
        "price": "$12.00 ($12.00 / Fl Oz)",
        "listPrice": "",
        "imageUrl": "https://m.media-amazon.com/images/I/31xC2dIgfoL._SL160_.jpg",
        "detailPageURL": "https://www.amazon.com/dp/B08RJ4ZHXJ",
        "rating": "4.3",
        "totalReviews": "2101",
        "subtitle": "Good Molecules",
        "isPrimeEligible": "1"
    },
    {
        "ASIN": "B09TVZNLG4",
        "title": "Premium 20% \ud835\udc2f\ud835\udc22\ud835\udc2d\ud835\udc1a\ud835\udc26\ud835\udc22\ud835\udc27 \ud835\udc1c \ud835\udc2c\ud835\udc1e\ud835\udc2b\ud835\udc2e\ud835\udc26 - (2PACK) with Hyaluronic Acid, Retinol & Amino Acids - Boost Skin Collagen,Hydrate & Plump Skin, Anti Aging & Wrinkle Facial Serum",
        "price": "$9.99 ($5.00 / Fl Oz)",
        "listPrice": "$11.99 ($6.00 / Fl Oz)",
        "imageUrl": "https://m.media-amazon.com/images/I/51xxInUbtvL._SL160_.jpg",
        "detailPageURL": "https://www.amazon.com/dp/B09TVZNLG4",
        "rating": "4.3",
        "totalReviews": "14349",
        "subtitle": "ELBBUB",
        "isPrimeEligible": "1"
    },
    {
        "ASIN": "B09ZYB8S31",
        "title": "COSRX Niacinamide 15% Face Serum, Minimize Enlarged Pores, Redness Relief, Blemish & Discoloration Correcting Treatment, 0.67 fl.oz/20 ml, Not Tested on Animals, Korean Skincare",
        "price": "$14.50 ($21.64 / Fl Oz)",
        "listPrice": "$25.00 ($37.31 / Fl Oz)",
        "imageUrl": "https://m.media-amazon.com/images/I/41f8rWY86CL._SL160_.jpg",
        "detailPageURL": "https://www.amazon.com/dp/B09ZYB8S31",
        "rating": "4.6",
        "totalReviews": "443",
        "subtitle": "COSRX",
        "isPrimeEligible": "1"
    },
    {
        "ASIN": "B08TM8DLFJ",
        "title": "Good Molecules Hyaluronic Acid Serum 30ml/1oz - Deep Hydration for Dry Skin, Non-greasy Formula to Moisturize, Plump, Firm, and Smooth for Youthful Skin - 10% HA, Water-Based, Fragrance-Free, Cruelty-Free",
        "price": "$6.00 ($6.00 / Fl Oz)",
        "listPrice": "",
        "imageUrl": "https://m.media-amazon.com/images/I/31N6x40bNpL._SL160_.jpg",
        "detailPageURL": "https://www.amazon.com/dp/B08TM8DLFJ",
        "rating": "4.6",
        "totalReviews": "2297",
        "subtitle": "Good Molecules",
        "isPrimeEligible": "1"
    },
    {
        "ASIN": "B08D9MVRXT",
        "title": "Aveeno Calm + Restore Triple Oat Hydrating Face Serum for Sensitive Skin, Gentle and Lightweight Facial Serum to Smooth and Fortify Skin, Hypoallergenic, Fragrance- and Paraben-Free, 1 fl. Oz",
        "price": "$13.66",
        "listPrice": "$27.09",
        "imageUrl": "https://m.media-amazon.com/images/I/41h9Vt4oKML._SL160_.jpg",
        "detailPageURL": "https://www.amazon.com/dp/B08D9MVRXT",
        "rating": "4.5",
        "totalReviews": "10666",
        "subtitle": "Aveeno",
        "isPrimeEligible": "1"
    },
    {
        "ASIN": "B0915K6WD3",
        "title": "numbuzin No.3 Skin Softening Serum | Pore Care, Textured Skin, Bifida, Galactomyces, Niacinamide, Adenosine, Panthenol | Korean Skin Care for Face (1.69 Fl Oz)",
        "price": "$22.60 ($13.37 / Fl Oz)",
        "listPrice": "$25.00 ($14.79 / Fl Oz)",
        "imageUrl": "https://m.media-amazon.com/images/I/31xrcp6go8L._SL160_.jpg",
        "detailPageURL": "https://www.amazon.com/dp/B0915K6WD3",
        "rating": "4.4",
        "totalReviews": "1415",
        "subtitle": "numbuzin",
        "isPrimeEligible": "1"
    },
    {
        "ASIN": "B07QFHZZZL",
        "title": "The Ordinary Face Serum Set! Caffeine Solution 5%+EGCG! Hyaluronic Acid 2%+B5! Niacinamide 10% + Zinc 1%! Help Fight Visible Blemishes And Improve The Look Of Skin Texture&Radiance",
        "price": "$31.25",
        "listPrice": "",
        "imageUrl": "https://m.media-amazon.com/images/I/41I2Z44ByOL._SL160_.jpg",
        "detailPageURL": "https://www.amazon.com/dp/B07QFHZZZL",
        "rating": "4.6",
        "totalReviews": "5442",
        "subtitle": "THE ORDINARY",
        "isPrimeEligible": "1"
    },
    {
        "ASIN": "B075VX4QVM",
        "title": "La Roche-Posay Hyalu B5 Pure Hyaluronic Acid Serum for Face, with Vitamin B5, Anti-Aging Serum for Fine Lines and Wrinkles, Hydrating Serum to Plump and Repair Dry Skin, Safe on Sensitive Skin",
        "price": "$39.99",
        "listPrice": "",
        "imageUrl": "https://m.media-amazon.com/images/I/31VIspCKnjL._SL160_.jpg",
        "detailPageURL": "https://www.amazon.com/dp/B075VX4QVM",
        "rating": "4.6",
        "totalReviews": "21026",
        "subtitle": "",
        "isPrimeEligible": "1"
    },
    {
        "ASIN": "B07VRTP6SY",
        "title": "Pacifica Beauty, Glow Baby Booster Serum For Face, Vitamin C and Glycolic acid, Brightens and Supports, For All Skin Types, Fragrance Free, Clean Skin Care, Vegan and Cruelty Free , 1 Fl oz",
        "price": "$15.99",
        "listPrice": "",
        "imageUrl": "https://m.media-amazon.com/images/I/41ZmSGGmd6L._SL160_.jpg",
        "detailPageURL": "https://www.amazon.com/dp/B07VRTP6SY",
        "rating": "4.5",
        "totalReviews": "2355",
        "subtitle": "Pacifica",
        "isPrimeEligible": "1"
    },
    {
        "ASIN": "B08RJ4ZHXJ",
        "title": "Good Molecules Discoloration Correcting Serum 30ml/1oz - Tranexamic Acid and Niacinamide for Dark Spots, Acne Scars, Sun Damage, Hyperpigmentation, and Age Spots - Fragrance Free, Vegan, and pH 5.5",
        "price": "$12.00 ($12.00 / Fl Oz)",
        "listPrice": "",
        "imageUrl": "https://m.media-amazon.com/images/I/31xC2dIgfoL._SL160_.jpg",
        "detailPageURL": "https://www.amazon.com/dp/B08RJ4ZHXJ",
        "rating": "4.3",
        "totalReviews": "2101",
        "subtitle": "Good Molecules",
        "isPrimeEligible": "1"
    },
    {
        "ASIN": "B09TVZNLG4",
        "title": "Premium 20% \ud835\udc2f\ud835\udc22\ud835\udc2d\ud835\udc1a\ud835\udc26\ud835\udc22\ud835\udc27 \ud835\udc1c \ud835\udc2c\ud835\udc1e\ud835\udc2b\ud835\udc2e\ud835\udc26 - (2PACK) with Hyaluronic Acid, Retinol & Amino Acids - Boost Skin Collagen,Hydrate & Plump Skin, Anti Aging & Wrinkle Facial Serum",
        "price": "$9.99 ($5.00 / Fl Oz)",
        "listPrice": "$11.99 ($6.00 / Fl Oz)",
        "imageUrl": "https://m.media-amazon.com/images/I/51xxInUbtvL._SL160_.jpg",
        "detailPageURL": "https://www.amazon.com/dp/B09TVZNLG4",
        "rating": "4.3",
        "totalReviews": "14349",
        "subtitle": "ELBBUB",
        "isPrimeEligible": "1"
    },
    {
        "ASIN": "B09ZYB8S31",
        "title": "COSRX Niacinamide 15% Face Serum, Minimize Enlarged Pores, Redness Relief, Blemish & Discoloration Correcting Treatment, 0.67 fl.oz/20 ml, Not Tested on Animals, Korean Skincare",
        "price": "$14.50 ($21.64 / Fl Oz)",
        "listPrice": "$25.00 ($37.31 / Fl Oz)",
        "imageUrl": "https://m.media-amazon.com/images/I/41f8rWY86CL._SL160_.jpg",
        "detailPageURL": "https://www.amazon.com/dp/B09ZYB8S31",
        "rating": "4.6",
        "totalReviews": "443",
        "subtitle": "COSRX",
        "isPrimeEligible": "1"
    },
    {
        "ASIN": "B08TM8DLFJ",
        "title": "Good Molecules Hyaluronic Acid Serum 30ml/1oz - Deep Hydration for Dry Skin, Non-greasy Formula to Moisturize, Plump, Firm, and Smooth for Youthful Skin - 10% HA, Water-Based, Fragrance-Free, Cruelty-Free",
        "price": "$6.00 ($6.00 / Fl Oz)",
        "listPrice": "",
        "imageUrl": "https://m.media-amazon.com/images/I/31N6x40bNpL._SL160_.jpg",
        "detailPageURL": "https://www.amazon.com/dp/B08TM8DLFJ",
        "rating": "4.6",
        "totalReviews": "2297",
        "subtitle": "Good Molecules",
        "isPrimeEligible": "1"
    },
    {
        "ASIN": "B08D9MVRXT",
        "title": "Aveeno Calm + Restore Triple Oat Hydrating Face Serum for Sensitive Skin, Gentle and Lightweight Facial Serum to Smooth and Fortify Skin, Hypoallergenic, Fragrance- and Paraben-Free, 1 fl. Oz",
        "price": "$13.66",
        "listPrice": "$27.09",
        "imageUrl": "https://m.media-amazon.com/images/I/41h9Vt4oKML._SL160_.jpg",
        "detailPageURL": "https://www.amazon.com/dp/B08D9MVRXT",
        "rating": "4.5",
        "totalReviews": "10666",
        "subtitle": "Aveeno",
        "isPrimeEligible": "1"
    },
    {
        "ASIN": "B0915K6WD3",
        "title": "numbuzin No.3 Skin Softening Serum | Pore Care, Textured Skin, Bifida, Galactomyces, Niacinamide, Adenosine, Panthenol | Korean Skin Care for Face (1.69 Fl Oz)",
        "price": "$22.60 ($13.37 / Fl Oz)",
        "listPrice": "$25.00 ($14.79 / Fl Oz)",
        "imageUrl": "https://m.media-amazon.com/images/I/31xrcp6go8L._SL160_.jpg",
        "detailPageURL": "https://www.amazon.com/dp/B0915K6WD3",
        "rating": "4.4",
        "totalReviews": "1415",
        "subtitle": "numbuzin",
        "isPrimeEligible": "1"
    },
    {
        "ASIN": "B07QFHZZZL",
        "title": "The Ordinary Face Serum Set! Caffeine Solution 5%+EGCG! Hyaluronic Acid 2%+B5! Niacinamide 10% + Zinc 1%! Help Fight Visible Blemishes And Improve The Look Of Skin Texture&Radiance",
        "price": "$31.25",
        "listPrice": "",
        "imageUrl": "https://m.media-amazon.com/images/I/41I2Z44ByOL._SL160_.jpg",
        "detailPageURL": "https://www.amazon.com/dp/B07QFHZZZL",
        "rating": "4.6",
        "totalReviews": "5442",
        "subtitle": "THE ORDINARY",
        "isPrimeEligible": "1"
    },
    {
        "ASIN": "B07P5TMHD9",
        "title": "Vitamin C Face Serum - Hyaluronic Acid, Ferulic Acid, & Vit E - Anti Aging Facial Brightening Serum for Skin Care - Timeless Pure Vitamin C Serum for Face, Vit C Serum Oil",
        "price": "$15.99",
        "listPrice": "$28.99",
        "imageUrl": "https://m.media-amazon.com/images/I/51OmaAN4z1L._SL160_.jpg",
        "detailPageURL": "https://www.amazon.com/dp/B07P5TMHD9",
        "rating": "4.3",
        "totalReviews": "22838",
        "subtitle": "Eclat Skincare",
        "isPrimeEligible": "1"
    },
    {
        "ASIN": "B07VRTP6SY",
        "title": "Pacifica Beauty, Glow Baby Booster Serum For Face, Vitamin C and Glycolic acid, Brightens and Supports, For All Skin Types, Fragrance Free, Clean Skin Care, Vegan and Cruelty Free , 1 Fl oz",
        "price": "$15.99",
        "listPrice": "",
        "imageUrl": "https://m.media-amazon.com/images/I/41ZmSGGmd6L._SL160_.jpg",
        "detailPageURL": "https://www.amazon.com/dp/B07VRTP6SY",
        "rating": "4.5",
        "totalReviews": "2355",
        "subtitle": "Pacifica",
        "isPrimeEligible": "1"
    },
    {
        "ASIN": "B08RJ4ZHXJ",
        "title": "Good Molecules Discoloration Correcting Serum 30ml/1oz - Tranexamic Acid and Niacinamide for Dark Spots, Acne Scars, Sun Damage, Hyperpigmentation, and Age Spots - Fragrance Free, Vegan, and pH 5.5",
        "price": "$12.00 ($12.00 / Fl Oz)",
        "listPrice": "",
        "imageUrl": "https://m.media-amazon.com/images/I/31xC2dIgfoL._SL160_.jpg",
        "detailPageURL": "https://www.amazon.com/dp/B08RJ4ZHXJ",
        "rating": "4.3",
        "totalReviews": "2101",
        "subtitle": "Good Molecules",
        "isPrimeEligible": "1"
    },
    {
        "ASIN": "B09TVZNLG4",
        "title": "Premium 20% \ud835\udc2f\ud835\udc22\ud835\udc2d\ud835\udc1a\ud835\udc26\ud835\udc22\ud835\udc27 \ud835\udc1c \ud835\udc2c\ud835\udc1e\ud835\udc2b\ud835\udc2e\ud835\udc26 - (2PACK) with Hyaluronic Acid, Retinol & Amino Acids - Boost Skin Collagen,Hydrate & Plump Skin, Anti Aging & Wrinkle Facial Serum",
        "price": "$9.99 ($5.00 / Fl Oz)",
        "listPrice": "$11.99 ($6.00 / Fl Oz)",
        "imageUrl": "https://m.media-amazon.com/images/I/51xxInUbtvL._SL160_.jpg",
        "detailPageURL": "https://www.amazon.com/dp/B09TVZNLG4",
        "rating": "4.3",
        "totalReviews": "14349",
        "subtitle": "ELBBUB",
        "isPrimeEligible": "1"
    },
    {
        "ASIN": "B09ZYB8S31",
        "title": "COSRX Niacinamide 15% Face Serum, Minimize Enlarged Pores, Redness Relief, Blemish & Discoloration Correcting Treatment, 0.67 fl.oz/20 ml, Not Tested on Animals, Korean Skincare",
        "price": "$14.50 ($21.64 / Fl Oz)",
        "listPrice": "$25.00 ($37.31 / Fl Oz)",
        "imageUrl": "https://m.media-amazon.com/images/I/41f8rWY86CL._SL160_.jpg",
        "detailPageURL": "https://www.amazon.com/dp/B09ZYB8S31",
        "rating": "4.6",
        "totalReviews": "443",
        "subtitle": "COSRX",
        "isPrimeEligible": "1"
    },
    {
        "ASIN": "B08TM8DLFJ",
        "title": "Good Molecules Hyaluronic Acid Serum 30ml/1oz - Deep Hydration for Dry Skin, Non-greasy Formula to Moisturize, Plump, Firm, and Smooth for Youthful Skin - 10% HA, Water-Based, Fragrance-Free, Cruelty-Free",
        "price": "$6.00 ($6.00 / Fl Oz)",
        "listPrice": "",
        "imageUrl": "https://m.media-amazon.com/images/I/31N6x40bNpL._SL160_.jpg",
        "detailPageURL": "https://www.amazon.com/dp/B08TM8DLFJ",
        "rating": "4.6",
        "totalReviews": "2297",
        "subtitle": "Good Molecules",
        "isPrimeEligible": "1"
    },
    {
        "ASIN": "B08D9MVRXT",
        "title": "Aveeno Calm + Restore Triple Oat Hydrating Face Serum for Sensitive Skin, Gentle and Lightweight Facial Serum to Smooth and Fortify Skin, Hypoallergenic, Fragrance- and Paraben-Free, 1 fl. Oz",
        "price": "$13.66",
        "listPrice": "$27.09",
        "imageUrl": "https://m.media-amazon.com/images/I/41h9Vt4oKML._SL160_.jpg",
        "detailPageURL": "https://www.amazon.com/dp/B08D9MVRXT",
        "rating": "4.5",
        "totalReviews": "10666",
        "subtitle": "Aveeno",
        "isPrimeEligible": "1"
    },
    {
        "ASIN": "B0915K6WD3",
        "title": "numbuzin No.3 Skin Softening Serum | Pore Care, Textured Skin, Bifida, Galactomyces, Niacinamide, Adenosine, Panthenol | Korean Skin Care for Face (1.69 Fl Oz)",
        "price": "$22.60 ($13.37 / Fl Oz)",
        "listPrice": "$25.00 ($14.79 / Fl Oz)",
        "imageUrl": "https://m.media-amazon.com/images/I/31xrcp6go8L._SL160_.jpg",
        "detailPageURL": "https://www.amazon.com/dp/B0915K6WD3",
        "rating": "4.4",
        "totalReviews": "1415",
        "subtitle": "numbuzin",
        "isPrimeEligible": "1"
    },
    {
        "ASIN": "B07QFHZZZL",
        "title": "The Ordinary Face Serum Set! Caffeine Solution 5%+EGCG! Hyaluronic Acid 2%+B5! Niacinamide 10% + Zinc 1%! Help Fight Visible Blemishes And Improve The Look Of Skin Texture&Radiance",
        "price": "$31.25",
        "listPrice": "",
        "imageUrl": "https://m.media-amazon.com/images/I/41I2Z44ByOL._SL160_.jpg",
        "detailPageURL": "https://www.amazon.com/dp/B07QFHZZZL",
        "rating": "4.6",
        "totalReviews": "5442",
        "subtitle": "THE ORDINARY",
        "isPrimeEligible": "1"
    },
    {
        "ASIN": "B07P5TMHD9",
        "title": "Vitamin C Face Serum - Hyaluronic Acid, Ferulic Acid, & Vit E - Anti Aging Facial Brightening Serum for Skin Care - Timeless Pure Vitamin C Serum for Face, Vit C Serum Oil",
        "price": "$15.99",
        "listPrice": "$28.99",
        "imageUrl": "https://m.media-amazon.com/images/I/51OmaAN4z1L._SL160_.jpg",
        "detailPageURL": "https://www.amazon.com/dp/B07P5TMHD9",
        "rating": "4.3",
        "totalReviews": "22838",
        "subtitle": "Eclat Skincare",
        "isPrimeEligible": "1"
    },
    {
        "ASIN": "B07XJ7XWLW",
        "title": "CeraVe Anti Aging Retinol Serum | Cream Serum for Smoothing Fine Lines and Skin Brightening | With Retinol, Hyaluronic Acid, Niacinamide, and Ceramides | 1 Ounce",
        "price": "$16.99",
        "listPrice": "$24.99",
        "imageUrl": "https://m.media-amazon.com/images/I/41NLZaGIIvL._SL160_.jpg",
        "detailPageURL": "https://www.amazon.com/dp/B07XJ7XWLW",
        "rating": "4.6",
        "totalReviews": "18466",
        "subtitle": "CeraVe",
        "isPrimeEligible": "1"
    },
    {
        "ASIN": "B08RJ4ZHXJ",
        "title": "Good Molecules Discoloration Correcting Serum 30ml/1oz - Tranexamic Acid and Niacinamide for Dark Spots, Acne Scars, Sun Damage, Hyperpigmentation, and Age Spots - Fragrance Free, Vegan, and pH 5.5",
        "price": "$12.00 ($12.00 / Fl Oz)",
        "listPrice": "",
        "imageUrl": "https://m.media-amazon.com/images/I/31xC2dIgfoL._SL160_.jpg",
        "detailPageURL": "https://www.amazon.com/dp/B08RJ4ZHXJ",
        "rating": "4.3",
        "totalReviews": "2101",
        "subtitle": "Good Molecules",
        "isPrimeEligible": "1"
    },
    {
        "ASIN": "B09TVZNLG4",
        "title": "Premium 20% \ud835\udc2f\ud835\udc22\ud835\udc2d\ud835\udc1a\ud835\udc26\ud835\udc22\ud835\udc27 \ud835\udc1c \ud835\udc2c\ud835\udc1e\ud835\udc2b\ud835\udc2e\ud835\udc26 - (2PACK) with Hyaluronic Acid, Retinol & Amino Acids - Boost Skin Collagen,Hydrate & Plump Skin, Anti Aging & Wrinkle Facial Serum",
        "price": "$9.99 ($5.00 / Fl Oz)",
        "listPrice": "$11.99 ($6.00 / Fl Oz)",
        "imageUrl": "https://m.media-amazon.com/images/I/51xxInUbtvL._SL160_.jpg",
        "detailPageURL": "https://www.amazon.com/dp/B09TVZNLG4",
        "rating": "4.3",
        "totalReviews": "14349",
        "subtitle": "ELBBUB",
        "isPrimeEligible": "1"
    },
    {
        "ASIN": "B09ZYB8S31",
        "title": "COSRX Niacinamide 15% Face Serum, Minimize Enlarged Pores, Redness Relief, Blemish & Discoloration Correcting Treatment, 0.67 fl.oz/20 ml, Not Tested on Animals, Korean Skincare",
        "price": "$14.50 ($21.64 / Fl Oz)",
        "listPrice": "$25.00 ($37.31 / Fl Oz)",
        "imageUrl": "https://m.media-amazon.com/images/I/41f8rWY86CL._SL160_.jpg",
        "detailPageURL": "https://www.amazon.com/dp/B09ZYB8S31",
        "rating": "4.6",
        "totalReviews": "443",
        "subtitle": "COSRX",
        "isPrimeEligible": "1"
    },
    {
        "ASIN": "B08TM8DLFJ",
        "title": "Good Molecules Hyaluronic Acid Serum 30ml/1oz - Deep Hydration for Dry Skin, Non-greasy Formula to Moisturize, Plump, Firm, and Smooth for Youthful Skin - 10% HA, Water-Based, Fragrance-Free, Cruelty-Free",
        "price": "$6.00 ($6.00 / Fl Oz)",
        "listPrice": "",
        "imageUrl": "https://m.media-amazon.com/images/I/31N6x40bNpL._SL160_.jpg",
        "detailPageURL": "https://www.amazon.com/dp/B08TM8DLFJ",
        "rating": "4.6",
        "totalReviews": "2297",
        "subtitle": "Good Molecules",
        "isPrimeEligible": "1"
    },
    {
        "ASIN": "B0915K6WD3",
        "title": "numbuzin No.3 Skin Softening Serum | Pore Care, Textured Skin, Bifida, Galactomyces, Niacinamide, Adenosine, Panthenol | Korean Skin Care for Face (1.69 Fl Oz)",
        "price": "$22.60 ($13.37 / Fl Oz)",
        "listPrice": "$25.00 ($14.79 / Fl Oz)",
        "imageUrl": "https://m.media-amazon.com/images/I/31xrcp6go8L._SL160_.jpg",
        "detailPageURL": "https://www.amazon.com/dp/B0915K6WD3",
        "rating": "4.4",
        "totalReviews": "1415",
        "subtitle": "numbuzin",
        "isPrimeEligible": "1"
    },
    {
        "ASIN": "B07QFHZZZL",
        "title": "The Ordinary Face Serum Set! Caffeine Solution 5%+EGCG! Hyaluronic Acid 2%+B5! Niacinamide 10% + Zinc 1%! Help Fight Visible Blemishes And Improve The Look Of Skin Texture&Radiance",
        "price": "$31.25",
        "listPrice": "",
        "imageUrl": "https://m.media-amazon.com/images/I/41I2Z44ByOL._SL160_.jpg",
        "detailPageURL": "https://www.amazon.com/dp/B07QFHZZZL",
        "rating": "4.6",
        "totalReviews": "5442",
        "subtitle": "THE ORDINARY",
        "isPrimeEligible": "1"
    },
    {
        "ASIN": "B08D9MVRXT",
        "title": "Aveeno Calm + Restore Triple Oat Hydrating Face Serum for Sensitive Skin, Gentle and Lightweight Facial Serum to Smooth and Fortify Skin, Hypoallergenic, Fragrance- and Paraben-Free, 1 fl. Oz",
        "price": "$13.66",
        "listPrice": "$27.09",
        "imageUrl": "https://m.media-amazon.com/images/I/41h9Vt4oKML._SL160_.jpg",
        "detailPageURL": "https://www.amazon.com/dp/B08D9MVRXT",
        "rating": "4.5",
        "totalReviews": "10666",
        "subtitle": "Aveeno",
        "isPrimeEligible": "1"
    },
    {
        "ASIN": "B07P5TMHD9",
        "title": "Vitamin C Face Serum - Hyaluronic Acid, Ferulic Acid, & Vit E - Anti Aging Facial Brightening Serum for Skin Care - Timeless Pure Vitamin C Serum for Face, Vit C Serum Oil",
        "price": "$15.99",
        "listPrice": "$28.99",
        "imageUrl": "https://m.media-amazon.com/images/I/51OmaAN4z1L._SL160_.jpg",
        "detailPageURL": "https://www.amazon.com/dp/B07P5TMHD9",
        "rating": "4.3",
        "totalReviews": "22838",
        "subtitle": "Eclat Skincare",
        "isPrimeEligible": "1"
    },
    {
        "ASIN": "B07XJ7XWLW",
        "title": "CeraVe Anti Aging Retinol Serum | Cream Serum for Smoothing Fine Lines and Skin Brightening | With Retinol, Hyaluronic Acid, Niacinamide, and Ceramides | 1 Ounce",
        "price": "$16.99",
        "listPrice": "$24.99",
        "imageUrl": "https://m.media-amazon.com/images/I/41NLZaGIIvL._SL160_.jpg",
        "detailPageURL": "https://www.amazon.com/dp/B07XJ7XWLW",
        "rating": "4.6",
        "totalReviews": "18466",
        "subtitle": "CeraVe",
        "isPrimeEligible": "1"
    },
    {
        "ASIN": "B07Y469VXX",
        "title": "Naturium Vitamin C Complex Face Serum, Brightening & Anti-Aging Facial Treatment with Hyaluronic Acid & Vitamin E, 1 oz",
        "price": "$20.99",
        "listPrice": "",
        "imageUrl": "https://m.media-amazon.com/images/I/31i2oz6KIjL._SL160_.jpg",
        "detailPageURL": "https://www.amazon.com/dp/B07Y469VXX",
        "rating": "4.6",
        "totalReviews": "5238",
        "subtitle": "Naturium",
        "isPrimeEligible": "1"
    },
    {
        "ASIN": "B09TVZNLG4",
        "title": "Premium 20% \ud835\udc2f\ud835\udc22\ud835\udc2d\ud835\udc1a\ud835\udc26\ud835\udc22\ud835\udc27 \ud835\udc1c \ud835\udc2c\ud835\udc1e\ud835\udc2b\ud835\udc2e\ud835\udc26 - (2PACK) with Hyaluronic Acid, Retinol & Amino Acids - Boost Skin Collagen,Hydrate & Plump Skin, Anti Aging & Wrinkle Facial Serum",
        "price": "$9.99 ($5.00 / Fl Oz)",
        "listPrice": "$11.99 ($6.00 / Fl Oz)",
        "imageUrl": "https://m.media-amazon.com/images/I/51xxInUbtvL._SL160_.jpg",
        "detailPageURL": "https://www.amazon.com/dp/B09TVZNLG4",
        "rating": "4.3",
        "totalReviews": "14349",
        "subtitle": "ELBBUB",
        "isPrimeEligible": "1"
    },
    {
        "ASIN": "B09ZYB8S31",
        "title": "COSRX Niacinamide 15% Face Serum, Minimize Enlarged Pores, Redness Relief, Blemish & Discoloration Correcting Treatment, 0.67 fl.oz/20 ml, Not Tested on Animals, Korean Skincare",
        "price": "$14.50 ($21.64 / Fl Oz)",
        "listPrice": "$25.00 ($37.31 / Fl Oz)",
        "imageUrl": "https://m.media-amazon.com/images/I/41f8rWY86CL._SL160_.jpg",
        "detailPageURL": "https://www.amazon.com/dp/B09ZYB8S31",
        "rating": "4.6",
        "totalReviews": "443",
        "subtitle": "COSRX",
        "isPrimeEligible": "1"
    },
    {
        "ASIN": "B08TM8DLFJ",
        "title": "Good Molecules Hyaluronic Acid Serum 30ml/1oz - Deep Hydration for Dry Skin, Non-greasy Formula to Moisturize, Plump, Firm, and Smooth for Youthful Skin - 10% HA, Water-Based, Fragrance-Free, Cruelty-Free",
        "price": "$6.00 ($6.00 / Fl Oz)",
        "listPrice": "",
        "imageUrl": "https://m.media-amazon.com/images/I/31N6x40bNpL._SL160_.jpg",
        "detailPageURL": "https://www.amazon.com/dp/B08TM8DLFJ",
        "rating": "4.6",
        "totalReviews": "2297",
        "subtitle": "Good Molecules",
        "isPrimeEligible": "1"
    },
    {
        "ASIN": "B0915K6WD3",
        "title": "numbuzin No.3 Skin Softening Serum | Pore Care, Textured Skin, Bifida, Galactomyces, Niacinamide, Adenosine, Panthenol | Korean Skin Care for Face (1.69 Fl Oz)",
        "price": "$22.60 ($13.37 / Fl Oz)",
        "listPrice": "$25.00 ($14.79 / Fl Oz)",
        "imageUrl": "https://m.media-amazon.com/images/I/31xrcp6go8L._SL160_.jpg",
        "detailPageURL": "https://www.amazon.com/dp/B0915K6WD3",
        "rating": "4.4",
        "totalReviews": "1415",
        "subtitle": "numbuzin",
        "isPrimeEligible": "1"
    },
    {
        "ASIN": "B07QFHZZZL",
        "title": "The Ordinary Face Serum Set! Caffeine Solution 5%+EGCG! Hyaluronic Acid 2%+B5! Niacinamide 10% + Zinc 1%! Help Fight Visible Blemishes And Improve The Look Of Skin Texture&Radiance",
        "price": "$31.25",
        "listPrice": "",
        "imageUrl": "https://m.media-amazon.com/images/I/41I2Z44ByOL._SL160_.jpg",
        "detailPageURL": "https://www.amazon.com/dp/B07QFHZZZL",
        "rating": "4.6",
        "totalReviews": "5442",
        "subtitle": "THE ORDINARY",
        "isPrimeEligible": "1"
    },
    {
        "ASIN": "B08D9MVRXT",
        "title": "Aveeno Calm + Restore Triple Oat Hydrating Face Serum for Sensitive Skin, Gentle and Lightweight Facial Serum to Smooth and Fortify Skin, Hypoallergenic, Fragrance- and Paraben-Free, 1 fl. Oz",
        "price": "$13.66",
        "listPrice": "$27.09",
        "imageUrl": "https://m.media-amazon.com/images/I/41h9Vt4oKML._SL160_.jpg",
        "detailPageURL": "https://www.amazon.com/dp/B08D9MVRXT",
        "rating": "4.5",
        "totalReviews": "10666",
        "subtitle": "Aveeno",
        "isPrimeEligible": "1"
    },
    {
        "ASIN": "B07P5TMHD9",
        "title": "Vitamin C Face Serum - Hyaluronic Acid, Ferulic Acid, & Vit E - Anti Aging Facial Brightening Serum for Skin Care - Timeless Pure Vitamin C Serum for Face, Vit C Serum Oil",
        "price": "$15.99",
        "listPrice": "$28.99",
        "imageUrl": "https://m.media-amazon.com/images/I/51OmaAN4z1L._SL160_.jpg",
        "detailPageURL": "https://www.amazon.com/dp/B07P5TMHD9",
        "rating": "4.3",
        "totalReviews": "22838",
        "subtitle": "Eclat Skincare",
        "isPrimeEligible": "1"
    },
    {
        "ASIN": "B07XJ7XWLW",
        "title": "CeraVe Anti Aging Retinol Serum | Cream Serum for Smoothing Fine Lines and Skin Brightening | With Retinol, Hyaluronic Acid, Niacinamide, and Ceramides | 1 Ounce",
        "price": "$16.99",
        "listPrice": "$24.99",
        "imageUrl": "https://m.media-amazon.com/images/I/41NLZaGIIvL._SL160_.jpg",
        "detailPageURL": "https://www.amazon.com/dp/B07XJ7XWLW",
        "rating": "4.6",
        "totalReviews": "18466",
        "subtitle": "CeraVe",
        "isPrimeEligible": "1"
    },
    {
        "ASIN": "B07Y469VXX",
        "title": "Naturium Vitamin C Complex Face Serum, Brightening & Anti-Aging Facial Treatment with Hyaluronic Acid & Vitamin E, 1 oz",
        "price": "$20.99",
        "listPrice": "",
        "imageUrl": "https://m.media-amazon.com/images/I/31i2oz6KIjL._SL160_.jpg",
        "detailPageURL": "https://www.amazon.com/dp/B07Y469VXX",
        "rating": "4.6",
        "totalReviews": "5238",
        "subtitle": "Naturium",
        "isPrimeEligible": "1"
    },
    {
        "ASIN": "B003L8RVZ0",
        "title": "Mario Badescu Vitamin C Serum for All Skin Types | Lightweight Serum with Vitamin C & Sodium Hyaluronate | Visibly Reduces Signs of Aging | 1 Fl Oz (Pack of 1)",
        "price": "$40.45",
        "listPrice": "$45.00",
        "imageUrl": "https://m.media-amazon.com/images/I/31AAb5l8buL._SL160_.jpg",
        "detailPageURL": "https://www.amazon.com/dp/B003L8RVZ0",
        "rating": "4.5",
        "totalReviews": "1398",
        "subtitle": "",
        "isPrimeEligible": "1"
    },
    {
        "ASIN": "B09ZYB8S31",
        "title": "COSRX Niacinamide 15% Face Serum, Minimize Enlarged Pores, Redness Relief, Blemish & Discoloration Correcting Treatment, 0.67 fl.oz/20 ml, Not Tested on Animals, Korean Skincare",
        "price": "$14.50 ($21.64 / Fl Oz)",
        "listPrice": "$25.00 ($37.31 / Fl Oz)",
        "imageUrl": "https://m.media-amazon.com/images/I/41f8rWY86CL._SL160_.jpg",
        "detailPageURL": "https://www.amazon.com/dp/B09ZYB8S31",
        "rating": "4.6",
        "totalReviews": "443",
        "subtitle": "COSRX",
        "isPrimeEligible": "1"
    },
    {
        "ASIN": "B08TM8DLFJ",
        "title": "Good Molecules Hyaluronic Acid Serum 30ml/1oz - Deep Hydration for Dry Skin, Non-greasy Formula to Moisturize, Plump, Firm, and Smooth for Youthful Skin - 10% HA, Water-Based, Fragrance-Free, Cruelty-Free",
        "price": "$6.00 ($6.00 / Fl Oz)",
        "listPrice": "",
        "imageUrl": "https://m.media-amazon.com/images/I/31N6x40bNpL._SL160_.jpg",
        "detailPageURL": "https://www.amazon.com/dp/B08TM8DLFJ",
        "rating": "4.6",
        "totalReviews": "2297",
        "subtitle": "Good Molecules",
        "isPrimeEligible": "1"
    },
    {
        "ASIN": "B0915K6WD3",
        "title": "numbuzin No.3 Skin Softening Serum | Pore Care, Textured Skin, Bifida, Galactomyces, Niacinamide, Adenosine, Panthenol | Korean Skin Care for Face (1.69 Fl Oz)",
        "price": "$22.60 ($13.37 / Fl Oz)",
        "listPrice": "$25.00 ($14.79 / Fl Oz)",
        "imageUrl": "https://m.media-amazon.com/images/I/31xrcp6go8L._SL160_.jpg",
        "detailPageURL": "https://www.amazon.com/dp/B0915K6WD3",
        "rating": "4.4",
        "totalReviews": "1415",
        "subtitle": "numbuzin",
        "isPrimeEligible": "1"
    },
    {
        "ASIN": "B07QFHZZZL",
        "title": "The Ordinary Face Serum Set! Caffeine Solution 5%+EGCG! Hyaluronic Acid 2%+B5! Niacinamide 10% + Zinc 1%! Help Fight Visible Blemishes And Improve The Look Of Skin Texture&Radiance",
        "price": "$31.25",
        "listPrice": "",
        "imageUrl": "https://m.media-amazon.com/images/I/41I2Z44ByOL._SL160_.jpg",
        "detailPageURL": "https://www.amazon.com/dp/B07QFHZZZL",
        "rating": "4.6",
        "totalReviews": "5442",
        "subtitle": "THE ORDINARY",
        "isPrimeEligible": "1"
    },
    {
        "ASIN": "B08D9MVRXT",
        "title": "Aveeno Calm + Restore Triple Oat Hydrating Face Serum for Sensitive Skin, Gentle and Lightweight Facial Serum to Smooth and Fortify Skin, Hypoallergenic, Fragrance- and Paraben-Free, 1 fl. Oz",
        "price": "$13.66",
        "listPrice": "$27.09",
        "imageUrl": "https://m.media-amazon.com/images/I/41h9Vt4oKML._SL160_.jpg",
        "detailPageURL": "https://www.amazon.com/dp/B08D9MVRXT",
        "rating": "4.5",
        "totalReviews": "10666",
        "subtitle": "Aveeno",
        "isPrimeEligible": "1"
    },
    {
        "ASIN": "B07P5TMHD9",
        "title": "Vitamin C Face Serum - Hyaluronic Acid, Ferulic Acid, & Vit E - Anti Aging Facial Brightening Serum for Skin Care - Timeless Pure Vitamin C Serum for Face, Vit C Serum Oil",
        "price": "$15.99",
        "listPrice": "$28.99",
        "imageUrl": "https://m.media-amazon.com/images/I/51OmaAN4z1L._SL160_.jpg",
        "detailPageURL": "https://www.amazon.com/dp/B07P5TMHD9",
        "rating": "4.3",
        "totalReviews": "22838",
        "subtitle": "Eclat Skincare",
        "isPrimeEligible": "1"
    },
    {
        "ASIN": "B07XJ7XWLW",
        "title": "CeraVe Anti Aging Retinol Serum | Cream Serum for Smoothing Fine Lines and Skin Brightening | With Retinol, Hyaluronic Acid, Niacinamide, and Ceramides | 1 Ounce",
        "price": "$16.99",
        "listPrice": "$24.99",
        "imageUrl": "https://m.media-amazon.com/images/I/41NLZaGIIvL._SL160_.jpg",
        "detailPageURL": "https://www.amazon.com/dp/B07XJ7XWLW",
        "rating": "4.6",
        "totalReviews": "18466",
        "subtitle": "CeraVe",
        "isPrimeEligible": "1"
    },
    {
        "ASIN": "B07Y469VXX",
        "title": "Naturium Vitamin C Complex Face Serum, Brightening & Anti-Aging Facial Treatment with Hyaluronic Acid & Vitamin E, 1 oz",
        "price": "$20.99",
        "listPrice": "",
        "imageUrl": "https://m.media-amazon.com/images/I/31i2oz6KIjL._SL160_.jpg",
        "detailPageURL": "https://www.amazon.com/dp/B07Y469VXX",
        "rating": "4.6",
        "totalReviews": "5238",
        "subtitle": "Naturium",
        "isPrimeEligible": "1"
    },
    {
        "ASIN": "B003L8RVZ0",
        "title": "Mario Badescu Vitamin C Serum for All Skin Types | Lightweight Serum with Vitamin C & Sodium Hyaluronate | Visibly Reduces Signs of Aging | 1 Fl Oz (Pack of 1)",
        "price": "$40.45",
        "listPrice": "$45.00",
        "imageUrl": "https://m.media-amazon.com/images/I/31AAb5l8buL._SL160_.jpg",
        "detailPageURL": "https://www.amazon.com/dp/B003L8RVZ0",
        "rating": "4.5",
        "totalReviews": "1398",
        "subtitle": "",
        "isPrimeEligible": "1"
    },
    {
        "ASIN": "B09X2H4SLY",
        "title": "La Roche-Posay Niacinamide 10 Face Serum, Brightening and Anti-Aging Facial Serum with 10% Niacinamide, Reduces the Look of Dark Spots, Discoloration, and Uneven Skin Tone",
        "price": "$39.99",
        "listPrice": "",
        "imageUrl": "https://m.media-amazon.com/images/I/31vxGBVNzAL._SL160_.jpg",
        "detailPageURL": "https://www.amazon.com/dp/B09X2H4SLY",
        "rating": "4.6",
        "totalReviews": "2113",
        "subtitle": "",
        "isPrimeEligible": "1"
    },
    {
        "ASIN": "B08TM8DLFJ",
        "title": "Good Molecules Hyaluronic Acid Serum 30ml/1oz - Deep Hydration for Dry Skin, Non-greasy Formula to Moisturize, Plump, Firm, and Smooth for Youthful Skin - 10% HA, Water-Based, Fragrance-Free, Cruelty-Free",
        "price": "$6.00 ($6.00 / Fl Oz)",
        "listPrice": "",
        "imageUrl": "https://m.media-amazon.com/images/I/31N6x40bNpL._SL160_.jpg",
        "detailPageURL": "https://www.amazon.com/dp/B08TM8DLFJ",
        "rating": "4.6",
        "totalReviews": "2297",
        "subtitle": "Good Molecules",
        "isPrimeEligible": "1"
    },
    {
        "ASIN": "B0915K6WD3",
        "title": "numbuzin No.3 Skin Softening Serum | Pore Care, Textured Skin, Bifida, Galactomyces, Niacinamide, Adenosine, Panthenol | Korean Skin Care for Face (1.69 Fl Oz)",
        "price": "$22.60 ($13.37 / Fl Oz)",
        "listPrice": "$25.00 ($14.79 / Fl Oz)",
        "imageUrl": "https://m.media-amazon.com/images/I/31xrcp6go8L._SL160_.jpg",
        "detailPageURL": "https://www.amazon.com/dp/B0915K6WD3",
        "rating": "4.4",
        "totalReviews": "1415",
        "subtitle": "numbuzin",
        "isPrimeEligible": "1"
    },
    {
        "ASIN": "B07QFHZZZL",
        "title": "The Ordinary Face Serum Set! Caffeine Solution 5%+EGCG! Hyaluronic Acid 2%+B5! Niacinamide 10% + Zinc 1%! Help Fight Visible Blemishes And Improve The Look Of Skin Texture&Radiance",
        "price": "$31.25",
        "listPrice": "",
        "imageUrl": "https://m.media-amazon.com/images/I/41I2Z44ByOL._SL160_.jpg",
        "detailPageURL": "https://www.amazon.com/dp/B07QFHZZZL",
        "rating": "4.6",
        "totalReviews": "5442",
        "subtitle": "THE ORDINARY",
        "isPrimeEligible": "1"
    },
    {
        "ASIN": "B08D9MVRXT",
        "title": "Aveeno Calm + Restore Triple Oat Hydrating Face Serum for Sensitive Skin, Gentle and Lightweight Facial Serum to Smooth and Fortify Skin, Hypoallergenic, Fragrance- and Paraben-Free, 1 fl. Oz",
        "price": "$13.66",
        "listPrice": "$27.09",
        "imageUrl": "https://m.media-amazon.com/images/I/41h9Vt4oKML._SL160_.jpg",
        "detailPageURL": "https://www.amazon.com/dp/B08D9MVRXT",
        "rating": "4.5",
        "totalReviews": "10666",
        "subtitle": "Aveeno",
        "isPrimeEligible": "1"
    },
    {
        "ASIN": "B07P5TMHD9",
        "title": "Vitamin C Face Serum - Hyaluronic Acid, Ferulic Acid, & Vit E - Anti Aging Facial Brightening Serum for Skin Care - Timeless Pure Vitamin C Serum for Face, Vit C Serum Oil",
        "price": "$15.99",
        "listPrice": "$28.99",
        "imageUrl": "https://m.media-amazon.com/images/I/51OmaAN4z1L._SL160_.jpg",
        "detailPageURL": "https://www.amazon.com/dp/B07P5TMHD9",
        "rating": "4.3",
        "totalReviews": "22838",
        "subtitle": "Eclat Skincare",
        "isPrimeEligible": "1"
    },
    {
        "ASIN": "B07XJ7XWLW",
        "title": "CeraVe Anti Aging Retinol Serum | Cream Serum for Smoothing Fine Lines and Skin Brightening | With Retinol, Hyaluronic Acid, Niacinamide, and Ceramides | 1 Ounce",
        "price": "$16.99",
        "listPrice": "$24.99",
        "imageUrl": "https://m.media-amazon.com/images/I/41NLZaGIIvL._SL160_.jpg",
        "detailPageURL": "https://www.amazon.com/dp/B07XJ7XWLW",
        "rating": "4.6",
        "totalReviews": "18466",
        "subtitle": "CeraVe",
        "isPrimeEligible": "1"
    },
    {
        "ASIN": "B07Y469VXX",
        "title": "Naturium Vitamin C Complex Face Serum, Brightening & Anti-Aging Facial Treatment with Hyaluronic Acid & Vitamin E, 1 oz",
        "price": "$20.99",
        "listPrice": "",
        "imageUrl": "https://m.media-amazon.com/images/I/31i2oz6KIjL._SL160_.jpg",
        "detailPageURL": "https://www.amazon.com/dp/B07Y469VXX",
        "rating": "4.6",
        "totalReviews": "5238",
        "subtitle": "Naturium",
        "isPrimeEligible": "1"
    },
    {
        "ASIN": "B003L8RVZ0",
        "title": "Mario Badescu Vitamin C Serum for All Skin Types | Lightweight Serum with Vitamin C & Sodium Hyaluronate | Visibly Reduces Signs of Aging | 1 Fl Oz (Pack of 1)",
        "price": "$40.45",
        "listPrice": "$45.00",
        "imageUrl": "https://m.media-amazon.com/images/I/31AAb5l8buL._SL160_.jpg",
        "detailPageURL": "https://www.amazon.com/dp/B003L8RVZ0",
        "rating": "4.5",
        "totalReviews": "1398",
        "subtitle": "",
        "isPrimeEligible": "1"
    },
    {
        "ASIN": "B09X2H4SLY",
        "title": "La Roche-Posay Niacinamide 10 Face Serum, Brightening and Anti-Aging Facial Serum with 10% Niacinamide, Reduces the Look of Dark Spots, Discoloration, and Uneven Skin Tone",
        "price": "$39.99",
        "listPrice": "",
        "imageUrl": "https://m.media-amazon.com/images/I/31vxGBVNzAL._SL160_.jpg",
        "detailPageURL": "https://www.amazon.com/dp/B09X2H4SLY",
        "rating": "4.6",
        "totalReviews": "2113",
        "subtitle": "",
        "isPrimeEligible": "1"
    },
    {
        "ASIN": "B01HOHBS7K",
        "title": "Neutrogena Hydro Boost Hydrating Hyaluronic Acid Serum, Oil-Free and Non-Comedogenic Face Serum Formula for Glowing Complexion, Oil-Free & Non-Comedogenic, 1 fl. oz",
        "price": "$15.94",
        "listPrice": "$26.79",
        "imageUrl": "https://m.media-amazon.com/images/I/41M1CaOT+KL._SL160_.jpg",
        "detailPageURL": "https://www.amazon.com/dp/B01HOHBS7K",
        "rating": "4.6",
        "totalReviews": "17725",
        "subtitle": "Neutrogena",
        "isPrimeEligible": "1"
    },
    {
        "ASIN": "B0915K6WD3",
        "title": "numbuzin No.3 Skin Softening Serum | Pore Care, Textured Skin, Bifida, Galactomyces, Niacinamide, Adenosine, Panthenol | Korean Skin Care for Face (1.69 Fl Oz)",
        "price": "$22.60 ($13.37 / Fl Oz)",
        "listPrice": "$25.00 ($14.79 / Fl Oz)",
        "imageUrl": "https://m.media-amazon.com/images/I/31xrcp6go8L._SL160_.jpg",
        "detailPageURL": "https://www.amazon.com/dp/B0915K6WD3",
        "rating": "4.4",
        "totalReviews": "1415",
        "subtitle": "numbuzin",
        "isPrimeEligible": "1"
    },
    {
        "ASIN": "B07QFHZZZL",
        "title": "The Ordinary Face Serum Set! Caffeine Solution 5%+EGCG! Hyaluronic Acid 2%+B5! Niacinamide 10% + Zinc 1%! Help Fight Visible Blemishes And Improve The Look Of Skin Texture&Radiance",
        "price": "$31.25",
        "listPrice": "",
        "imageUrl": "https://m.media-amazon.com/images/I/41I2Z44ByOL._SL160_.jpg",
        "detailPageURL": "https://www.amazon.com/dp/B07QFHZZZL",
        "rating": "4.6",
        "totalReviews": "5442",
        "subtitle": "THE ORDINARY",
        "isPrimeEligible": "1"
    },
    {
        "ASIN": "B08D9MVRXT",
        "title": "Aveeno Calm + Restore Triple Oat Hydrating Face Serum for Sensitive Skin, Gentle and Lightweight Facial Serum to Smooth and Fortify Skin, Hypoallergenic, Fragrance- and Paraben-Free, 1 fl. Oz",
        "price": "$13.66",
        "listPrice": "$27.09",
        "imageUrl": "https://m.media-amazon.com/images/I/41h9Vt4oKML._SL160_.jpg",
        "detailPageURL": "https://www.amazon.com/dp/B08D9MVRXT",
        "rating": "4.5",
        "totalReviews": "10666",
        "subtitle": "Aveeno",
        "isPrimeEligible": "1"
    },
    {
        "ASIN": "B07P5TMHD9",
        "title": "Vitamin C Face Serum - Hyaluronic Acid, Ferulic Acid, & Vit E - Anti Aging Facial Brightening Serum for Skin Care - Timeless Pure Vitamin C Serum for Face, Vit C Serum Oil",
        "price": "$15.99",
        "listPrice": "$28.99",
        "imageUrl": "https://m.media-amazon.com/images/I/51OmaAN4z1L._SL160_.jpg",
        "detailPageURL": "https://www.amazon.com/dp/B07P5TMHD9",
        "rating": "4.3",
        "totalReviews": "22838",
        "subtitle": "Eclat Skincare",
        "isPrimeEligible": "1"
    },
    {
        "ASIN": "B07XJ7XWLW",
        "title": "CeraVe Anti Aging Retinol Serum | Cream Serum for Smoothing Fine Lines and Skin Brightening | With Retinol, Hyaluronic Acid, Niacinamide, and Ceramides | 1 Ounce",
        "price": "$16.99",
        "listPrice": "$24.99",
        "imageUrl": "https://m.media-amazon.com/images/I/41NLZaGIIvL._SL160_.jpg",
        "detailPageURL": "https://www.amazon.com/dp/B07XJ7XWLW",
        "rating": "4.6",
        "totalReviews": "18466",
        "subtitle": "CeraVe",
        "isPrimeEligible": "1"
    },
    {
        "ASIN": "B07Y469VXX",
        "title": "Naturium Vitamin C Complex Face Serum, Brightening & Anti-Aging Facial Treatment with Hyaluronic Acid & Vitamin E, 1 oz",
        "price": "$20.99",
        "listPrice": "",
        "imageUrl": "https://m.media-amazon.com/images/I/31i2oz6KIjL._SL160_.jpg",
        "detailPageURL": "https://www.amazon.com/dp/B07Y469VXX",
        "rating": "4.6",
        "totalReviews": "5238",
        "subtitle": "Naturium",
        "isPrimeEligible": "1"
    },
    {
        "ASIN": "B003L8RVZ0",
        "title": "Mario Badescu Vitamin C Serum for All Skin Types | Lightweight Serum with Vitamin C & Sodium Hyaluronate | Visibly Reduces Signs of Aging | 1 Fl Oz (Pack of 1)",
        "price": "$40.45",
        "listPrice": "$45.00",
        "imageUrl": "https://m.media-amazon.com/images/I/31AAb5l8buL._SL160_.jpg",
        "detailPageURL": "https://www.amazon.com/dp/B003L8RVZ0",
        "rating": "4.5",
        "totalReviews": "1398",
        "subtitle": "",
        "isPrimeEligible": "1"
    },
    {
        "ASIN": "B09X2H4SLY",
        "title": "La Roche-Posay Niacinamide 10 Face Serum, Brightening and Anti-Aging Facial Serum with 10% Niacinamide, Reduces the Look of Dark Spots, Discoloration, and Uneven Skin Tone",
        "price": "$39.99",
        "listPrice": "",
        "imageUrl": "https://m.media-amazon.com/images/I/31vxGBVNzAL._SL160_.jpg",
        "detailPageURL": "https://www.amazon.com/dp/B09X2H4SLY",
        "rating": "4.6",
        "totalReviews": "2113",
        "subtitle": "",
        "isPrimeEligible": "1"
    },
    {
        "ASIN": "B01HOHBS7K",
        "title": "Neutrogena Hydro Boost Hydrating Hyaluronic Acid Serum, Oil-Free and Non-Comedogenic Face Serum Formula for Glowing Complexion, Oil-Free & Non-Comedogenic, 1 fl. oz",
        "price": "$15.94",
        "listPrice": "$26.79",
        "imageUrl": "https://m.media-amazon.com/images/I/41M1CaOT+KL._SL160_.jpg",
        "detailPageURL": "https://www.amazon.com/dp/B01HOHBS7K",
        "rating": "4.6",
        "totalReviews": "17725",
        "subtitle": "Neutrogena",
        "isPrimeEligible": "1"
    },
    {
        "ASIN": "B0CG5LDFFN",
        "title": "Vitamin C Serum - Intensive Hyaluronic Acid, Peptide and Centella | Hydrates Skin for a Youthful Radiance | Rejuvenating Face Serum for All Skin Types | 30ml (Clear)",
        "price": "$29.90 ($29.90 / Fl Oz)",
        "listPrice": "",
        "imageUrl": "https://m.media-amazon.com/images/I/512o4MnBxpL._SL160_.jpg",
        "detailPageURL": "https://www.amazon.com/dp/B0CG5LDFFN",
        "rating": "4.8",
        "totalReviews": "86175",
        "subtitle": "NOSECRETS",
        "isPrimeEligible": "1"
    },
    {
        "ASIN": "B07QFHZZZL",
        "title": "The Ordinary Face Serum Set! Caffeine Solution 5%+EGCG! Hyaluronic Acid 2%+B5! Niacinamide 10% + Zinc 1%! Help Fight Visible Blemishes And Improve The Look Of Skin Texture&Radiance",
        "price": "$31.25",
        "listPrice": "",
        "imageUrl": "https://m.media-amazon.com/images/I/41I2Z44ByOL._SL160_.jpg",
        "detailPageURL": "https://www.amazon.com/dp/B07QFHZZZL",
        "rating": "4.6",
        "totalReviews": "5442",
        "subtitle": "THE ORDINARY",
        "isPrimeEligible": "1"
    },
    {
        "ASIN": "B08D9MVRXT",
        "title": "Aveeno Calm + Restore Triple Oat Hydrating Face Serum for Sensitive Skin, Gentle and Lightweight Facial Serum to Smooth and Fortify Skin, Hypoallergenic, Fragrance- and Paraben-Free, 1 fl. Oz",
        "price": "$13.66",
        "listPrice": "$27.09",
        "imageUrl": "https://m.media-amazon.com/images/I/41h9Vt4oKML._SL160_.jpg",
        "detailPageURL": "https://www.amazon.com/dp/B08D9MVRXT",
        "rating": "4.5",
        "totalReviews": "10666",
        "subtitle": "Aveeno",
        "isPrimeEligible": "1"
    },
    {
        "ASIN": "B07P5TMHD9",
        "title": "Vitamin C Face Serum - Hyaluronic Acid, Ferulic Acid, & Vit E - Anti Aging Facial Brightening Serum for Skin Care - Timeless Pure Vitamin C Serum for Face, Vit C Serum Oil",
        "price": "$15.99",
        "listPrice": "$28.99",
        "imageUrl": "https://m.media-amazon.com/images/I/51OmaAN4z1L._SL160_.jpg",
        "detailPageURL": "https://www.amazon.com/dp/B07P5TMHD9",
        "rating": "4.3",
        "totalReviews": "22838",
        "subtitle": "Eclat Skincare",
        "isPrimeEligible": "1"
    },
    {
        "ASIN": "B07XJ7XWLW",
        "title": "CeraVe Anti Aging Retinol Serum | Cream Serum for Smoothing Fine Lines and Skin Brightening | With Retinol, Hyaluronic Acid, Niacinamide, and Ceramides | 1 Ounce",
        "price": "$16.99",
        "listPrice": "$24.99",
        "imageUrl": "https://m.media-amazon.com/images/I/41NLZaGIIvL._SL160_.jpg",
        "detailPageURL": "https://www.amazon.com/dp/B07XJ7XWLW",
        "rating": "4.6",
        "totalReviews": "18466",
        "subtitle": "CeraVe",
        "isPrimeEligible": "1"
    },
    {
        "ASIN": "B07Y469VXX",
        "title": "Naturium Vitamin C Complex Face Serum, Brightening & Anti-Aging Facial Treatment with Hyaluronic Acid & Vitamin E, 1 oz",
        "price": "$20.99",
        "listPrice": "",
        "imageUrl": "https://m.media-amazon.com/images/I/31i2oz6KIjL._SL160_.jpg",
        "detailPageURL": "https://www.amazon.com/dp/B07Y469VXX",
        "rating": "4.6",
        "totalReviews": "5238",
        "subtitle": "Naturium",
        "isPrimeEligible": "1"
    },
    {
        "ASIN": "B003L8RVZ0",
        "title": "Mario Badescu Vitamin C Serum for All Skin Types | Lightweight Serum with Vitamin C & Sodium Hyaluronate | Visibly Reduces Signs of Aging | 1 Fl Oz (Pack of 1)",
        "price": "$40.45",
        "listPrice": "$45.00",
        "imageUrl": "https://m.media-amazon.com/images/I/31AAb5l8buL._SL160_.jpg",
        "detailPageURL": "https://www.amazon.com/dp/B003L8RVZ0",
        "rating": "4.5",
        "totalReviews": "1398",
        "subtitle": "",
        "isPrimeEligible": "1"
    },
    {
        "ASIN": "B09X2H4SLY",
        "title": "La Roche-Posay Niacinamide 10 Face Serum, Brightening and Anti-Aging Facial Serum with 10% Niacinamide, Reduces the Look of Dark Spots, Discoloration, and Uneven Skin Tone",
        "price": "$39.99",
        "listPrice": "",
        "imageUrl": "https://m.media-amazon.com/images/I/31vxGBVNzAL._SL160_.jpg",
        "detailPageURL": "https://www.amazon.com/dp/B09X2H4SLY",
        "rating": "4.6",
        "totalReviews": "2113",
        "subtitle": "",
        "isPrimeEligible": "1"
    },
    {
        "ASIN": "B01HOHBS7K",
        "title": "Neutrogena Hydro Boost Hydrating Hyaluronic Acid Serum, Oil-Free and Non-Comedogenic Face Serum Formula for Glowing Complexion, Oil-Free & Non-Comedogenic, 1 fl. oz",
        "price": "$15.94",
        "listPrice": "$26.79",
        "imageUrl": "https://m.media-amazon.com/images/I/41M1CaOT+KL._SL160_.jpg",
        "detailPageURL": "https://www.amazon.com/dp/B01HOHBS7K",
        "rating": "4.6",
        "totalReviews": "17725",
        "subtitle": "Neutrogena",
        "isPrimeEligible": "1"
    },
    {
        "ASIN": "B0CG5LDFFN",
        "title": "Vitamin C Serum - Intensive Hyaluronic Acid, Peptide and Centella | Hydrates Skin for a Youthful Radiance | Rejuvenating Face Serum for All Skin Types | 30ml (Clear)",
        "price": "$29.90 ($29.90 / Fl Oz)",
        "listPrice": "",
        "imageUrl": "https://m.media-amazon.com/images/I/512o4MnBxpL._SL160_.jpg",
        "detailPageURL": "https://www.amazon.com/dp/B0CG5LDFFN",
        "rating": "4.8",
        "totalReviews": "86175",
        "subtitle": "NOSECRETS",
        "isPrimeEligible": "1"
    },
    {
        "ASIN": "B07NMLCB1H",
        "title": "IUNIK Tea Tree 67% Relief Vegan Facial Serum for Clear & Balanced Skin - Plant-based Ingredients w/Centella Asiatica for Soothing, Calming, Irritated Skin - Korean Skincare for Sensitive Oily Skin",
        "price": "$16.99 ($9.99 / Fl Oz)",
        "listPrice": "",
        "imageUrl": "https://m.media-amazon.com/images/I/31Zn4Xqy5bL._SL160_.jpg",
        "detailPageURL": "https://www.amazon.com/dp/B07NMLCB1H",
        "rating": "4.5",
        "totalReviews": "3326",
        "subtitle": "IUNIK",
        "isPrimeEligible": "1"
    },
    {
        "ASIN": "B08D9MVRXT",
        "title": "Aveeno Calm + Restore Triple Oat Hydrating Face Serum for Sensitive Skin, Gentle and Lightweight Facial Serum to Smooth and Fortify Skin, Hypoallergenic, Fragrance- and Paraben-Free, 1 fl. Oz",
        "price": "$13.66",
        "listPrice": "$27.09",
        "imageUrl": "https://m.media-amazon.com/images/I/41h9Vt4oKML._SL160_.jpg",
        "detailPageURL": "https://www.amazon.com/dp/B08D9MVRXT",
        "rating": "4.5",
        "totalReviews": "10666",
        "subtitle": "Aveeno",
        "isPrimeEligible": "1"
    },
    {
        "ASIN": "B07P5TMHD9",
        "title": "Vitamin C Face Serum - Hyaluronic Acid, Ferulic Acid, & Vit E - Anti Aging Facial Brightening Serum for Skin Care - Timeless Pure Vitamin C Serum for Face, Vit C Serum Oil",
        "price": "$15.99",
        "listPrice": "$28.99",
        "imageUrl": "https://m.media-amazon.com/images/I/51OmaAN4z1L._SL160_.jpg",
        "detailPageURL": "https://www.amazon.com/dp/B07P5TMHD9",
        "rating": "4.3",
        "totalReviews": "22838",
        "subtitle": "Eclat Skincare",
        "isPrimeEligible": "1"
    },
    {
        "ASIN": "B07XJ7XWLW",
        "title": "CeraVe Anti Aging Retinol Serum | Cream Serum for Smoothing Fine Lines and Skin Brightening | With Retinol, Hyaluronic Acid, Niacinamide, and Ceramides | 1 Ounce",
        "price": "$16.99",
        "listPrice": "$24.99",
        "imageUrl": "https://m.media-amazon.com/images/I/41NLZaGIIvL._SL160_.jpg",
        "detailPageURL": "https://www.amazon.com/dp/B07XJ7XWLW",
        "rating": "4.6",
        "totalReviews": "18466",
        "subtitle": "CeraVe",
        "isPrimeEligible": "1"
    },
    {
        "ASIN": "B07Y469VXX",
        "title": "Naturium Vitamin C Complex Face Serum, Brightening & Anti-Aging Facial Treatment with Hyaluronic Acid & Vitamin E, 1 oz",
        "price": "$20.99",
        "listPrice": "",
        "imageUrl": "https://m.media-amazon.com/images/I/31i2oz6KIjL._SL160_.jpg",
        "detailPageURL": "https://www.amazon.com/dp/B07Y469VXX",
        "rating": "4.6",
        "totalReviews": "5238",
        "subtitle": "Naturium",
        "isPrimeEligible": "1"
    },
    {
        "ASIN": "B003L8RVZ0",
        "title": "Mario Badescu Vitamin C Serum for All Skin Types | Lightweight Serum with Vitamin C & Sodium Hyaluronate | Visibly Reduces Signs of Aging | 1 Fl Oz (Pack of 1)",
        "price": "$40.45",
        "listPrice": "$45.00",
        "imageUrl": "https://m.media-amazon.com/images/I/31AAb5l8buL._SL160_.jpg",
        "detailPageURL": "https://www.amazon.com/dp/B003L8RVZ0",
        "rating": "4.5",
        "totalReviews": "1398",
        "subtitle": "",
        "isPrimeEligible": "1"
    },
    {
        "ASIN": "B09X2H4SLY",
        "title": "La Roche-Posay Niacinamide 10 Face Serum, Brightening and Anti-Aging Facial Serum with 10% Niacinamide, Reduces the Look of Dark Spots, Discoloration, and Uneven Skin Tone",
        "price": "$39.99",
        "listPrice": "",
        "imageUrl": "https://m.media-amazon.com/images/I/31vxGBVNzAL._SL160_.jpg",
        "detailPageURL": "https://www.amazon.com/dp/B09X2H4SLY",
        "rating": "4.6",
        "totalReviews": "2113",
        "subtitle": "",
        "isPrimeEligible": "1"
    },
    {
        "ASIN": "B01HOHBS7K",
        "title": "Neutrogena Hydro Boost Hydrating Hyaluronic Acid Serum, Oil-Free and Non-Comedogenic Face Serum Formula for Glowing Complexion, Oil-Free & Non-Comedogenic, 1 fl. oz",
        "price": "$15.94",
        "listPrice": "$26.79",
        "imageUrl": "https://m.media-amazon.com/images/I/41M1CaOT+KL._SL160_.jpg",
        "detailPageURL": "https://www.amazon.com/dp/B01HOHBS7K",
        "rating": "4.6",
        "totalReviews": "17725",
        "subtitle": "Neutrogena",
        "isPrimeEligible": "1"
    },
    {
        "ASIN": "B0CG5LDFFN",
        "title": "Vitamin C Serum - Intensive Hyaluronic Acid, Peptide and Centella | Hydrates Skin for a Youthful Radiance | Rejuvenating Face Serum for All Skin Types | 30ml (Clear)",
        "price": "$29.90 ($29.90 / Fl Oz)",
        "listPrice": "",
        "imageUrl": "https://m.media-amazon.com/images/I/512o4MnBxpL._SL160_.jpg",
        "detailPageURL": "https://www.amazon.com/dp/B0CG5LDFFN",
        "rating": "4.8",
        "totalReviews": "86175",
        "subtitle": "NOSECRETS",
        "isPrimeEligible": "1"
    },
    {
        "ASIN": "B07NMLCB1H",
        "title": "IUNIK Tea Tree 67% Relief Vegan Facial Serum for Clear & Balanced Skin - Plant-based Ingredients w/Centella Asiatica for Soothing, Calming, Irritated Skin - Korean Skincare for Sensitive Oily Skin",
        "price": "$16.99 ($9.99 / Fl Oz)",
        "listPrice": "",
        "imageUrl": "https://m.media-amazon.com/images/I/31Zn4Xqy5bL._SL160_.jpg",
        "detailPageURL": "https://www.amazon.com/dp/B07NMLCB1H",
        "rating": "4.5",
        "totalReviews": "3326",
        "subtitle": "IUNIK",
        "isPrimeEligible": "1"
    },
    {
        "ASIN": "B01M4MCUAF",
        "title": "TruSkin Vitamin C Serum for Face \u2013 Anti Aging Face & Eye Serum with Vitamin C, Hyaluronic Acid, Vitamin E \u2013 Brightening Serum for Dark Spots, Even Skin Tone, Eye Area, Fine Lines & Wrinkles, 1 Fl Oz",
        "price": "$21.97",
        "listPrice": "$29.99",
        "imageUrl": "https://m.media-amazon.com/images/I/51+CP4jeFdL._SL160_.jpg",
        "detailPageURL": "https://www.amazon.com/dp/B01M4MCUAF",
        "rating": "4.3",
        "totalReviews": "138322",
        "subtitle": "TruSkin Naturals",
        "isPrimeEligible": "1"
    },
    {
        "ASIN": "B07P5TMHD9",
        "title": "Vitamin C Face Serum - Hyaluronic Acid, Ferulic Acid, & Vit E - Anti Aging Facial Brightening Serum for Skin Care - Timeless Pure Vitamin C Serum for Face, Vit C Serum Oil",
        "price": "$15.99",
        "listPrice": "$28.99",
        "imageUrl": "https://m.media-amazon.com/images/I/51OmaAN4z1L._SL160_.jpg",
        "detailPageURL": "https://www.amazon.com/dp/B07P5TMHD9",
        "rating": "4.3",
        "totalReviews": "22838",
        "subtitle": "Eclat Skincare",
        "isPrimeEligible": "1"
    },
    {
        "ASIN": "B07XJ7XWLW",
        "title": "CeraVe Anti Aging Retinol Serum | Cream Serum for Smoothing Fine Lines and Skin Brightening | With Retinol, Hyaluronic Acid, Niacinamide, and Ceramides | 1 Ounce",
        "price": "$16.99",
        "listPrice": "$24.99",
        "imageUrl": "https://m.media-amazon.com/images/I/41NLZaGIIvL._SL160_.jpg",
        "detailPageURL": "https://www.amazon.com/dp/B07XJ7XWLW",
        "rating": "4.6",
        "totalReviews": "18466",
        "subtitle": "CeraVe",
        "isPrimeEligible": "1"
    },
    {
        "ASIN": "B07Y469VXX",
        "title": "Naturium Vitamin C Complex Face Serum, Brightening & Anti-Aging Facial Treatment with Hyaluronic Acid & Vitamin E, 1 oz",
        "price": "$20.99",
        "listPrice": "",
        "imageUrl": "https://m.media-amazon.com/images/I/31i2oz6KIjL._SL160_.jpg",
        "detailPageURL": "https://www.amazon.com/dp/B07Y469VXX",
        "rating": "4.6",
        "totalReviews": "5238",
        "subtitle": "Naturium",
        "isPrimeEligible": "1"
    },
    {
        "ASIN": "B003L8RVZ0",
        "title": "Mario Badescu Vitamin C Serum for All Skin Types | Lightweight Serum with Vitamin C & Sodium Hyaluronate | Visibly Reduces Signs of Aging | 1 Fl Oz (Pack of 1)",
        "price": "$40.45",
        "listPrice": "$45.00",
        "imageUrl": "https://m.media-amazon.com/images/I/31AAb5l8buL._SL160_.jpg",
        "detailPageURL": "https://www.amazon.com/dp/B003L8RVZ0",
        "rating": "4.5",
        "totalReviews": "1398",
        "subtitle": "",
        "isPrimeEligible": "1"
    },
    {
        "ASIN": "B09X2H4SLY",
        "title": "La Roche-Posay Niacinamide 10 Face Serum, Brightening and Anti-Aging Facial Serum with 10% Niacinamide, Reduces the Look of Dark Spots, Discoloration, and Uneven Skin Tone",
        "price": "$39.99",
        "listPrice": "",
        "imageUrl": "https://m.media-amazon.com/images/I/31vxGBVNzAL._SL160_.jpg",
        "detailPageURL": "https://www.amazon.com/dp/B09X2H4SLY",
        "rating": "4.6",
        "totalReviews": "2113",
        "subtitle": "",
        "isPrimeEligible": "1"
    },
    {
        "ASIN": "B01HOHBS7K",
        "title": "Neutrogena Hydro Boost Hydrating Hyaluronic Acid Serum, Oil-Free and Non-Comedogenic Face Serum Formula for Glowing Complexion, Oil-Free & Non-Comedogenic, 1 fl. oz",
        "price": "$15.94",
        "listPrice": "$26.79",
        "imageUrl": "https://m.media-amazon.com/images/I/41M1CaOT+KL._SL160_.jpg",
        "detailPageURL": "https://www.amazon.com/dp/B01HOHBS7K",
        "rating": "4.6",
        "totalReviews": "17725",
        "subtitle": "Neutrogena",
        "isPrimeEligible": "1"
    },
    {
        "ASIN": "B0CG5LDFFN",
        "title": "Vitamin C Serum - Intensive Hyaluronic Acid, Peptide and Centella | Hydrates Skin for a Youthful Radiance | Rejuvenating Face Serum for All Skin Types | 30ml (Clear)",
        "price": "$29.90 ($29.90 / Fl Oz)",
        "listPrice": "",
        "imageUrl": "https://m.media-amazon.com/images/I/512o4MnBxpL._SL160_.jpg",
        "detailPageURL": "https://www.amazon.com/dp/B0CG5LDFFN",
        "rating": "4.8",
        "totalReviews": "86175",
        "subtitle": "NOSECRETS",
        "isPrimeEligible": "1"
    },
    {
        "ASIN": "B07NMLCB1H",
        "title": "IUNIK Tea Tree 67% Relief Vegan Facial Serum for Clear & Balanced Skin - Plant-based Ingredients w/Centella Asiatica for Soothing, Calming, Irritated Skin - Korean Skincare for Sensitive Oily Skin",
        "price": "$16.99 ($9.99 / Fl Oz)",
        "listPrice": "",
        "imageUrl": "https://m.media-amazon.com/images/I/31Zn4Xqy5bL._SL160_.jpg",
        "detailPageURL": "https://www.amazon.com/dp/B07NMLCB1H",
        "rating": "4.5",
        "totalReviews": "3326",
        "subtitle": "IUNIK",
        "isPrimeEligible": "1"
    },
    {
        "ASIN": "B01M4MCUAF",
        "title": "TruSkin Vitamin C Serum for Face \u2013 Anti Aging Face & Eye Serum with Vitamin C, Hyaluronic Acid, Vitamin E \u2013 Brightening Serum for Dark Spots, Even Skin Tone, Eye Area, Fine Lines & Wrinkles, 1 Fl Oz",
        "price": "$21.97",
        "listPrice": "$29.99",
        "imageUrl": "https://m.media-amazon.com/images/I/51+CP4jeFdL._SL160_.jpg",
        "detailPageURL": "https://www.amazon.com/dp/B01M4MCUAF",
        "rating": "4.3",
        "totalReviews": "138322",
        "subtitle": "TruSkin Naturals",
        "isPrimeEligible": "1"
    },
    {
        "ASIN": "B00KMCEA4S",
        "title": "PURA D'OR 20% Vitamin C Serum (4oz BEST VALUE) Lightweight Maximum Strength Formula,Hyaluronic Acid,Retinol,Professional Grade Treatment For Face & Eyes,Dark Spots,Acne,Wrinkles,For Men & Women",
        "price": "$11.89 ($2.97 / Fl Oz)",
        "listPrice": "$16.99 ($4.25 / Fl Oz)",
        "imageUrl": "https://m.media-amazon.com/images/I/41veWaKyDbL._SL160_.jpg",
        "detailPageURL": "https://www.amazon.com/dp/B00KMCEA4S",
        "rating": "4.4",
        "totalReviews": "5925",
        "subtitle": "PURA D'OR",
        "isPrimeEligible": "1"
    },
    {
        "ASIN": "B07XJ7XWLW",
        "title": "CeraVe Anti Aging Retinol Serum | Cream Serum for Smoothing Fine Lines and Skin Brightening | With Retinol, Hyaluronic Acid, Niacinamide, and Ceramides | 1 Ounce",
        "price": "$16.99",
        "listPrice": "$24.99",
        "imageUrl": "https://m.media-amazon.com/images/I/41NLZaGIIvL._SL160_.jpg",
        "detailPageURL": "https://www.amazon.com/dp/B07XJ7XWLW",
        "rating": "4.6",
        "totalReviews": "18466",
        "subtitle": "CeraVe",
        "isPrimeEligible": "1"
    },
    {
        "ASIN": "B07Y469VXX",
        "title": "Naturium Vitamin C Complex Face Serum, Brightening & Anti-Aging Facial Treatment with Hyaluronic Acid & Vitamin E, 1 oz",
        "price": "$20.99",
        "listPrice": "",
        "imageUrl": "https://m.media-amazon.com/images/I/31i2oz6KIjL._SL160_.jpg",
        "detailPageURL": "https://www.amazon.com/dp/B07Y469VXX",
        "rating": "4.6",
        "totalReviews": "5238",
        "subtitle": "Naturium",
        "isPrimeEligible": "1"
    },
    {
        "ASIN": "B003L8RVZ0",
        "title": "Mario Badescu Vitamin C Serum for All Skin Types | Lightweight Serum with Vitamin C & Sodium Hyaluronate | Visibly Reduces Signs of Aging | 1 Fl Oz (Pack of 1)",
        "price": "$40.45",
        "listPrice": "$45.00",
        "imageUrl": "https://m.media-amazon.com/images/I/31AAb5l8buL._SL160_.jpg",
        "detailPageURL": "https://www.amazon.com/dp/B003L8RVZ0",
        "rating": "4.5",
        "totalReviews": "1398",
        "subtitle": "",
        "isPrimeEligible": "1"
    },
    {
        "ASIN": "B09X2H4SLY",
        "title": "La Roche-Posay Niacinamide 10 Face Serum, Brightening and Anti-Aging Facial Serum with 10% Niacinamide, Reduces the Look of Dark Spots, Discoloration, and Uneven Skin Tone",
        "price": "$39.99",
        "listPrice": "",
        "imageUrl": "https://m.media-amazon.com/images/I/31vxGBVNzAL._SL160_.jpg",
        "detailPageURL": "https://www.amazon.com/dp/B09X2H4SLY",
        "rating": "4.6",
        "totalReviews": "2113",
        "subtitle": "",
        "isPrimeEligible": "1"
    },
    {
        "ASIN": "B01HOHBS7K",
        "title": "Neutrogena Hydro Boost Hydrating Hyaluronic Acid Serum, Oil-Free and Non-Comedogenic Face Serum Formula for Glowing Complexion, Oil-Free & Non-Comedogenic, 1 fl. oz",
        "price": "$15.94",
        "listPrice": "$26.79",
        "imageUrl": "https://m.media-amazon.com/images/I/41M1CaOT+KL._SL160_.jpg",
        "detailPageURL": "https://www.amazon.com/dp/B01HOHBS7K",
        "rating": "4.6",
        "totalReviews": "17725",
        "subtitle": "Neutrogena",
        "isPrimeEligible": "1"
    },
    {
        "ASIN": "B0CG5LDFFN",
        "title": "Vitamin C Serum - Intensive Hyaluronic Acid, Peptide and Centella | Hydrates Skin for a Youthful Radiance | Rejuvenating Face Serum for All Skin Types | 30ml (Clear)",
        "price": "$29.90 ($29.90 / Fl Oz)",
        "listPrice": "",
        "imageUrl": "https://m.media-amazon.com/images/I/512o4MnBxpL._SL160_.jpg",
        "detailPageURL": "https://www.amazon.com/dp/B0CG5LDFFN",
        "rating": "4.8",
        "totalReviews": "86175",
        "subtitle": "NOSECRETS",
        "isPrimeEligible": "1"
    },
    {
        "ASIN": "B07NMLCB1H",
        "title": "IUNIK Tea Tree 67% Relief Vegan Facial Serum for Clear & Balanced Skin - Plant-based Ingredients w/Centella Asiatica for Soothing, Calming, Irritated Skin - Korean Skincare for Sensitive Oily Skin",
        "price": "$16.99 ($9.99 / Fl Oz)",
        "listPrice": "",
        "imageUrl": "https://m.media-amazon.com/images/I/31Zn4Xqy5bL._SL160_.jpg",
        "detailPageURL": "https://www.amazon.com/dp/B07NMLCB1H",
        "rating": "4.5",
        "totalReviews": "3326",
        "subtitle": "IUNIK",
        "isPrimeEligible": "1"
    },
    {
        "ASIN": "B01M4MCUAF",
        "title": "TruSkin Vitamin C Serum for Face \u2013 Anti Aging Face & Eye Serum with Vitamin C, Hyaluronic Acid, Vitamin E \u2013 Brightening Serum for Dark Spots, Even Skin Tone, Eye Area, Fine Lines & Wrinkles, 1 Fl Oz",
        "price": "$21.97",
        "listPrice": "$29.99",
        "imageUrl": "https://m.media-amazon.com/images/I/51+CP4jeFdL._SL160_.jpg",
        "detailPageURL": "https://www.amazon.com/dp/B01M4MCUAF",
        "rating": "4.3",
        "totalReviews": "138322",
        "subtitle": "TruSkin Naturals",
        "isPrimeEligible": "1"
    },
    {
        "ASIN": "B00KMCEA4S",
        "title": "PURA D'OR 20% Vitamin C Serum (4oz BEST VALUE) Lightweight Maximum Strength Formula,Hyaluronic Acid,Retinol,Professional Grade Treatment For Face & Eyes,Dark Spots,Acne,Wrinkles,For Men & Women",
        "price": "$11.89 ($2.97 / Fl Oz)",
        "listPrice": "$16.99 ($4.25 / Fl Oz)",
        "imageUrl": "https://m.media-amazon.com/images/I/41veWaKyDbL._SL160_.jpg",
        "detailPageURL": "https://www.amazon.com/dp/B00KMCEA4S",
        "rating": "4.4",
        "totalReviews": "5925",
        "subtitle": "PURA D'OR",
        "isPrimeEligible": "1"
    },
    {
        "ASIN": "B07Z9Y4M3C",
        "title": "La Roche-Posay Pure Retinol Face Serum with Vitamin B3. Anti Aging Face Serum for Lines, Wrinkles & Premature Sun Damage to Resurface & Hydrate. Suitable for Sensitive Skin, 1.0 Fl. Oz",
        "price": "$44.99 ($44.54 / Fl Oz)",
        "listPrice": "",
        "imageUrl": "https://m.media-amazon.com/images/I/41XporOTifL._SL160_.jpg",
        "detailPageURL": "https://www.amazon.com/dp/B07Z9Y4M3C",
        "rating": "4.6",
        "totalReviews": "8341",
        "subtitle": "",
        "isPrimeEligible": "1"
    },
    {
        "ASIN": "B07Y469VXX",
        "title": "Naturium Vitamin C Complex Face Serum, Brightening & Anti-Aging Facial Treatment with Hyaluronic Acid & Vitamin E, 1 oz",
        "price": "$20.99",
        "listPrice": "",
        "imageUrl": "https://m.media-amazon.com/images/I/31i2oz6KIjL._SL160_.jpg",
        "detailPageURL": "https://www.amazon.com/dp/B07Y469VXX",
        "rating": "4.6",
        "totalReviews": "5238",
        "subtitle": "Naturium",
        "isPrimeEligible": "1"
    },
    {
        "ASIN": "B003L8RVZ0",
        "title": "Mario Badescu Vitamin C Serum for All Skin Types | Lightweight Serum with Vitamin C & Sodium Hyaluronate | Visibly Reduces Signs of Aging | 1 Fl Oz (Pack of 1)",
        "price": "$40.45",
        "listPrice": "$45.00",
        "imageUrl": "https://m.media-amazon.com/images/I/31AAb5l8buL._SL160_.jpg",
        "detailPageURL": "https://www.amazon.com/dp/B003L8RVZ0",
        "rating": "4.5",
        "totalReviews": "1398",
        "subtitle": "",
        "isPrimeEligible": "1"
    },
    {
        "ASIN": "B09X2H4SLY",
        "title": "La Roche-Posay Niacinamide 10 Face Serum, Brightening and Anti-Aging Facial Serum with 10% Niacinamide, Reduces the Look of Dark Spots, Discoloration, and Uneven Skin Tone",
        "price": "$39.99",
        "listPrice": "",
        "imageUrl": "https://m.media-amazon.com/images/I/31vxGBVNzAL._SL160_.jpg",
        "detailPageURL": "https://www.amazon.com/dp/B09X2H4SLY",
        "rating": "4.6",
        "totalReviews": "2113",
        "subtitle": "",
        "isPrimeEligible": "1"
    },
    {
        "ASIN": "B01HOHBS7K",
        "title": "Neutrogena Hydro Boost Hydrating Hyaluronic Acid Serum, Oil-Free and Non-Comedogenic Face Serum Formula for Glowing Complexion, Oil-Free & Non-Comedogenic, 1 fl. oz",
        "price": "$15.94",
        "listPrice": "$26.79",
        "imageUrl": "https://m.media-amazon.com/images/I/41M1CaOT+KL._SL160_.jpg",
        "detailPageURL": "https://www.amazon.com/dp/B01HOHBS7K",
        "rating": "4.6",
        "totalReviews": "17725",
        "subtitle": "Neutrogena",
        "isPrimeEligible": "1"
    },
    {
        "ASIN": "B0CG5LDFFN",
        "title": "Vitamin C Serum - Intensive Hyaluronic Acid, Peptide and Centella | Hydrates Skin for a Youthful Radiance | Rejuvenating Face Serum for All Skin Types | 30ml (Clear)",
        "price": "$29.90 ($29.90 / Fl Oz)",
        "listPrice": "",
        "imageUrl": "https://m.media-amazon.com/images/I/512o4MnBxpL._SL160_.jpg",
        "detailPageURL": "https://www.amazon.com/dp/B0CG5LDFFN",
        "rating": "4.8",
        "totalReviews": "86175",
        "subtitle": "NOSECRETS",
        "isPrimeEligible": "1"
    },
    {
        "ASIN": "B07NMLCB1H",
        "title": "IUNIK Tea Tree 67% Relief Vegan Facial Serum for Clear & Balanced Skin - Plant-based Ingredients w/Centella Asiatica for Soothing, Calming, Irritated Skin - Korean Skincare for Sensitive Oily Skin",
        "price": "$16.99 ($9.99 / Fl Oz)",
        "listPrice": "",
        "imageUrl": "https://m.media-amazon.com/images/I/31Zn4Xqy5bL._SL160_.jpg",
        "detailPageURL": "https://www.amazon.com/dp/B07NMLCB1H",
        "rating": "4.5",
        "totalReviews": "3326",
        "subtitle": "IUNIK",
        "isPrimeEligible": "1"
    },
    {
        "ASIN": "B01M4MCUAF",
        "title": "TruSkin Vitamin C Serum for Face \u2013 Anti Aging Face & Eye Serum with Vitamin C, Hyaluronic Acid, Vitamin E \u2013 Brightening Serum for Dark Spots, Even Skin Tone, Eye Area, Fine Lines & Wrinkles, 1 Fl Oz",
        "price": "$21.97",
        "listPrice": "$29.99",
        "imageUrl": "https://m.media-amazon.com/images/I/51+CP4jeFdL._SL160_.jpg",
        "detailPageURL": "https://www.amazon.com/dp/B01M4MCUAF",
        "rating": "4.3",
        "totalReviews": "138322",
        "subtitle": "TruSkin Naturals",
        "isPrimeEligible": "1"
    },
    {
        "ASIN": "B00KMCEA4S",
        "title": "PURA D'OR 20% Vitamin C Serum (4oz BEST VALUE) Lightweight Maximum Strength Formula,Hyaluronic Acid,Retinol,Professional Grade Treatment For Face & Eyes,Dark Spots,Acne,Wrinkles,For Men & Women",
        "price": "$11.89 ($2.97 / Fl Oz)",
        "listPrice": "$16.99 ($4.25 / Fl Oz)",
        "imageUrl": "https://m.media-amazon.com/images/I/41veWaKyDbL._SL160_.jpg",
        "detailPageURL": "https://www.amazon.com/dp/B00KMCEA4S",
        "rating": "4.4",
        "totalReviews": "5925",
        "subtitle": "PURA D'OR",
        "isPrimeEligible": "1"
    },
    {
        "ASIN": "B07Z9Y4M3C",
        "title": "La Roche-Posay Pure Retinol Face Serum with Vitamin B3. Anti Aging Face Serum for Lines, Wrinkles & Premature Sun Damage to Resurface & Hydrate. Suitable for Sensitive Skin, 1.0 Fl. Oz",
        "price": "$44.99 ($44.54 / Fl Oz)",
        "listPrice": "",
        "imageUrl": "https://m.media-amazon.com/images/I/41XporOTifL._SL160_.jpg",
        "detailPageURL": "https://www.amazon.com/dp/B07Z9Y4M3C",
        "rating": "4.6",
        "totalReviews": "8341",
        "subtitle": "",
        "isPrimeEligible": "1"
    },
    {
        "ASIN": "B08L8B5JR2",
        "title": "Vibriance Super C Serum for Mature Skin, All-In-One Formula Hydrates, Firms, Lifts, Targets Age Spots, Wrinkles, and Smooths Skin, 1 fl oz (30 ml), Pack of 1",
        "price": "$47.00",
        "listPrice": "",
        "imageUrl": "https://m.media-amazon.com/images/I/51Ee0RzYONL._SL160_.jpg",
        "detailPageURL": "https://www.amazon.com/dp/B08L8B5JR2",
        "rating": "4.3",
        "totalReviews": "6243",
        "subtitle": "Vibriance",
        "isPrimeEligible": "1"
    },
    {
        "ASIN": "B003L8RVZ0",
        "title": "Mario Badescu Vitamin C Serum for All Skin Types | Lightweight Serum with Vitamin C & Sodium Hyaluronate | Visibly Reduces Signs of Aging | 1 Fl Oz (Pack of 1)",
        "price": "$40.45",
        "listPrice": "$45.00",
        "imageUrl": "https://m.media-amazon.com/images/I/31AAb5l8buL._SL160_.jpg",
        "detailPageURL": "https://www.amazon.com/dp/B003L8RVZ0",
        "rating": "4.5",
        "totalReviews": "1398",
        "subtitle": "",
        "isPrimeEligible": "1"
    },
    {
        "ASIN": "B09X2H4SLY",
        "title": "La Roche-Posay Niacinamide 10 Face Serum, Brightening and Anti-Aging Facial Serum with 10% Niacinamide, Reduces the Look of Dark Spots, Discoloration, and Uneven Skin Tone",
        "price": "$39.99",
        "listPrice": "",
        "imageUrl": "https://m.media-amazon.com/images/I/31vxGBVNzAL._SL160_.jpg",
        "detailPageURL": "https://www.amazon.com/dp/B09X2H4SLY",
        "rating": "4.6",
        "totalReviews": "2113",
        "subtitle": "",
        "isPrimeEligible": "1"
    },
    {
        "ASIN": "B01HOHBS7K",
        "title": "Neutrogena Hydro Boost Hydrating Hyaluronic Acid Serum, Oil-Free and Non-Comedogenic Face Serum Formula for Glowing Complexion, Oil-Free & Non-Comedogenic, 1 fl. oz",
        "price": "$15.94",
        "listPrice": "$26.79",
        "imageUrl": "https://m.media-amazon.com/images/I/41M1CaOT+KL._SL160_.jpg",
        "detailPageURL": "https://www.amazon.com/dp/B01HOHBS7K",
        "rating": "4.6",
        "totalReviews": "17725",
        "subtitle": "Neutrogena",
        "isPrimeEligible": "1"
    },
    {
        "ASIN": "B0CG5LDFFN",
        "title": "Vitamin C Serum - Intensive Hyaluronic Acid, Peptide and Centella | Hydrates Skin for a Youthful Radiance | Rejuvenating Face Serum for All Skin Types | 30ml (Clear)",
        "price": "$29.90 ($29.90 / Fl Oz)",
        "listPrice": "",
        "imageUrl": "https://m.media-amazon.com/images/I/512o4MnBxpL._SL160_.jpg",
        "detailPageURL": "https://www.amazon.com/dp/B0CG5LDFFN",
        "rating": "4.8",
        "totalReviews": "86175",
        "subtitle": "NOSECRETS",
        "isPrimeEligible": "1"
    },
    {
        "ASIN": "B07NMLCB1H",
        "title": "IUNIK Tea Tree 67% Relief Vegan Facial Serum for Clear & Balanced Skin - Plant-based Ingredients w/Centella Asiatica for Soothing, Calming, Irritated Skin - Korean Skincare for Sensitive Oily Skin",
        "price": "$16.99 ($9.99 / Fl Oz)",
        "listPrice": "",
        "imageUrl": "https://m.media-amazon.com/images/I/31Zn4Xqy5bL._SL160_.jpg",
        "detailPageURL": "https://www.amazon.com/dp/B07NMLCB1H",
        "rating": "4.5",
        "totalReviews": "3326",
        "subtitle": "IUNIK",
        "isPrimeEligible": "1"
    },
    {
        "ASIN": "B01M4MCUAF",
        "title": "TruSkin Vitamin C Serum for Face \u2013 Anti Aging Face & Eye Serum with Vitamin C, Hyaluronic Acid, Vitamin E \u2013 Brightening Serum for Dark Spots, Even Skin Tone, Eye Area, Fine Lines & Wrinkles, 1 Fl Oz",
        "price": "$21.97",
        "listPrice": "$29.99",
        "imageUrl": "https://m.media-amazon.com/images/I/51+CP4jeFdL._SL160_.jpg",
        "detailPageURL": "https://www.amazon.com/dp/B01M4MCUAF",
        "rating": "4.3",
        "totalReviews": "138322",
        "subtitle": "TruSkin Naturals",
        "isPrimeEligible": "1"
    },
    {
        "ASIN": "B00KMCEA4S",
        "title": "PURA D'OR 20% Vitamin C Serum (4oz BEST VALUE) Lightweight Maximum Strength Formula,Hyaluronic Acid,Retinol,Professional Grade Treatment For Face & Eyes,Dark Spots,Acne,Wrinkles,For Men & Women",
        "price": "$11.89 ($2.97 / Fl Oz)",
        "listPrice": "$16.99 ($4.25 / Fl Oz)",
        "imageUrl": "https://m.media-amazon.com/images/I/41veWaKyDbL._SL160_.jpg",
        "detailPageURL": "https://www.amazon.com/dp/B00KMCEA4S",
        "rating": "4.4",
        "totalReviews": "5925",
        "subtitle": "PURA D'OR",
        "isPrimeEligible": "1"
    },
    {
        "ASIN": "B07Z9Y4M3C",
        "title": "La Roche-Posay Pure Retinol Face Serum with Vitamin B3. Anti Aging Face Serum for Lines, Wrinkles & Premature Sun Damage to Resurface & Hydrate. Suitable for Sensitive Skin, 1.0 Fl. Oz",
        "price": "$44.99 ($44.54 / Fl Oz)",
        "listPrice": "",
        "imageUrl": "https://m.media-amazon.com/images/I/41XporOTifL._SL160_.jpg",
        "detailPageURL": "https://www.amazon.com/dp/B07Z9Y4M3C",
        "rating": "4.6",
        "totalReviews": "8341",
        "subtitle": "",
        "isPrimeEligible": "1"
    },
    {
        "ASIN": "B08L8B5JR2",
        "title": "Vibriance Super C Serum for Mature Skin, All-In-One Formula Hydrates, Firms, Lifts, Targets Age Spots, Wrinkles, and Smooths Skin, 1 fl oz (30 ml), Pack of 1",
        "price": "$47.00",
        "listPrice": "",
        "imageUrl": "https://m.media-amazon.com/images/I/51Ee0RzYONL._SL160_.jpg",
        "detailPageURL": "https://www.amazon.com/dp/B08L8B5JR2",
        "rating": "4.3",
        "totalReviews": "6243",
        "subtitle": "Vibriance",
        "isPrimeEligible": "1"
    },
    {
        "ASIN": "B014PGEEO2",
        "title": "Tree of Life Vitamin C, Retinol and Hyaluronic Acid Serum Trio for Brightening, Firming, & Hydrating",
        "price": "$29.99 ($10.00 / Fl oz)",
        "listPrice": "",
        "imageUrl": "https://m.media-amazon.com/images/I/51tGOuRhcFL._SL160_.jpg",
        "detailPageURL": "https://www.amazon.com/dp/B014PGEEO2",
        "rating": "4.4",
        "totalReviews": "68887",
        "subtitle": "Tree of Life Beauty",
        "isPrimeEligible": "1"
    },
    {
        "ASIN": "B09X2H4SLY",
        "title": "La Roche-Posay Niacinamide 10 Face Serum, Brightening and Anti-Aging Facial Serum with 10% Niacinamide, Reduces the Look of Dark Spots, Discoloration, and Uneven Skin Tone",
        "price": "$39.99",
        "listPrice": "",
        "imageUrl": "https://m.media-amazon.com/images/I/31vxGBVNzAL._SL160_.jpg",
        "detailPageURL": "https://www.amazon.com/dp/B09X2H4SLY",
        "rating": "4.6",
        "totalReviews": "2113",
        "subtitle": "",
        "isPrimeEligible": "1"
    },
    {
        "ASIN": "B01HOHBS7K",
        "title": "Neutrogena Hydro Boost Hydrating Hyaluronic Acid Serum, Oil-Free and Non-Comedogenic Face Serum Formula for Glowing Complexion, Oil-Free & Non-Comedogenic, 1 fl. oz",
        "price": "$15.94",
        "listPrice": "$26.79",
        "imageUrl": "https://m.media-amazon.com/images/I/41M1CaOT+KL._SL160_.jpg",
        "detailPageURL": "https://www.amazon.com/dp/B01HOHBS7K",
        "rating": "4.6",
        "totalReviews": "17725",
        "subtitle": "Neutrogena",
        "isPrimeEligible": "1"
    },
    {
        "ASIN": "B0CG5LDFFN",
        "title": "Vitamin C Serum - Intensive Hyaluronic Acid, Peptide and Centella | Hydrates Skin for a Youthful Radiance | Rejuvenating Face Serum for All Skin Types | 30ml (Clear)",
        "price": "$29.90 ($29.90 / Fl Oz)",
        "listPrice": "",
        "imageUrl": "https://m.media-amazon.com/images/I/512o4MnBxpL._SL160_.jpg",
        "detailPageURL": "https://www.amazon.com/dp/B0CG5LDFFN",
        "rating": "4.8",
        "totalReviews": "86175",
        "subtitle": "NOSECRETS",
        "isPrimeEligible": "1"
    },
    {
        "ASIN": "B07NMLCB1H",
        "title": "IUNIK Tea Tree 67% Relief Vegan Facial Serum for Clear & Balanced Skin - Plant-based Ingredients w/Centella Asiatica for Soothing, Calming, Irritated Skin - Korean Skincare for Sensitive Oily Skin",
        "price": "$16.99 ($9.99 / Fl Oz)",
        "listPrice": "",
        "imageUrl": "https://m.media-amazon.com/images/I/31Zn4Xqy5bL._SL160_.jpg",
        "detailPageURL": "https://www.amazon.com/dp/B07NMLCB1H",
        "rating": "4.5",
        "totalReviews": "3326",
        "subtitle": "IUNIK",
        "isPrimeEligible": "1"
    },
    {
        "ASIN": "B01M4MCUAF",
        "title": "TruSkin Vitamin C Serum for Face \u2013 Anti Aging Face & Eye Serum with Vitamin C, Hyaluronic Acid, Vitamin E \u2013 Brightening Serum for Dark Spots, Even Skin Tone, Eye Area, Fine Lines & Wrinkles, 1 Fl Oz",
        "price": "$21.97",
        "listPrice": "$29.99",
        "imageUrl": "https://m.media-amazon.com/images/I/51+CP4jeFdL._SL160_.jpg",
        "detailPageURL": "https://www.amazon.com/dp/B01M4MCUAF",
        "rating": "4.3",
        "totalReviews": "138322",
        "subtitle": "TruSkin Naturals",
        "isPrimeEligible": "1"
    },
    {
        "ASIN": "B00KMCEA4S",
        "title": "PURA D'OR 20% Vitamin C Serum (4oz BEST VALUE) Lightweight Maximum Strength Formula,Hyaluronic Acid,Retinol,Professional Grade Treatment For Face & Eyes,Dark Spots,Acne,Wrinkles,For Men & Women",
        "price": "$11.89 ($2.97 / Fl Oz)",
        "listPrice": "$16.99 ($4.25 / Fl Oz)",
        "imageUrl": "https://m.media-amazon.com/images/I/41veWaKyDbL._SL160_.jpg",
        "detailPageURL": "https://www.amazon.com/dp/B00KMCEA4S",
        "rating": "4.4",
        "totalReviews": "5925",
        "subtitle": "PURA D'OR",
        "isPrimeEligible": "1"
    },
    {
        "ASIN": "B07Z9Y4M3C",
        "title": "La Roche-Posay Pure Retinol Face Serum with Vitamin B3. Anti Aging Face Serum for Lines, Wrinkles & Premature Sun Damage to Resurface & Hydrate. Suitable for Sensitive Skin, 1.0 Fl. Oz",
        "price": "$44.99 ($44.54 / Fl Oz)",
        "listPrice": "",
        "imageUrl": "https://m.media-amazon.com/images/I/41XporOTifL._SL160_.jpg",
        "detailPageURL": "https://www.amazon.com/dp/B07Z9Y4M3C",
        "rating": "4.6",
        "totalReviews": "8341",
        "subtitle": "",
        "isPrimeEligible": "1"
    },
    {
        "ASIN": "B08L8B5JR2",
        "title": "Vibriance Super C Serum for Mature Skin, All-In-One Formula Hydrates, Firms, Lifts, Targets Age Spots, Wrinkles, and Smooths Skin, 1 fl oz (30 ml), Pack of 1",
        "price": "$47.00",
        "listPrice": "",
        "imageUrl": "https://m.media-amazon.com/images/I/51Ee0RzYONL._SL160_.jpg",
        "detailPageURL": "https://www.amazon.com/dp/B08L8B5JR2",
        "rating": "4.3",
        "totalReviews": "6243",
        "subtitle": "Vibriance",
        "isPrimeEligible": "1"
    },
    {
        "ASIN": "B014PGEEO2",
        "title": "Tree of Life Vitamin C, Retinol and Hyaluronic Acid Serum Trio for Brightening, Firming, & Hydrating",
        "price": "$29.99 ($10.00 / Fl oz)",
        "listPrice": "",
        "imageUrl": "https://m.media-amazon.com/images/I/51tGOuRhcFL._SL160_.jpg",
        "detailPageURL": "https://www.amazon.com/dp/B014PGEEO2",
        "rating": "4.4",
        "totalReviews": "68887",
        "subtitle": "Tree of Life Beauty",
        "isPrimeEligible": "1"
    },
    {
        "ASIN": "B08BJLFM2W",
        "title": "Niacinamide 10% + Zinc 1% Serum for Face - Pore Reducer + USA Skin Care (30ml)",
        "price": "$8.90",
        "listPrice": "",
        "imageUrl": "https://m.media-amazon.com/images/I/21hf2HTsDLL._SL160_.jpg",
        "detailPageURL": "https://www.amazon.com/dp/B08BJLFM2W",
        "rating": "4.6",
        "totalReviews": "8486",
        "subtitle": "THE ORDINARY",
        "isPrimeEligible": "1"
    },
    {
        "ASIN": "B01HOHBS7K",
        "title": "Neutrogena Hydro Boost Hydrating Hyaluronic Acid Serum, Oil-Free and Non-Comedogenic Face Serum Formula for Glowing Complexion, Oil-Free & Non-Comedogenic, 1 fl. oz",
        "price": "$15.94",
        "listPrice": "$26.79",
        "imageUrl": "https://m.media-amazon.com/images/I/41M1CaOT+KL._SL160_.jpg",
        "detailPageURL": "https://www.amazon.com/dp/B01HOHBS7K",
        "rating": "4.6",
        "totalReviews": "17725",
        "subtitle": "Neutrogena",
        "isPrimeEligible": "1"
    },
    {
        "ASIN": "B0CG5LDFFN",
        "title": "Vitamin C Serum - Intensive Hyaluronic Acid, Peptide and Centella | Hydrates Skin for a Youthful Radiance | Rejuvenating Face Serum for All Skin Types | 30ml (Clear)",
        "price": "$29.90 ($29.90 / Fl Oz)",
        "listPrice": "",
        "imageUrl": "https://m.media-amazon.com/images/I/512o4MnBxpL._SL160_.jpg",
        "detailPageURL": "https://www.amazon.com/dp/B0CG5LDFFN",
        "rating": "4.8",
        "totalReviews": "86175",
        "subtitle": "NOSECRETS",
        "isPrimeEligible": "1"
    },
    {
        "ASIN": "B07NMLCB1H",
        "title": "IUNIK Tea Tree 67% Relief Vegan Facial Serum for Clear & Balanced Skin - Plant-based Ingredients w/Centella Asiatica for Soothing, Calming, Irritated Skin - Korean Skincare for Sensitive Oily Skin",
        "price": "$16.99 ($9.99 / Fl Oz)",
        "listPrice": "",
        "imageUrl": "https://m.media-amazon.com/images/I/31Zn4Xqy5bL._SL160_.jpg",
        "detailPageURL": "https://www.amazon.com/dp/B07NMLCB1H",
        "rating": "4.5",
        "totalReviews": "3326",
        "subtitle": "IUNIK",
        "isPrimeEligible": "1"
    },
    {
        "ASIN": "B01M4MCUAF",
        "title": "TruSkin Vitamin C Serum for Face \u2013 Anti Aging Face & Eye Serum with Vitamin C, Hyaluronic Acid, Vitamin E \u2013 Brightening Serum for Dark Spots, Even Skin Tone, Eye Area, Fine Lines & Wrinkles, 1 Fl Oz",
        "price": "$21.97",
        "listPrice": "$29.99",
        "imageUrl": "https://m.media-amazon.com/images/I/51+CP4jeFdL._SL160_.jpg",
        "detailPageURL": "https://www.amazon.com/dp/B01M4MCUAF",
        "rating": "4.3",
        "totalReviews": "138322",
        "subtitle": "TruSkin Naturals",
        "isPrimeEligible": "1"
    },
    {
        "ASIN": "B00KMCEA4S",
        "title": "PURA D'OR 20% Vitamin C Serum (4oz BEST VALUE) Lightweight Maximum Strength Formula,Hyaluronic Acid,Retinol,Professional Grade Treatment For Face & Eyes,Dark Spots,Acne,Wrinkles,For Men & Women",
        "price": "$11.89 ($2.97 / Fl Oz)",
        "listPrice": "$16.99 ($4.25 / Fl Oz)",
        "imageUrl": "https://m.media-amazon.com/images/I/41veWaKyDbL._SL160_.jpg",
        "detailPageURL": "https://www.amazon.com/dp/B00KMCEA4S",
        "rating": "4.4",
        "totalReviews": "5925",
        "subtitle": "PURA D'OR",
        "isPrimeEligible": "1"
    },
    {
        "ASIN": "B07Z9Y4M3C",
        "title": "La Roche-Posay Pure Retinol Face Serum with Vitamin B3. Anti Aging Face Serum for Lines, Wrinkles & Premature Sun Damage to Resurface & Hydrate. Suitable for Sensitive Skin, 1.0 Fl. Oz",
        "price": "$44.99 ($44.54 / Fl Oz)",
        "listPrice": "",
        "imageUrl": "https://m.media-amazon.com/images/I/41XporOTifL._SL160_.jpg",
        "detailPageURL": "https://www.amazon.com/dp/B07Z9Y4M3C",
        "rating": "4.6",
        "totalReviews": "8341",
        "subtitle": "",
        "isPrimeEligible": "1"
    },
    {
        "ASIN": "B08L8B5JR2",
        "title": "Vibriance Super C Serum for Mature Skin, All-In-One Formula Hydrates, Firms, Lifts, Targets Age Spots, Wrinkles, and Smooths Skin, 1 fl oz (30 ml), Pack of 1",
        "price": "$47.00",
        "listPrice": "",
        "imageUrl": "https://m.media-amazon.com/images/I/51Ee0RzYONL._SL160_.jpg",
        "detailPageURL": "https://www.amazon.com/dp/B08L8B5JR2",
        "rating": "4.3",
        "totalReviews": "6243",
        "subtitle": "Vibriance",
        "isPrimeEligible": "1"
    },
    {
        "ASIN": "B014PGEEO2",
        "title": "Tree of Life Vitamin C, Retinol and Hyaluronic Acid Serum Trio for Brightening, Firming, & Hydrating",
        "price": "$29.99 ($10.00 / Fl oz)",
        "listPrice": "",
        "imageUrl": "https://m.media-amazon.com/images/I/51tGOuRhcFL._SL160_.jpg",
        "detailPageURL": "https://www.amazon.com/dp/B014PGEEO2",
        "rating": "4.4",
        "totalReviews": "68887",
        "subtitle": "Tree of Life Beauty",
        "isPrimeEligible": "1"
    },
    {
        "ASIN": "B08BJLFM2W",
        "title": "Niacinamide 10% + Zinc 1% Serum for Face - Pore Reducer + USA Skin Care (30ml)",
        "price": "$8.90",
        "listPrice": "",
        "imageUrl": "https://m.media-amazon.com/images/I/21hf2HTsDLL._SL160_.jpg",
        "detailPageURL": "https://www.amazon.com/dp/B08BJLFM2W",
        "rating": "4.6",
        "totalReviews": "8486",
        "subtitle": "THE ORDINARY",
        "isPrimeEligible": "1"
    },
    {
        "ASIN": "B08T8L371P",
        "title": "Glow Recipe Watermelon Glow Niacinamide Dew Drops Hydrating Serum with Hyaluronic Acid, Moringa Oil + Vitamin E - Lightweight Facial Serum & Priming Liquid Highlighter (40ml)",
        "price": "$37.00 ($27.41 / Fl Oz)",
        "listPrice": "",
        "imageUrl": "https://m.media-amazon.com/images/I/3136Jtue9BL._SL160_.jpg",
        "detailPageURL": "https://www.amazon.com/dp/B08T8L371P",
        "rating": "4.6",
        "totalReviews": "4560",
        "subtitle": "Glow Recipe",
        "isPrimeEligible": "1"
    },
    {
        "ASIN": "B0CG5LDFFN",
        "title": "Vitamin C Serum - Intensive Hyaluronic Acid, Peptide and Centella | Hydrates Skin for a Youthful Radiance | Rejuvenating Face Serum for All Skin Types | 30ml (Clear)",
        "price": "$29.90 ($29.90 / Fl Oz)",
        "listPrice": "",
        "imageUrl": "https://m.media-amazon.com/images/I/512o4MnBxpL._SL160_.jpg",
        "detailPageURL": "https://www.amazon.com/dp/B0CG5LDFFN",
        "rating": "4.8",
        "totalReviews": "86175",
        "subtitle": "NOSECRETS",
        "isPrimeEligible": "1"
    },
    {
        "ASIN": "B07NMLCB1H",
        "title": "IUNIK Tea Tree 67% Relief Vegan Facial Serum for Clear & Balanced Skin - Plant-based Ingredients w/Centella Asiatica for Soothing, Calming, Irritated Skin - Korean Skincare for Sensitive Oily Skin",
        "price": "$16.99 ($9.99 / Fl Oz)",
        "listPrice": "",
        "imageUrl": "https://m.media-amazon.com/images/I/31Zn4Xqy5bL._SL160_.jpg",
        "detailPageURL": "https://www.amazon.com/dp/B07NMLCB1H",
        "rating": "4.5",
        "totalReviews": "3326",
        "subtitle": "IUNIK",
        "isPrimeEligible": "1"
    },
    {
        "ASIN": "B01M4MCUAF",
        "title": "TruSkin Vitamin C Serum for Face \u2013 Anti Aging Face & Eye Serum with Vitamin C, Hyaluronic Acid, Vitamin E \u2013 Brightening Serum for Dark Spots, Even Skin Tone, Eye Area, Fine Lines & Wrinkles, 1 Fl Oz",
        "price": "$21.97",
        "listPrice": "$29.99",
        "imageUrl": "https://m.media-amazon.com/images/I/51+CP4jeFdL._SL160_.jpg",
        "detailPageURL": "https://www.amazon.com/dp/B01M4MCUAF",
        "rating": "4.3",
        "totalReviews": "138322",
        "subtitle": "TruSkin Naturals",
        "isPrimeEligible": "1"
    },
    {
        "ASIN": "B00KMCEA4S",
        "title": "PURA D'OR 20% Vitamin C Serum (4oz BEST VALUE) Lightweight Maximum Strength Formula,Hyaluronic Acid,Retinol,Professional Grade Treatment For Face & Eyes,Dark Spots,Acne,Wrinkles,For Men & Women",
        "price": "$11.89 ($2.97 / Fl Oz)",
        "listPrice": "$16.99 ($4.25 / Fl Oz)",
        "imageUrl": "https://m.media-amazon.com/images/I/41veWaKyDbL._SL160_.jpg",
        "detailPageURL": "https://www.amazon.com/dp/B00KMCEA4S",
        "rating": "4.4",
        "totalReviews": "5925",
        "subtitle": "PURA D'OR",
        "isPrimeEligible": "1"
    },
    {
        "ASIN": "B07Z9Y4M3C",
        "title": "La Roche-Posay Pure Retinol Face Serum with Vitamin B3. Anti Aging Face Serum for Lines, Wrinkles & Premature Sun Damage to Resurface & Hydrate. Suitable for Sensitive Skin, 1.0 Fl. Oz",
        "price": "$44.99 ($44.54 / Fl Oz)",
        "listPrice": "",
        "imageUrl": "https://m.media-amazon.com/images/I/41XporOTifL._SL160_.jpg",
        "detailPageURL": "https://www.amazon.com/dp/B07Z9Y4M3C",
        "rating": "4.6",
        "totalReviews": "8341",
        "subtitle": "",
        "isPrimeEligible": "1"
    },
    {
        "ASIN": "B08L8B5JR2",
        "title": "Vibriance Super C Serum for Mature Skin, All-In-One Formula Hydrates, Firms, Lifts, Targets Age Spots, Wrinkles, and Smooths Skin, 1 fl oz (30 ml), Pack of 1",
        "price": "$47.00",
        "listPrice": "",
        "imageUrl": "https://m.media-amazon.com/images/I/51Ee0RzYONL._SL160_.jpg",
        "detailPageURL": "https://www.amazon.com/dp/B08L8B5JR2",
        "rating": "4.3",
        "totalReviews": "6243",
        "subtitle": "Vibriance",
        "isPrimeEligible": "1"
    },
    {
        "ASIN": "B014PGEEO2",
        "title": "Tree of Life Vitamin C, Retinol and Hyaluronic Acid Serum Trio for Brightening, Firming, & Hydrating",
        "price": "$29.99 ($10.00 / Fl oz)",
        "listPrice": "",
        "imageUrl": "https://m.media-amazon.com/images/I/51tGOuRhcFL._SL160_.jpg",
        "detailPageURL": "https://www.amazon.com/dp/B014PGEEO2",
        "rating": "4.4",
        "totalReviews": "68887",
        "subtitle": "Tree of Life Beauty",
        "isPrimeEligible": "1"
    },
    {
        "ASIN": "B08BJLFM2W",
        "title": "Niacinamide 10% + Zinc 1% Serum for Face - Pore Reducer + USA Skin Care (30ml)",
        "price": "$8.90",
        "listPrice": "",
        "imageUrl": "https://m.media-amazon.com/images/I/21hf2HTsDLL._SL160_.jpg",
        "detailPageURL": "https://www.amazon.com/dp/B08BJLFM2W",
        "rating": "4.6",
        "totalReviews": "8486",
        "subtitle": "THE ORDINARY",
        "isPrimeEligible": "1"
    },
    {
        "ASIN": "B08T8L371P",
        "title": "Glow Recipe Watermelon Glow Niacinamide Dew Drops Hydrating Serum with Hyaluronic Acid, Moringa Oil + Vitamin E - Lightweight Facial Serum & Priming Liquid Highlighter (40ml)",
        "price": "$37.00 ($27.41 / Fl Oz)",
        "listPrice": "",
        "imageUrl": "https://m.media-amazon.com/images/I/3136Jtue9BL._SL160_.jpg",
        "detailPageURL": "https://www.amazon.com/dp/B08T8L371P",
        "rating": "4.6",
        "totalReviews": "4560",
        "subtitle": "Glow Recipe",
        "isPrimeEligible": "1"
    },
    {
        "ASIN": "B08VTGP81H",
        "title": "Clarins Double Serum | Award-Winning | Anti-Aging | Visibly Firms, Smoothes and Boosts Radiance in Just 7 Days* | 21 Plant Ingredients, Including Turmeric | All Skin Types, Ages and Ethnicities",
        "price": "$180.00 ($72.00 / Fl Oz)",
        "listPrice": "",
        "imageUrl": "https://m.media-amazon.com/images/I/31Et2K8Fk2L._SL160_.jpg",
        "detailPageURL": "https://www.amazon.com/dp/B08VTGP81H",
        "rating": "4.7",
        "totalReviews": "1823",
        "subtitle": "",
        "isPrimeEligible": "1"
    },
    {
        "ASIN": "B07NMLCB1H",
        "title": "IUNIK Tea Tree 67% Relief Vegan Facial Serum for Clear & Balanced Skin - Plant-based Ingredients w/Centella Asiatica for Soothing, Calming, Irritated Skin - Korean Skincare for Sensitive Oily Skin",
        "price": "$16.99 ($9.99 / Fl Oz)",
        "listPrice": "",
        "imageUrl": "https://m.media-amazon.com/images/I/31Zn4Xqy5bL._SL160_.jpg",
        "detailPageURL": "https://www.amazon.com/dp/B07NMLCB1H",
        "rating": "4.5",
        "totalReviews": "3326",
        "subtitle": "IUNIK",
        "isPrimeEligible": "1"
    },
    {
        "ASIN": "B01M4MCUAF",
        "title": "TruSkin Vitamin C Serum for Face \u2013 Anti Aging Face & Eye Serum with Vitamin C, Hyaluronic Acid, Vitamin E \u2013 Brightening Serum for Dark Spots, Even Skin Tone, Eye Area, Fine Lines & Wrinkles, 1 Fl Oz",
        "price": "$21.97",
        "listPrice": "$29.99",
        "imageUrl": "https://m.media-amazon.com/images/I/51+CP4jeFdL._SL160_.jpg",
        "detailPageURL": "https://www.amazon.com/dp/B01M4MCUAF",
        "rating": "4.3",
        "totalReviews": "138322",
        "subtitle": "TruSkin Naturals",
        "isPrimeEligible": "1"
    },
    {
        "ASIN": "B00KMCEA4S",
        "title": "PURA D'OR 20% Vitamin C Serum (4oz BEST VALUE) Lightweight Maximum Strength Formula,Hyaluronic Acid,Retinol,Professional Grade Treatment For Face & Eyes,Dark Spots,Acne,Wrinkles,For Men & Women",
        "price": "$11.89 ($2.97 / Fl Oz)",
        "listPrice": "$16.99 ($4.25 / Fl Oz)",
        "imageUrl": "https://m.media-amazon.com/images/I/41veWaKyDbL._SL160_.jpg",
        "detailPageURL": "https://www.amazon.com/dp/B00KMCEA4S",
        "rating": "4.4",
        "totalReviews": "5925",
        "subtitle": "PURA D'OR",
        "isPrimeEligible": "1"
    },
    {
        "ASIN": "B07Z9Y4M3C",
        "title": "La Roche-Posay Pure Retinol Face Serum with Vitamin B3. Anti Aging Face Serum for Lines, Wrinkles & Premature Sun Damage to Resurface & Hydrate. Suitable for Sensitive Skin, 1.0 Fl. Oz",
        "price": "$44.99 ($44.54 / Fl Oz)",
        "listPrice": "",
        "imageUrl": "https://m.media-amazon.com/images/I/41XporOTifL._SL160_.jpg",
        "detailPageURL": "https://www.amazon.com/dp/B07Z9Y4M3C",
        "rating": "4.6",
        "totalReviews": "8341",
        "subtitle": "",
        "isPrimeEligible": "1"
    },
    {
        "ASIN": "B08L8B5JR2",
        "title": "Vibriance Super C Serum for Mature Skin, All-In-One Formula Hydrates, Firms, Lifts, Targets Age Spots, Wrinkles, and Smooths Skin, 1 fl oz (30 ml), Pack of 1",
        "price": "$47.00",
        "listPrice": "",
        "imageUrl": "https://m.media-amazon.com/images/I/51Ee0RzYONL._SL160_.jpg",
        "detailPageURL": "https://www.amazon.com/dp/B08L8B5JR2",
        "rating": "4.3",
        "totalReviews": "6243",
        "subtitle": "Vibriance",
        "isPrimeEligible": "1"
    },
    {
        "ASIN": "B014PGEEO2",
        "title": "Tree of Life Vitamin C, Retinol and Hyaluronic Acid Serum Trio for Brightening, Firming, & Hydrating",
        "price": "$29.99 ($10.00 / Fl oz)",
        "listPrice": "",
        "imageUrl": "https://m.media-amazon.com/images/I/51tGOuRhcFL._SL160_.jpg",
        "detailPageURL": "https://www.amazon.com/dp/B014PGEEO2",
        "rating": "4.4",
        "totalReviews": "68887",
        "subtitle": "Tree of Life Beauty",
        "isPrimeEligible": "1"
    },
    {
        "ASIN": "B08BJLFM2W",
        "title": "Niacinamide 10% + Zinc 1% Serum for Face - Pore Reducer + USA Skin Care (30ml)",
        "price": "$8.90",
        "listPrice": "",
        "imageUrl": "https://m.media-amazon.com/images/I/21hf2HTsDLL._SL160_.jpg",
        "detailPageURL": "https://www.amazon.com/dp/B08BJLFM2W",
        "rating": "4.6",
        "totalReviews": "8486",
        "subtitle": "THE ORDINARY",
        "isPrimeEligible": "1"
    },
    {
        "ASIN": "B08T8L371P",
        "title": "Glow Recipe Watermelon Glow Niacinamide Dew Drops Hydrating Serum with Hyaluronic Acid, Moringa Oil + Vitamin E - Lightweight Facial Serum & Priming Liquid Highlighter (40ml)",
        "price": "$37.00 ($27.41 / Fl Oz)",
        "listPrice": "",
        "imageUrl": "https://m.media-amazon.com/images/I/3136Jtue9BL._SL160_.jpg",
        "detailPageURL": "https://www.amazon.com/dp/B08T8L371P",
        "rating": "4.6",
        "totalReviews": "4560",
        "subtitle": "Glow Recipe",
        "isPrimeEligible": "1"
    },
    {
        "ASIN": "B08VTGP81H",
        "title": "Clarins Double Serum | Award-Winning | Anti-Aging | Visibly Firms, Smoothes and Boosts Radiance in Just 7 Days* | 21 Plant Ingredients, Including Turmeric | All Skin Types, Ages and Ethnicities",
        "price": "$180.00 ($72.00 / Fl Oz)",
        "listPrice": "",
        "imageUrl": "https://m.media-amazon.com/images/I/31Et2K8Fk2L._SL160_.jpg",
        "detailPageURL": "https://www.amazon.com/dp/B08VTGP81H",
        "rating": "4.7",
        "totalReviews": "1823",
        "subtitle": "",
        "isPrimeEligible": "1"
    },
    {
        "ASIN": "B088C7S4VL",
        "title": "RoC Multi Correxion Revive + Glow 10% Active Vitamin C Serum for Face, Daily Anti-Aging Wrinkle and Skin Tone Skin Care Treatment, Brightening Serum for Dark Spots, 1 Fluid Ounce",
        "price": "$21.84",
        "listPrice": "$32.99",
        "imageUrl": "https://m.media-amazon.com/images/I/41JehXEg1eL._SL160_.jpg",
        "detailPageURL": "https://www.amazon.com/dp/B088C7S4VL",
        "rating": "4.5",
        "totalReviews": "8132",
        "subtitle": "RoC",
        "isPrimeEligible": "1"
    },
    {
        "ASIN": "B01M4MCUAF",
        "title": "TruSkin Vitamin C Serum for Face \u2013 Anti Aging Face & Eye Serum with Vitamin C, Hyaluronic Acid, Vitamin E \u2013 Brightening Serum for Dark Spots, Even Skin Tone, Eye Area, Fine Lines & Wrinkles, 1 Fl Oz",
        "price": "$21.97",
        "listPrice": "$29.99",
        "imageUrl": "https://m.media-amazon.com/images/I/51+CP4jeFdL._SL160_.jpg",
        "detailPageURL": "https://www.amazon.com/dp/B01M4MCUAF",
        "rating": "4.3",
        "totalReviews": "138322",
        "subtitle": "TruSkin Naturals",
        "isPrimeEligible": "1"
    },
    {
        "ASIN": "B00KMCEA4S",
        "title": "PURA D'OR 20% Vitamin C Serum (4oz BEST VALUE) Lightweight Maximum Strength Formula,Hyaluronic Acid,Retinol,Professional Grade Treatment For Face & Eyes,Dark Spots,Acne,Wrinkles,For Men & Women",
        "price": "$11.89 ($2.97 / Fl Oz)",
        "listPrice": "$16.99 ($4.25 / Fl Oz)",
        "imageUrl": "https://m.media-amazon.com/images/I/41veWaKyDbL._SL160_.jpg",
        "detailPageURL": "https://www.amazon.com/dp/B00KMCEA4S",
        "rating": "4.4",
        "totalReviews": "5925",
        "subtitle": "PURA D'OR",
        "isPrimeEligible": "1"
    },
    {
        "ASIN": "B07Z9Y4M3C",
        "title": "La Roche-Posay Pure Retinol Face Serum with Vitamin B3. Anti Aging Face Serum for Lines, Wrinkles & Premature Sun Damage to Resurface & Hydrate. Suitable for Sensitive Skin, 1.0 Fl. Oz",
        "price": "$44.99 ($44.54 / Fl Oz)",
        "listPrice": "",
        "imageUrl": "https://m.media-amazon.com/images/I/41XporOTifL._SL160_.jpg",
        "detailPageURL": "https://www.amazon.com/dp/B07Z9Y4M3C",
        "rating": "4.6",
        "totalReviews": "8341",
        "subtitle": "",
        "isPrimeEligible": "1"
    },
    {
        "ASIN": "B08L8B5JR2",
        "title": "Vibriance Super C Serum for Mature Skin, All-In-One Formula Hydrates, Firms, Lifts, Targets Age Spots, Wrinkles, and Smooths Skin, 1 fl oz (30 ml), Pack of 1",
        "price": "$47.00",
        "listPrice": "",
        "imageUrl": "https://m.media-amazon.com/images/I/51Ee0RzYONL._SL160_.jpg",
        "detailPageURL": "https://www.amazon.com/dp/B08L8B5JR2",
        "rating": "4.3",
        "totalReviews": "6243",
        "subtitle": "Vibriance",
        "isPrimeEligible": "1"
    },
    {
        "ASIN": "B014PGEEO2",
        "title": "Tree of Life Vitamin C, Retinol and Hyaluronic Acid Serum Trio for Brightening, Firming, & Hydrating",
        "price": "$29.99 ($10.00 / Fl oz)",
        "listPrice": "",
        "imageUrl": "https://m.media-amazon.com/images/I/51tGOuRhcFL._SL160_.jpg",
        "detailPageURL": "https://www.amazon.com/dp/B014PGEEO2",
        "rating": "4.4",
        "totalReviews": "68887",
        "subtitle": "Tree of Life Beauty",
        "isPrimeEligible": "1"
    },
    {
        "ASIN": "B08BJLFM2W",
        "title": "Niacinamide 10% + Zinc 1% Serum for Face - Pore Reducer + USA Skin Care (30ml)",
        "price": "$8.90",
        "listPrice": "",
        "imageUrl": "https://m.media-amazon.com/images/I/21hf2HTsDLL._SL160_.jpg",
        "detailPageURL": "https://www.amazon.com/dp/B08BJLFM2W",
        "rating": "4.6",
        "totalReviews": "8486",
        "subtitle": "THE ORDINARY",
        "isPrimeEligible": "1"
    },
    {
        "ASIN": "B08T8L371P",
        "title": "Glow Recipe Watermelon Glow Niacinamide Dew Drops Hydrating Serum with Hyaluronic Acid, Moringa Oil + Vitamin E - Lightweight Facial Serum & Priming Liquid Highlighter (40ml)",
        "price": "$37.00 ($27.41 / Fl Oz)",
        "listPrice": "",
        "imageUrl": "https://m.media-amazon.com/images/I/3136Jtue9BL._SL160_.jpg",
        "detailPageURL": "https://www.amazon.com/dp/B08T8L371P",
        "rating": "4.6",
        "totalReviews": "4560",
        "subtitle": "Glow Recipe",
        "isPrimeEligible": "1"
    },
    {
        "ASIN": "B08VTGP81H",
        "title": "Clarins Double Serum | Award-Winning | Anti-Aging | Visibly Firms, Smoothes and Boosts Radiance in Just 7 Days* | 21 Plant Ingredients, Including Turmeric | All Skin Types, Ages and Ethnicities",
        "price": "$180.00 ($72.00 / Fl Oz)",
        "listPrice": "",
        "imageUrl": "https://m.media-amazon.com/images/I/31Et2K8Fk2L._SL160_.jpg",
        "detailPageURL": "https://www.amazon.com/dp/B08VTGP81H",
        "rating": "4.7",
        "totalReviews": "1823",
        "subtitle": "",
        "isPrimeEligible": "1"
    },
    {
        "ASIN": "B088C7S4VL",
        "title": "RoC Multi Correxion Revive + Glow 10% Active Vitamin C Serum for Face, Daily Anti-Aging Wrinkle and Skin Tone Skin Care Treatment, Brightening Serum for Dark Spots, 1 Fluid Ounce",
        "price": "$21.84",
        "listPrice": "$32.99",
        "imageUrl": "https://m.media-amazon.com/images/I/41JehXEg1eL._SL160_.jpg",
        "detailPageURL": "https://www.amazon.com/dp/B088C7S4VL",
        "rating": "4.5",
        "totalReviews": "8132",
        "subtitle": "RoC",
        "isPrimeEligible": "1"
    },
    {
        "ASIN": "B01BT02Q88",
        "title": "Vitamin C Serum for Face - Vitamin C Facial Serums with Hyaluronic Acid, Retinol, Niacinamide & Salicylic Acid - Vitamin C Face Oil - Skin Brightening Serum - Anti Aging, Reduce Wrinkles & Dark Spots (1 oz)",
        "price": "$12.99",
        "listPrice": "$21.95",
        "imageUrl": "https://m.media-amazon.com/images/I/510iOmOgxFL._SL160_.jpg",
        "detailPageURL": "https://www.amazon.com/dp/B01BT02Q88",
        "rating": "4.3",
        "totalReviews": "54446",
        "subtitle": "Eva Naturals",
        "isPrimeEligible": "1"
    },
    {
        "ASIN": "B00KMCEA4S",
        "title": "PURA D'OR 20% Vitamin C Serum (4oz BEST VALUE) Lightweight Maximum Strength Formula,Hyaluronic Acid,Retinol,Professional Grade Treatment For Face & Eyes,Dark Spots,Acne,Wrinkles,For Men & Women",
        "price": "$11.89 ($2.97 / Fl Oz)",
        "listPrice": "$16.99 ($4.25 / Fl Oz)",
        "imageUrl": "https://m.media-amazon.com/images/I/41veWaKyDbL._SL160_.jpg",
        "detailPageURL": "https://www.amazon.com/dp/B00KMCEA4S",
        "rating": "4.4",
        "totalReviews": "5925",
        "subtitle": "PURA D'OR",
        "isPrimeEligible": "1"
    },
    {
        "ASIN": "B07Z9Y4M3C",
        "title": "La Roche-Posay Pure Retinol Face Serum with Vitamin B3. Anti Aging Face Serum for Lines, Wrinkles & Premature Sun Damage to Resurface & Hydrate. Suitable for Sensitive Skin, 1.0 Fl. Oz",
        "price": "$44.99 ($44.54 / Fl Oz)",
        "listPrice": "",
        "imageUrl": "https://m.media-amazon.com/images/I/41XporOTifL._SL160_.jpg",
        "detailPageURL": "https://www.amazon.com/dp/B07Z9Y4M3C",
        "rating": "4.6",
        "totalReviews": "8341",
        "subtitle": "",
        "isPrimeEligible": "1"
    },
    {
        "ASIN": "B08L8B5JR2",
        "title": "Vibriance Super C Serum for Mature Skin, All-In-One Formula Hydrates, Firms, Lifts, Targets Age Spots, Wrinkles, and Smooths Skin, 1 fl oz (30 ml), Pack of 1",
        "price": "$47.00",
        "listPrice": "",
        "imageUrl": "https://m.media-amazon.com/images/I/51Ee0RzYONL._SL160_.jpg",
        "detailPageURL": "https://www.amazon.com/dp/B08L8B5JR2",
        "rating": "4.3",
        "totalReviews": "6243",
        "subtitle": "Vibriance",
        "isPrimeEligible": "1"
    },
    {
        "ASIN": "B014PGEEO2",
        "title": "Tree of Life Vitamin C, Retinol and Hyaluronic Acid Serum Trio for Brightening, Firming, & Hydrating",
        "price": "$29.99 ($10.00 / Fl oz)",
        "listPrice": "",
        "imageUrl": "https://m.media-amazon.com/images/I/51tGOuRhcFL._SL160_.jpg",
        "detailPageURL": "https://www.amazon.com/dp/B014PGEEO2",
        "rating": "4.4",
        "totalReviews": "68887",
        "subtitle": "Tree of Life Beauty",
        "isPrimeEligible": "1"
    },
    {
        "ASIN": "B08BJLFM2W",
        "title": "Niacinamide 10% + Zinc 1% Serum for Face - Pore Reducer + USA Skin Care (30ml)",
        "price": "$8.90",
        "listPrice": "",
        "imageUrl": "https://m.media-amazon.com/images/I/21hf2HTsDLL._SL160_.jpg",
        "detailPageURL": "https://www.amazon.com/dp/B08BJLFM2W",
        "rating": "4.6",
        "totalReviews": "8486",
        "subtitle": "THE ORDINARY",
        "isPrimeEligible": "1"
    },
    {
        "ASIN": "B08T8L371P",
        "title": "Glow Recipe Watermelon Glow Niacinamide Dew Drops Hydrating Serum with Hyaluronic Acid, Moringa Oil + Vitamin E - Lightweight Facial Serum & Priming Liquid Highlighter (40ml)",
        "price": "$37.00 ($27.41 / Fl Oz)",
        "listPrice": "",
        "imageUrl": "https://m.media-amazon.com/images/I/3136Jtue9BL._SL160_.jpg",
        "detailPageURL": "https://www.amazon.com/dp/B08T8L371P",
        "rating": "4.6",
        "totalReviews": "4560",
        "subtitle": "Glow Recipe",
        "isPrimeEligible": "1"
    },
    {
        "ASIN": "B08VTGP81H",
        "title": "Clarins Double Serum | Award-Winning | Anti-Aging | Visibly Firms, Smoothes and Boosts Radiance in Just 7 Days* | 21 Plant Ingredients, Including Turmeric | All Skin Types, Ages and Ethnicities",
        "price": "$180.00 ($72.00 / Fl Oz)",
        "listPrice": "",
        "imageUrl": "https://m.media-amazon.com/images/I/31Et2K8Fk2L._SL160_.jpg",
        "detailPageURL": "https://www.amazon.com/dp/B08VTGP81H",
        "rating": "4.7",
        "totalReviews": "1823",
        "subtitle": "",
        "isPrimeEligible": "1"
    },
    {
        "ASIN": "B088C7S4VL",
        "title": "RoC Multi Correxion Revive + Glow 10% Active Vitamin C Serum for Face, Daily Anti-Aging Wrinkle and Skin Tone Skin Care Treatment, Brightening Serum for Dark Spots, 1 Fluid Ounce",
        "price": "$21.84",
        "listPrice": "$32.99",
        "imageUrl": "https://m.media-amazon.com/images/I/41JehXEg1eL._SL160_.jpg",
        "detailPageURL": "https://www.amazon.com/dp/B088C7S4VL",
        "rating": "4.5",
        "totalReviews": "8132",
        "subtitle": "RoC",
        "isPrimeEligible": "1"
    },
    {
        "ASIN": "B01BT02Q88",
        "title": "Vitamin C Serum for Face - Vitamin C Facial Serums with Hyaluronic Acid, Retinol, Niacinamide & Salicylic Acid - Vitamin C Face Oil - Skin Brightening Serum - Anti Aging, Reduce Wrinkles & Dark Spots (1 oz)",
        "price": "$12.99",
        "listPrice": "$21.95",
        "imageUrl": "https://m.media-amazon.com/images/I/510iOmOgxFL._SL160_.jpg",
        "detailPageURL": "https://www.amazon.com/dp/B01BT02Q88",
        "rating": "4.3",
        "totalReviews": "54446",
        "subtitle": "Eva Naturals",
        "isPrimeEligible": "1"
    },
    {
        "ASIN": "B07T8WLKBH",
        "title": "Dermalogica Age Bright Clearing Serum (1 Fl Oz) Anti-Aging Face Serum with Salicylic Acid - Promotes Smoother, Clearer, Brighter, and More Even Skin",
        "price": "$75.00",
        "listPrice": "",
        "imageUrl": "https://m.media-amazon.com/images/I/31P8IHcAKML._SL160_.jpg",
        "detailPageURL": "https://www.amazon.com/dp/B07T8WLKBH",
        "rating": "4.6",
        "totalReviews": "484",
        "subtitle": "",
        "isPrimeEligible": "1"
    },
    {
        "ASIN": "B014PGEEO2",
        "title": "Tree of Life Vitamin C, Retinol and Hyaluronic Acid Serum Trio for Brightening, Firming, & Hydrating",
        "price": "$29.99 ($10.00 / Fl oz)",
        "listPrice": "",
        "imageUrl": "https://m.media-amazon.com/images/I/51tGOuRhcFL._SL160_.jpg",
        "detailPageURL": "https://www.amazon.com/dp/B014PGEEO2",
        "rating": "4.4",
        "totalReviews": "68887",
        "subtitle": "Tree of Life Beauty",
        "isPrimeEligible": "1"
    },
    {
        "ASIN": "B07Z9Y4M3C",
        "title": "La Roche-Posay Pure Retinol Face Serum with Vitamin B3. Anti Aging Face Serum for Lines, Wrinkles & Premature Sun Damage to Resurface & Hydrate. Suitable for Sensitive Skin, 1.0 Fl. Oz",
        "price": "$44.99 ($44.54 / Fl Oz)",
        "listPrice": "",
        "imageUrl": "https://m.media-amazon.com/images/I/41XporOTifL._SL160_.jpg",
        "detailPageURL": "https://www.amazon.com/dp/B07Z9Y4M3C",
        "rating": "4.6",
        "totalReviews": "8341",
        "subtitle": "",
        "isPrimeEligible": "1"
    },
    {
        "ASIN": "B08T8L371P",
        "title": "Glow Recipe Watermelon Glow Niacinamide Dew Drops Hydrating Serum with Hyaluronic Acid, Moringa Oil + Vitamin E - Lightweight Facial Serum & Priming Liquid Highlighter (40ml)",
        "price": "$37.00 ($27.41 / Fl Oz)",
        "listPrice": "",
        "imageUrl": "https://m.media-amazon.com/images/I/3136Jtue9BL._SL160_.jpg",
        "detailPageURL": "https://www.amazon.com/dp/B08T8L371P",
        "rating": "4.6",
        "totalReviews": "4560",
        "subtitle": "Glow Recipe",
        "isPrimeEligible": "1"
    },
    {
        "ASIN": "B08L8B5JR2",
        "title": "Vibriance Super C Serum for Mature Skin, All-In-One Formula Hydrates, Firms, Lifts, Targets Age Spots, Wrinkles, and Smooths Skin, 1 fl oz (30 ml), Pack of 1",
        "price": "$47.00",
        "listPrice": "",
        "imageUrl": "https://m.media-amazon.com/images/I/51Ee0RzYONL._SL160_.jpg",
        "detailPageURL": "https://www.amazon.com/dp/B08L8B5JR2",
        "rating": "4.3",
        "totalReviews": "6243",
        "subtitle": "Vibriance",
        "isPrimeEligible": "1"
    },
    {
        "ASIN": "B07NMLCB1H",
        "title": "IUNIK Tea Tree 67% Relief Vegan Facial Serum for Clear & Balanced Skin - Plant-based Ingredients w/Centella Asiatica for Soothing, Calming, Irritated Skin - Korean Skincare for Sensitive Oily Skin",
        "price": "$16.99 ($9.99 / Fl Oz)",
        "listPrice": "",
        "imageUrl": "https://m.media-amazon.com/images/I/31Zn4Xqy5bL._SL160_.jpg",
        "detailPageURL": "https://www.amazon.com/dp/B07NMLCB1H",
        "rating": "4.5",
        "totalReviews": "3326",
        "subtitle": "IUNIK",
        "isPrimeEligible": "1"
    },
    {
        "ASIN": "B012Q4M3DO",
        "title": "artnaturals Anti-Aging Vitamin C Serum - (1 Fl Oz / 30ml) - with Hyaluronic Acid and Vit E - Wrinkle Repairs Dark Circles, Fades Age Spots and Sun Damage - Enhanced 20% Vitamin C",
        "price": "$12.99",
        "listPrice": "$19.99",
        "imageUrl": "https://m.media-amazon.com/images/I/51bgHW-OvFL._SL160_.jpg",
        "detailPageURL": "https://www.amazon.com/dp/B012Q4M3DO",
        "rating": "4.4",
        "totalReviews": "7982",
        "subtitle": "Artnaturals",
        "isPrimeEligible": "1"
    },
    {
        "ASIN": "B0039NMCPG",
        "title": "Olay Regenerist Serum, 1.7 Fl Oz",
        "price": "$20.66 ($12.15 / Fl Oz)",
        "listPrice": "$27.49 ($16.17 / Fl Oz)",
        "imageUrl": "https://m.media-amazon.com/images/I/61C3mr-BI-L._SL160_.jpg",
        "detailPageURL": "https://www.amazon.com/dp/B0039NMCPG",
        "rating": "4.7",
        "totalReviews": "5316",
        "subtitle": "Olay",
        "isPrimeEligible": "1"
    },
    {
        "ASIN": "B01BT02Q88",
        "title": "Vitamin C Serum for Face - Vitamin C Facial Serums with Hyaluronic Acid, Retinol, Niacinamide & Salicylic Acid - Vitamin C Face Oil - Skin Brightening Serum - Anti Aging, Reduce Wrinkles & Dark Spots (1 oz)",
        "price": "$12.99",
        "listPrice": "$21.95",
        "imageUrl": "https://m.media-amazon.com/images/I/510iOmOgxFL._SL160_.jpg",
        "detailPageURL": "https://www.amazon.com/dp/B01BT02Q88",
        "rating": "4.3",
        "totalReviews": "54446",
        "subtitle": "Eva Naturals",
        "isPrimeEligible": "1"
    },
    {
        "ASIN": "B08VTGP81H",
        "title": "Clarins Double Serum | Award-Winning | Anti-Aging | Visibly Firms, Smoothes and Boosts Radiance in Just 7 Days* | 21 Plant Ingredients, Including Turmeric | All Skin Types, Ages and Ethnicities",
        "price": "$180.00 ($72.00 / Fl Oz)",
        "listPrice": "",
        "imageUrl": "https://m.media-amazon.com/images/I/31Et2K8Fk2L._SL160_.jpg",
        "detailPageURL": "https://www.amazon.com/dp/B08VTGP81H",
        "rating": "4.7",
        "totalReviews": "1823",
        "subtitle": "",
        "isPrimeEligible": "1"
    },
    {
        "ASIN": "B088C7S4VL",
        "title": "RoC Multi Correxion Revive + Glow 10% Active Vitamin C Serum for Face, Daily Anti-Aging Wrinkle and Skin Tone Skin Care Treatment, Brightening Serum for Dark Spots, 1 Fluid Ounce",
        "price": "$21.84",
        "listPrice": "$32.99",
        "imageUrl": "https://m.media-amazon.com/images/I/41JehXEg1eL._SL160_.jpg",
        "detailPageURL": "https://www.amazon.com/dp/B088C7S4VL",
        "rating": "4.5",
        "totalReviews": "8132",
        "subtitle": "RoC",
        "isPrimeEligible": "1"
    },
    {
        "ASIN": "B07Z9Y4M3C",
        "title": "La Roche-Posay Pure Retinol Face Serum with Vitamin B3. Anti Aging Face Serum for Lines, Wrinkles & Premature Sun Damage to Resurface & Hydrate. Suitable for Sensitive Skin, 1.0 Fl. Oz",
        "price": "$44.99 ($44.54 / Fl Oz)",
        "listPrice": "",
        "imageUrl": "https://m.media-amazon.com/images/I/41XporOTifL._SL160_.jpg",
        "detailPageURL": "https://www.amazon.com/dp/B07Z9Y4M3C",
        "rating": "4.6",
        "totalReviews": "8341",
        "subtitle": "",
        "isPrimeEligible": "1"
    },
    {
        "ASIN": "B08T8L371P",
        "title": "Glow Recipe Watermelon Glow Niacinamide Dew Drops Hydrating Serum with Hyaluronic Acid, Moringa Oil + Vitamin E - Lightweight Facial Serum & Priming Liquid Highlighter (40ml)",
        "price": "$37.00 ($27.41 / Fl Oz)",
        "listPrice": "",
        "imageUrl": "https://m.media-amazon.com/images/I/3136Jtue9BL._SL160_.jpg",
        "detailPageURL": "https://www.amazon.com/dp/B08T8L371P",
        "rating": "4.6",
        "totalReviews": "4560",
        "subtitle": "Glow Recipe",
        "isPrimeEligible": "1"
    },
    {
        "ASIN": "B08L8B5JR2",
        "title": "Vibriance Super C Serum for Mature Skin, All-In-One Formula Hydrates, Firms, Lifts, Targets Age Spots, Wrinkles, and Smooths Skin, 1 fl oz (30 ml), Pack of 1",
        "price": "$47.00",
        "listPrice": "",
        "imageUrl": "https://m.media-amazon.com/images/I/51Ee0RzYONL._SL160_.jpg",
        "detailPageURL": "https://www.amazon.com/dp/B08L8B5JR2",
        "rating": "4.3",
        "totalReviews": "6243",
        "subtitle": "Vibriance",
        "isPrimeEligible": "1"
    },
    {
        "ASIN": "B07NMLCB1H",
        "title": "IUNIK Tea Tree 67% Relief Vegan Facial Serum for Clear & Balanced Skin - Plant-based Ingredients w/Centella Asiatica for Soothing, Calming, Irritated Skin - Korean Skincare for Sensitive Oily Skin",
        "price": "$16.99 ($9.99 / Fl Oz)",
        "listPrice": "",
        "imageUrl": "https://m.media-amazon.com/images/I/31Zn4Xqy5bL._SL160_.jpg",
        "detailPageURL": "https://www.amazon.com/dp/B07NMLCB1H",
        "rating": "4.5",
        "totalReviews": "3326",
        "subtitle": "IUNIK",
        "isPrimeEligible": "1"
    },
    {
        "ASIN": "B012Q4M3DO",
        "title": "artnaturals Anti-Aging Vitamin C Serum - (1 Fl Oz / 30ml) - with Hyaluronic Acid and Vit E - Wrinkle Repairs Dark Circles, Fades Age Spots and Sun Damage - Enhanced 20% Vitamin C",
        "price": "$12.99",
        "listPrice": "$19.99",
        "imageUrl": "https://m.media-amazon.com/images/I/51bgHW-OvFL._SL160_.jpg",
        "detailPageURL": "https://www.amazon.com/dp/B012Q4M3DO",
        "rating": "4.4",
        "totalReviews": "7982",
        "subtitle": "Artnaturals",
        "isPrimeEligible": "1"
    },
    {
        "ASIN": "B0039NMCPG",
        "title": "Olay Regenerist Serum, 1.7 Fl Oz",
        "price": "$20.66 ($12.15 / Fl Oz)",
        "listPrice": "$27.49 ($16.17 / Fl Oz)",
        "imageUrl": "https://m.media-amazon.com/images/I/61C3mr-BI-L._SL160_.jpg",
        "detailPageURL": "https://www.amazon.com/dp/B0039NMCPG",
        "rating": "4.7",
        "totalReviews": "5316",
        "subtitle": "Olay",
        "isPrimeEligible": "1"
    },
    {
        "ASIN": "B01BT02Q88",
        "title": "Vitamin C Serum for Face - Vitamin C Facial Serums with Hyaluronic Acid, Retinol, Niacinamide & Salicylic Acid - Vitamin C Face Oil - Skin Brightening Serum - Anti Aging, Reduce Wrinkles & Dark Spots (1 oz)",
        "price": "$12.99",
        "listPrice": "$21.95",
        "imageUrl": "https://m.media-amazon.com/images/I/510iOmOgxFL._SL160_.jpg",
        "detailPageURL": "https://www.amazon.com/dp/B01BT02Q88",
        "rating": "4.3",
        "totalReviews": "54446",
        "subtitle": "Eva Naturals",
        "isPrimeEligible": "1"
    },
    {
        "ASIN": "B08VTGP81H",
        "title": "Clarins Double Serum | Award-Winning | Anti-Aging | Visibly Firms, Smoothes and Boosts Radiance in Just 7 Days* | 21 Plant Ingredients, Including Turmeric | All Skin Types, Ages and Ethnicities",
        "price": "$180.00 ($72.00 / Fl Oz)",
        "listPrice": "",
        "imageUrl": "https://m.media-amazon.com/images/I/31Et2K8Fk2L._SL160_.jpg",
        "detailPageURL": "https://www.amazon.com/dp/B08VTGP81H",
        "rating": "4.7",
        "totalReviews": "1823",
        "subtitle": "",
        "isPrimeEligible": "1"
    },
    {
        "ASIN": "B088C7S4VL",
        "title": "RoC Multi Correxion Revive + Glow 10% Active Vitamin C Serum for Face, Daily Anti-Aging Wrinkle and Skin Tone Skin Care Treatment, Brightening Serum for Dark Spots, 1 Fluid Ounce",
        "price": "$21.84",
        "listPrice": "$32.99",
        "imageUrl": "https://m.media-amazon.com/images/I/41JehXEg1eL._SL160_.jpg",
        "detailPageURL": "https://www.amazon.com/dp/B088C7S4VL",
        "rating": "4.5",
        "totalReviews": "8132",
        "subtitle": "RoC",
        "isPrimeEligible": "1"
    },
    {
        "ASIN": "B07WSS5M4Z",
        "title": "Naturium Niacinamide Face Serum 12% Plus Zinc 2%, Skin Complexion Treatment & Pore Minimizer, with Hyaluronic Acid & Vitamin E, 1 oz",
        "price": "$16.49 ($16.49 / Fl Oz)",
        "listPrice": "",
        "imageUrl": "https://m.media-amazon.com/images/I/312eE543UbL._SL160_.jpg",
        "detailPageURL": "https://www.amazon.com/dp/B07WSS5M4Z",
        "rating": "4.5",
        "totalReviews": "13745",
        "subtitle": "Naturium",
        "isPrimeEligible": "1"
    },
    {
        "ASIN": "B08T8L371P",
        "title": "Glow Recipe Watermelon Glow Niacinamide Dew Drops Hydrating Serum with Hyaluronic Acid, Moringa Oil + Vitamin E - Lightweight Facial Serum & Priming Liquid Highlighter (40ml)",
        "price": "$37.00 ($27.41 / Fl Oz)",
        "listPrice": "",
        "imageUrl": "https://m.media-amazon.com/images/I/3136Jtue9BL._SL160_.jpg",
        "detailPageURL": "https://www.amazon.com/dp/B08T8L371P",
        "rating": "4.6",
        "totalReviews": "4560",
        "subtitle": "Glow Recipe",
        "isPrimeEligible": "1"
    },
    {
        "ASIN": "B08L8B5JR2",
        "title": "Vibriance Super C Serum for Mature Skin, All-In-One Formula Hydrates, Firms, Lifts, Targets Age Spots, Wrinkles, and Smooths Skin, 1 fl oz (30 ml), Pack of 1",
        "price": "$47.00",
        "listPrice": "",
        "imageUrl": "https://m.media-amazon.com/images/I/51Ee0RzYONL._SL160_.jpg",
        "detailPageURL": "https://www.amazon.com/dp/B08L8B5JR2",
        "rating": "4.3",
        "totalReviews": "6243",
        "subtitle": "Vibriance",
        "isPrimeEligible": "1"
    },
    {
        "ASIN": "B07NMLCB1H",
        "title": "IUNIK Tea Tree 67% Relief Vegan Facial Serum for Clear & Balanced Skin - Plant-based Ingredients w/Centella Asiatica for Soothing, Calming, Irritated Skin - Korean Skincare for Sensitive Oily Skin",
        "price": "$16.99 ($9.99 / Fl Oz)",
        "listPrice": "",
        "imageUrl": "https://m.media-amazon.com/images/I/31Zn4Xqy5bL._SL160_.jpg",
        "detailPageURL": "https://www.amazon.com/dp/B07NMLCB1H",
        "rating": "4.5",
        "totalReviews": "3326",
        "subtitle": "IUNIK",
        "isPrimeEligible": "1"
    },
    {
        "ASIN": "B012Q4M3DO",
        "title": "artnaturals Anti-Aging Vitamin C Serum - (1 Fl Oz / 30ml) - with Hyaluronic Acid and Vit E - Wrinkle Repairs Dark Circles, Fades Age Spots and Sun Damage - Enhanced 20% Vitamin C",
        "price": "$12.99",
        "listPrice": "$19.99",
        "imageUrl": "https://m.media-amazon.com/images/I/51bgHW-OvFL._SL160_.jpg",
        "detailPageURL": "https://www.amazon.com/dp/B012Q4M3DO",
        "rating": "4.4",
        "totalReviews": "7982",
        "subtitle": "Artnaturals",
        "isPrimeEligible": "1"
    },
    {
        "ASIN": "B0039NMCPG",
        "title": "Olay Regenerist Serum, 1.7 Fl Oz",
        "price": "$20.66 ($12.15 / Fl Oz)",
        "listPrice": "$27.49 ($16.17 / Fl Oz)",
        "imageUrl": "https://m.media-amazon.com/images/I/61C3mr-BI-L._SL160_.jpg",
        "detailPageURL": "https://www.amazon.com/dp/B0039NMCPG",
        "rating": "4.7",
        "totalReviews": "5316",
        "subtitle": "Olay",
        "isPrimeEligible": "1"
    },
    {
        "ASIN": "B01BT02Q88",
        "title": "Vitamin C Serum for Face - Vitamin C Facial Serums with Hyaluronic Acid, Retinol, Niacinamide & Salicylic Acid - Vitamin C Face Oil - Skin Brightening Serum - Anti Aging, Reduce Wrinkles & Dark Spots (1 oz)",
        "price": "$12.99",
        "listPrice": "$21.95",
        "imageUrl": "https://m.media-amazon.com/images/I/510iOmOgxFL._SL160_.jpg",
        "detailPageURL": "https://www.amazon.com/dp/B01BT02Q88",
        "rating": "4.3",
        "totalReviews": "54446",
        "subtitle": "Eva Naturals",
        "isPrimeEligible": "1"
    },
    {
        "ASIN": "B08VTGP81H",
        "title": "Clarins Double Serum | Award-Winning | Anti-Aging | Visibly Firms, Smoothes and Boosts Radiance in Just 7 Days* | 21 Plant Ingredients, Including Turmeric | All Skin Types, Ages and Ethnicities",
        "price": "$180.00 ($72.00 / Fl Oz)",
        "listPrice": "",
        "imageUrl": "https://m.media-amazon.com/images/I/31Et2K8Fk2L._SL160_.jpg",
        "detailPageURL": "https://www.amazon.com/dp/B08VTGP81H",
        "rating": "4.7",
        "totalReviews": "1823",
        "subtitle": "",
        "isPrimeEligible": "1"
    },
    {
        "ASIN": "B088C7S4VL",
        "title": "RoC Multi Correxion Revive + Glow 10% Active Vitamin C Serum for Face, Daily Anti-Aging Wrinkle and Skin Tone Skin Care Treatment, Brightening Serum for Dark Spots, 1 Fluid Ounce",
        "price": "$21.84",
        "listPrice": "$32.99",
        "imageUrl": "https://m.media-amazon.com/images/I/41JehXEg1eL._SL160_.jpg",
        "detailPageURL": "https://www.amazon.com/dp/B088C7S4VL",
        "rating": "4.5",
        "totalReviews": "8132",
        "subtitle": "RoC",
        "isPrimeEligible": "1"
    },
    {
        "ASIN": "B07WSS5M4Z",
        "title": "Naturium Niacinamide Face Serum 12% Plus Zinc 2%, Skin Complexion Treatment & Pore Minimizer, with Hyaluronic Acid & Vitamin E, 1 oz",
        "price": "$16.49 ($16.49 / Fl Oz)",
        "listPrice": "",
        "imageUrl": "https://m.media-amazon.com/images/I/312eE543UbL._SL160_.jpg",
        "detailPageURL": "https://www.amazon.com/dp/B07WSS5M4Z",
        "rating": "4.5",
        "totalReviews": "13745",
        "subtitle": "Naturium",
        "isPrimeEligible": "1"
    },
    {
        "ASIN": "B07T8WLKBH",
        "title": "Dermalogica Age Bright Clearing Serum (1 Fl Oz) Anti-Aging Face Serum with Salicylic Acid - Promotes Smoother, Clearer, Brighter, and More Even Skin",
        "price": "$75.00",
        "listPrice": "",
        "imageUrl": "https://m.media-amazon.com/images/I/31P8IHcAKML._SL160_.jpg",
        "detailPageURL": "https://www.amazon.com/dp/B07T8WLKBH",
        "rating": "4.6",
        "totalReviews": "484",
        "subtitle": "",
        "isPrimeEligible": "1"
    },
    {
        "ASIN": "B08L8B5JR2",
        "title": "Vibriance Super C Serum for Mature Skin, All-In-One Formula Hydrates, Firms, Lifts, Targets Age Spots, Wrinkles, and Smooths Skin, 1 fl oz (30 ml), Pack of 1",
        "price": "$47.00",
        "listPrice": "",
        "imageUrl": "https://m.media-amazon.com/images/I/51Ee0RzYONL._SL160_.jpg",
        "detailPageURL": "https://www.amazon.com/dp/B08L8B5JR2",
        "rating": "4.3",
        "totalReviews": "6243",
        "subtitle": "Vibriance",
        "isPrimeEligible": "1"
    },
    {
        "ASIN": "B07NMLCB1H",
        "title": "IUNIK Tea Tree 67% Relief Vegan Facial Serum for Clear & Balanced Skin - Plant-based Ingredients w/Centella Asiatica for Soothing, Calming, Irritated Skin - Korean Skincare for Sensitive Oily Skin",
        "price": "$16.99 ($9.99 / Fl Oz)",
        "listPrice": "",
        "imageUrl": "https://m.media-amazon.com/images/I/31Zn4Xqy5bL._SL160_.jpg",
        "detailPageURL": "https://www.amazon.com/dp/B07NMLCB1H",
        "rating": "4.5",
        "totalReviews": "3326",
        "subtitle": "IUNIK",
        "isPrimeEligible": "1"
    },
    {
        "ASIN": "B012Q4M3DO",
        "title": "artnaturals Anti-Aging Vitamin C Serum - (1 Fl Oz / 30ml) - with Hyaluronic Acid and Vit E - Wrinkle Repairs Dark Circles, Fades Age Spots and Sun Damage - Enhanced 20% Vitamin C",
        "price": "$12.99",
        "listPrice": "$19.99",
        "imageUrl": "https://m.media-amazon.com/images/I/51bgHW-OvFL._SL160_.jpg",
        "detailPageURL": "https://www.amazon.com/dp/B012Q4M3DO",
        "rating": "4.4",
        "totalReviews": "7982",
        "subtitle": "Artnaturals",
        "isPrimeEligible": "1"
    },
    {
        "ASIN": "B0039NMCPG",
        "title": "Olay Regenerist Serum, 1.7 Fl Oz",
        "price": "$20.66 ($12.15 / Fl Oz)",
        "listPrice": "$27.49 ($16.17 / Fl Oz)",
        "imageUrl": "https://m.media-amazon.com/images/I/61C3mr-BI-L._SL160_.jpg",
        "detailPageURL": "https://www.amazon.com/dp/B0039NMCPG",
        "rating": "4.7",
        "totalReviews": "5316",
        "subtitle": "Olay",
        "isPrimeEligible": "1"
    },
    {
        "ASIN": "B01BT02Q88",
        "title": "Vitamin C Serum for Face - Vitamin C Facial Serums with Hyaluronic Acid, Retinol, Niacinamide & Salicylic Acid - Vitamin C Face Oil - Skin Brightening Serum - Anti Aging, Reduce Wrinkles & Dark Spots (1 oz)",
        "price": "$12.99",
        "listPrice": "$21.95",
        "imageUrl": "https://m.media-amazon.com/images/I/510iOmOgxFL._SL160_.jpg",
        "detailPageURL": "https://www.amazon.com/dp/B01BT02Q88",
        "rating": "4.3",
        "totalReviews": "54446",
        "subtitle": "Eva Naturals",
        "isPrimeEligible": "1"
    },
    {
        "ASIN": "B08VTGP81H",
        "title": "Clarins Double Serum | Award-Winning | Anti-Aging | Visibly Firms, Smoothes and Boosts Radiance in Just 7 Days* | 21 Plant Ingredients, Including Turmeric | All Skin Types, Ages and Ethnicities",
        "price": "$180.00 ($72.00 / Fl Oz)",
        "listPrice": "",
        "imageUrl": "https://m.media-amazon.com/images/I/31Et2K8Fk2L._SL160_.jpg",
        "detailPageURL": "https://www.amazon.com/dp/B08VTGP81H",
        "rating": "4.7",
        "totalReviews": "1823",
        "subtitle": "",
        "isPrimeEligible": "1"
    },
    {
        "ASIN": "B088C7S4VL",
        "title": "RoC Multi Correxion Revive + Glow 10% Active Vitamin C Serum for Face, Daily Anti-Aging Wrinkle and Skin Tone Skin Care Treatment, Brightening Serum for Dark Spots, 1 Fluid Ounce",
        "price": "$21.84",
        "listPrice": "$32.99",
        "imageUrl": "https://m.media-amazon.com/images/I/41JehXEg1eL._SL160_.jpg",
        "detailPageURL": "https://www.amazon.com/dp/B088C7S4VL",
        "rating": "4.5",
        "totalReviews": "8132",
        "subtitle": "RoC",
        "isPrimeEligible": "1"
    },
    {
        "ASIN": "B07WSS5M4Z",
        "title": "Naturium Niacinamide Face Serum 12% Plus Zinc 2%, Skin Complexion Treatment & Pore Minimizer, with Hyaluronic Acid & Vitamin E, 1 oz",
        "price": "$16.49 ($16.49 / Fl Oz)",
        "listPrice": "",
        "imageUrl": "https://m.media-amazon.com/images/I/312eE543UbL._SL160_.jpg",
        "detailPageURL": "https://www.amazon.com/dp/B07WSS5M4Z",
        "rating": "4.5",
        "totalReviews": "13745",
        "subtitle": "Naturium",
        "isPrimeEligible": "1"
    },
    {
        "ASIN": "B07T8WLKBH",
        "title": "Dermalogica Age Bright Clearing Serum (1 Fl Oz) Anti-Aging Face Serum with Salicylic Acid - Promotes Smoother, Clearer, Brighter, and More Even Skin",
        "price": "$75.00",
        "listPrice": "",
        "imageUrl": "https://m.media-amazon.com/images/I/31P8IHcAKML._SL160_.jpg",
        "detailPageURL": "https://www.amazon.com/dp/B07T8WLKBH",
        "rating": "4.6",
        "totalReviews": "484",
        "subtitle": "",
        "isPrimeEligible": "1"
    },
    {
        "ASIN": "B0B7P4QSKZ",
        "title": "First Aid Beauty 10% Vitamin C Brightening Serum, Safe for Sensitive Skin, Helps Brighten + Visibly Firm Face + Neck, 1.7 oz",
        "price": "$44.99 ($26.46 / Ounce)",
        "listPrice": "",
        "imageUrl": "https://m.media-amazon.com/images/I/31isO5eFXNL._SL160_.jpg",
        "detailPageURL": "https://www.amazon.com/dp/B0B7P4QSKZ",
        "rating": "4.4",
        "totalReviews": "76",
        "subtitle": "First Aid Beauty",
        "isPrimeEligible": "1"
    },
    {
        "ASIN": "B07NMLCB1H",
        "title": "IUNIK Tea Tree 67% Relief Vegan Facial Serum for Clear & Balanced Skin - Plant-based Ingredients w/Centella Asiatica for Soothing, Calming, Irritated Skin - Korean Skincare for Sensitive Oily Skin",
        "price": "$16.99 ($9.99 / Fl Oz)",
        "listPrice": "",
        "imageUrl": "https://m.media-amazon.com/images/I/31Zn4Xqy5bL._SL160_.jpg",
        "detailPageURL": "https://www.amazon.com/dp/B07NMLCB1H",
        "rating": "4.5",
        "totalReviews": "3326",
        "subtitle": "IUNIK",
        "isPrimeEligible": "1"
    },
    {
        "ASIN": "B012Q4M3DO",
        "title": "artnaturals Anti-Aging Vitamin C Serum - (1 Fl Oz / 30ml) - with Hyaluronic Acid and Vit E - Wrinkle Repairs Dark Circles, Fades Age Spots and Sun Damage - Enhanced 20% Vitamin C",
        "price": "$12.99",
        "listPrice": "$19.99",
        "imageUrl": "https://m.media-amazon.com/images/I/51bgHW-OvFL._SL160_.jpg",
        "detailPageURL": "https://www.amazon.com/dp/B012Q4M3DO",
        "rating": "4.4",
        "totalReviews": "7982",
        "subtitle": "Artnaturals",
        "isPrimeEligible": "1"
    },
    {
        "ASIN": "B0039NMCPG",
        "title": "Olay Regenerist Serum, 1.7 Fl Oz",
        "price": "$20.66 ($12.15 / Fl Oz)",
        "listPrice": "$27.49 ($16.17 / Fl Oz)",
        "imageUrl": "https://m.media-amazon.com/images/I/61C3mr-BI-L._SL160_.jpg",
        "detailPageURL": "https://www.amazon.com/dp/B0039NMCPG",
        "rating": "4.7",
        "totalReviews": "5316",
        "subtitle": "Olay",
        "isPrimeEligible": "1"
    },
    {
        "ASIN": "B01BT02Q88",
        "title": "Vitamin C Serum for Face - Vitamin C Facial Serums with Hyaluronic Acid, Retinol, Niacinamide & Salicylic Acid - Vitamin C Face Oil - Skin Brightening Serum - Anti Aging, Reduce Wrinkles & Dark Spots (1 oz)",
        "price": "$12.99",
        "listPrice": "$21.95",
        "imageUrl": "https://m.media-amazon.com/images/I/510iOmOgxFL._SL160_.jpg",
        "detailPageURL": "https://www.amazon.com/dp/B01BT02Q88",
        "rating": "4.3",
        "totalReviews": "54446",
        "subtitle": "Eva Naturals",
        "isPrimeEligible": "1"
    },
    {
        "ASIN": "B08VTGP81H",
        "title": "Clarins Double Serum | Award-Winning | Anti-Aging | Visibly Firms, Smoothes and Boosts Radiance in Just 7 Days* | 21 Plant Ingredients, Including Turmeric | All Skin Types, Ages and Ethnicities",
        "price": "$180.00 ($72.00 / Fl Oz)",
        "listPrice": "",
        "imageUrl": "https://m.media-amazon.com/images/I/31Et2K8Fk2L._SL160_.jpg",
        "detailPageURL": "https://www.amazon.com/dp/B08VTGP81H",
        "rating": "4.7",
        "totalReviews": "1823",
        "subtitle": "",
        "isPrimeEligible": "1"
    },
    {
        "ASIN": "B088C7S4VL",
        "title": "RoC Multi Correxion Revive + Glow 10% Active Vitamin C Serum for Face, Daily Anti-Aging Wrinkle and Skin Tone Skin Care Treatment, Brightening Serum for Dark Spots, 1 Fluid Ounce",
        "price": "$21.84",
        "listPrice": "$32.99",
        "imageUrl": "https://m.media-amazon.com/images/I/41JehXEg1eL._SL160_.jpg",
        "detailPageURL": "https://www.amazon.com/dp/B088C7S4VL",
        "rating": "4.5",
        "totalReviews": "8132",
        "subtitle": "RoC",
        "isPrimeEligible": "1"
    },
    {
        "ASIN": "B07WSS5M4Z",
        "title": "Naturium Niacinamide Face Serum 12% Plus Zinc 2%, Skin Complexion Treatment & Pore Minimizer, with Hyaluronic Acid & Vitamin E, 1 oz",
        "price": "$16.49 ($16.49 / Fl Oz)",
        "listPrice": "",
        "imageUrl": "https://m.media-amazon.com/images/I/312eE543UbL._SL160_.jpg",
        "detailPageURL": "https://www.amazon.com/dp/B07WSS5M4Z",
        "rating": "4.5",
        "totalReviews": "13745",
        "subtitle": "Naturium",
        "isPrimeEligible": "1"
    },
    {
        "ASIN": "B07T8WLKBH",
        "title": "Dermalogica Age Bright Clearing Serum (1 Fl Oz) Anti-Aging Face Serum with Salicylic Acid - Promotes Smoother, Clearer, Brighter, and More Even Skin",
        "price": "$75.00",
        "listPrice": "",
        "imageUrl": "https://m.media-amazon.com/images/I/31P8IHcAKML._SL160_.jpg",
        "detailPageURL": "https://www.amazon.com/dp/B07T8WLKBH",
        "rating": "4.6",
        "totalReviews": "484",
        "subtitle": "",
        "isPrimeEligible": "1"
    },
    {
        "ASIN": "B0B7P4QSKZ",
        "title": "First Aid Beauty 10% Vitamin C Brightening Serum, Safe for Sensitive Skin, Helps Brighten + Visibly Firm Face + Neck, 1.7 oz",
        "price": "$44.99 ($26.46 / Ounce)",
        "listPrice": "",
        "imageUrl": "https://m.media-amazon.com/images/I/31isO5eFXNL._SL160_.jpg",
        "detailPageURL": "https://www.amazon.com/dp/B0B7P4QSKZ",
        "rating": "4.4",
        "totalReviews": "76",
        "subtitle": "First Aid Beauty",
        "isPrimeEligible": "1"
    },
    {
        "ASIN": "B0BQ3PRDF6",
        "title": "Tree of Life Advanced Regimen - 4ct x 1 Fl Oz - Niacinamide Serum (Refine) + Vitamin C Serum (Brightens) + Retinol Serum (Smooths) + Hyaluronic Acid Serum (Hydrates) - Face Serums",
        "price": "$34.99 ($8.75 / Fl Oz)",
        "listPrice": "",
        "imageUrl": "https://m.media-amazon.com/images/I/41lqTSxzp5L._SL160_.jpg",
        "detailPageURL": "https://www.amazon.com/dp/B0BQ3PRDF6",
        "rating": "4.4",
        "totalReviews": "68887",
        "subtitle": "Tree of Life Beauty",
        "isPrimeEligible": "1"
    },
    {
        "ASIN": "B012Q4M3DO",
        "title": "artnaturals Anti-Aging Vitamin C Serum - (1 Fl Oz / 30ml) - with Hyaluronic Acid and Vit E - Wrinkle Repairs Dark Circles, Fades Age Spots and Sun Damage - Enhanced 20% Vitamin C",
        "price": "$12.99",
        "listPrice": "$19.99",
        "imageUrl": "https://m.media-amazon.com/images/I/51bgHW-OvFL._SL160_.jpg",
        "detailPageURL": "https://www.amazon.com/dp/B012Q4M3DO",
        "rating": "4.4",
        "totalReviews": "7982",
        "subtitle": "Artnaturals",
        "isPrimeEligible": "1"
    },
    {
        "ASIN": "B0039NMCPG",
        "title": "Olay Regenerist Serum, 1.7 Fl Oz",
        "price": "$20.66 ($12.15 / Fl Oz)",
        "listPrice": "$27.49 ($16.17 / Fl Oz)",
        "imageUrl": "https://m.media-amazon.com/images/I/61C3mr-BI-L._SL160_.jpg",
        "detailPageURL": "https://www.amazon.com/dp/B0039NMCPG",
        "rating": "4.7",
        "totalReviews": "5316",
        "subtitle": "Olay",
        "isPrimeEligible": "1"
    },
    {
        "ASIN": "B01BT02Q88",
        "title": "Vitamin C Serum for Face - Vitamin C Facial Serums with Hyaluronic Acid, Retinol, Niacinamide & Salicylic Acid - Vitamin C Face Oil - Skin Brightening Serum - Anti Aging, Reduce Wrinkles & Dark Spots (1 oz)",
        "price": "$12.99",
        "listPrice": "$21.95",
        "imageUrl": "https://m.media-amazon.com/images/I/510iOmOgxFL._SL160_.jpg",
        "detailPageURL": "https://www.amazon.com/dp/B01BT02Q88",
        "rating": "4.3",
        "totalReviews": "54446",
        "subtitle": "Eva Naturals",
        "isPrimeEligible": "1"
    },
    {
        "ASIN": "B08VTGP81H",
        "title": "Clarins Double Serum | Award-Winning | Anti-Aging | Visibly Firms, Smoothes and Boosts Radiance in Just 7 Days* | 21 Plant Ingredients, Including Turmeric | All Skin Types, Ages and Ethnicities",
        "price": "$180.00 ($72.00 / Fl Oz)",
        "listPrice": "",
        "imageUrl": "https://m.media-amazon.com/images/I/31Et2K8Fk2L._SL160_.jpg",
        "detailPageURL": "https://www.amazon.com/dp/B08VTGP81H",
        "rating": "4.7",
        "totalReviews": "1823",
        "subtitle": "",
        "isPrimeEligible": "1"
    },
    {
        "ASIN": "B088C7S4VL",
        "title": "RoC Multi Correxion Revive + Glow 10% Active Vitamin C Serum for Face, Daily Anti-Aging Wrinkle and Skin Tone Skin Care Treatment, Brightening Serum for Dark Spots, 1 Fluid Ounce",
        "price": "$21.84",
        "listPrice": "$32.99",
        "imageUrl": "https://m.media-amazon.com/images/I/41JehXEg1eL._SL160_.jpg",
        "detailPageURL": "https://www.amazon.com/dp/B088C7S4VL",
        "rating": "4.5",
        "totalReviews": "8132",
        "subtitle": "RoC",
        "isPrimeEligible": "1"
    },
    {
        "ASIN": "B07WSS5M4Z",
        "title": "Naturium Niacinamide Face Serum 12% Plus Zinc 2%, Skin Complexion Treatment & Pore Minimizer, with Hyaluronic Acid & Vitamin E, 1 oz",
        "price": "$16.49 ($16.49 / Fl Oz)",
        "listPrice": "",
        "imageUrl": "https://m.media-amazon.com/images/I/312eE543UbL._SL160_.jpg",
        "detailPageURL": "https://www.amazon.com/dp/B07WSS5M4Z",
        "rating": "4.5",
        "totalReviews": "13745",
        "subtitle": "Naturium",
        "isPrimeEligible": "1"
    },
    {
        "ASIN": "B07T8WLKBH",
        "title": "Dermalogica Age Bright Clearing Serum (1 Fl Oz) Anti-Aging Face Serum with Salicylic Acid - Promotes Smoother, Clearer, Brighter, and More Even Skin",
        "price": "$75.00",
        "listPrice": "",
        "imageUrl": "https://m.media-amazon.com/images/I/31P8IHcAKML._SL160_.jpg",
        "detailPageURL": "https://www.amazon.com/dp/B07T8WLKBH",
        "rating": "4.6",
        "totalReviews": "484",
        "subtitle": "",
        "isPrimeEligible": "1"
    },
    {
        "ASIN": "B0B7P4QSKZ",
        "title": "First Aid Beauty 10% Vitamin C Brightening Serum, Safe for Sensitive Skin, Helps Brighten + Visibly Firm Face + Neck, 1.7 oz",
        "price": "$44.99 ($26.46 / Ounce)",
        "listPrice": "",
        "imageUrl": "https://m.media-amazon.com/images/I/31isO5eFXNL._SL160_.jpg",
        "detailPageURL": "https://www.amazon.com/dp/B0B7P4QSKZ",
        "rating": "4.4",
        "totalReviews": "76",
        "subtitle": "First Aid Beauty",
        "isPrimeEligible": "1"
    },
    {
        "ASIN": "B0BQ3PRDF6",
        "title": "Tree of Life Advanced Regimen - 4ct x 1 Fl Oz - Niacinamide Serum (Refine) + Vitamin C Serum (Brightens) + Retinol Serum (Smooths) + Hyaluronic Acid Serum (Hydrates) - Face Serums",
        "price": "$34.99 ($8.75 / Fl Oz)",
        "listPrice": "",
        "imageUrl": "https://m.media-amazon.com/images/I/41lqTSxzp5L._SL160_.jpg",
        "detailPageURL": "https://www.amazon.com/dp/B0BQ3PRDF6",
        "rating": "4.4",
        "totalReviews": "68887",
        "subtitle": "Tree of Life Beauty",
        "isPrimeEligible": "1"
    },
    {
        "ASIN": "B00S2G786S",
        "title": "Tree of Life Vitamin C Serum for Face - 1 Fl Oz Skin Care Serums - Moisturizing Vitamin E for Brightening & Smoothing Dry Skin, Anti-Aging, Wrinkles & Dark Spot, Sensitive Skin - Dermatologist-Tested",
        "price": "$15.49",
        "listPrice": "$19.49",
        "imageUrl": "https://m.media-amazon.com/images/I/51hOKLjs1AL._SL160_.jpg",
        "detailPageURL": "https://www.amazon.com/dp/B00S2G786S",
        "rating": "4.4",
        "totalReviews": "32452",
        "subtitle": "Tree of Life Beauty",
        "isPrimeEligible": "1"
    },
    {
        "ASIN": "B0039NMCPG",
        "title": "Olay Regenerist Serum, 1.7 Fl Oz",
        "price": "$20.66 ($12.15 / Fl Oz)",
        "listPrice": "$27.49 ($16.17 / Fl Oz)",
        "imageUrl": "https://m.media-amazon.com/images/I/61C3mr-BI-L._SL160_.jpg",
        "detailPageURL": "https://www.amazon.com/dp/B0039NMCPG",
        "rating": "4.7",
        "totalReviews": "5316",
        "subtitle": "Olay",
        "isPrimeEligible": "1"
    },
    {
        "ASIN": "B01BT02Q88",
        "title": "Vitamin C Serum for Face - Vitamin C Facial Serums with Hyaluronic Acid, Retinol, Niacinamide & Salicylic Acid - Vitamin C Face Oil - Skin Brightening Serum - Anti Aging, Reduce Wrinkles & Dark Spots (1 oz)",
        "price": "$12.99",
        "listPrice": "$21.95",
        "imageUrl": "https://m.media-amazon.com/images/I/510iOmOgxFL._SL160_.jpg",
        "detailPageURL": "https://www.amazon.com/dp/B01BT02Q88",
        "rating": "4.3",
        "totalReviews": "54446",
        "subtitle": "Eva Naturals",
        "isPrimeEligible": "1"
    },
    {
        "ASIN": "B08VTGP81H",
        "title": "Clarins Double Serum | Award-Winning | Anti-Aging | Visibly Firms, Smoothes and Boosts Radiance in Just 7 Days* | 21 Plant Ingredients, Including Turmeric | All Skin Types, Ages and Ethnicities",
        "price": "$180.00 ($72.00 / Fl Oz)",
        "listPrice": "",
        "imageUrl": "https://m.media-amazon.com/images/I/31Et2K8Fk2L._SL160_.jpg",
        "detailPageURL": "https://www.amazon.com/dp/B08VTGP81H",
        "rating": "4.7",
        "totalReviews": "1823",
        "subtitle": "",
        "isPrimeEligible": "1"
    },
    {
        "ASIN": "B088C7S4VL",
        "title": "RoC Multi Correxion Revive + Glow 10% Active Vitamin C Serum for Face, Daily Anti-Aging Wrinkle and Skin Tone Skin Care Treatment, Brightening Serum for Dark Spots, 1 Fluid Ounce",
        "price": "$21.84",
        "listPrice": "$32.99",
        "imageUrl": "https://m.media-amazon.com/images/I/41JehXEg1eL._SL160_.jpg",
        "detailPageURL": "https://www.amazon.com/dp/B088C7S4VL",
        "rating": "4.5",
        "totalReviews": "8132",
        "subtitle": "RoC",
        "isPrimeEligible": "1"
    },
    {
        "ASIN": "B07WSS5M4Z",
        "title": "Naturium Niacinamide Face Serum 12% Plus Zinc 2%, Skin Complexion Treatment & Pore Minimizer, with Hyaluronic Acid & Vitamin E, 1 oz",
        "price": "$16.49 ($16.49 / Fl Oz)",
        "listPrice": "",
        "imageUrl": "https://m.media-amazon.com/images/I/312eE543UbL._SL160_.jpg",
        "detailPageURL": "https://www.amazon.com/dp/B07WSS5M4Z",
        "rating": "4.5",
        "totalReviews": "13745",
        "subtitle": "Naturium",
        "isPrimeEligible": "1"
    },
    {
        "ASIN": "B07T8WLKBH",
        "title": "Dermalogica Age Bright Clearing Serum (1 Fl Oz) Anti-Aging Face Serum with Salicylic Acid - Promotes Smoother, Clearer, Brighter, and More Even Skin",
        "price": "$75.00",
        "listPrice": "",
        "imageUrl": "https://m.media-amazon.com/images/I/31P8IHcAKML._SL160_.jpg",
        "detailPageURL": "https://www.amazon.com/dp/B07T8WLKBH",
        "rating": "4.6",
        "totalReviews": "484",
        "subtitle": "",
        "isPrimeEligible": "1"
    },
    {
        "ASIN": "B0B7P4QSKZ",
        "title": "First Aid Beauty 10% Vitamin C Brightening Serum, Safe for Sensitive Skin, Helps Brighten + Visibly Firm Face + Neck, 1.7 oz",
        "price": "$44.99 ($26.46 / Ounce)",
        "listPrice": "",
        "imageUrl": "https://m.media-amazon.com/images/I/31isO5eFXNL._SL160_.jpg",
        "detailPageURL": "https://www.amazon.com/dp/B0B7P4QSKZ",
        "rating": "4.4",
        "totalReviews": "76",
        "subtitle": "First Aid Beauty",
        "isPrimeEligible": "1"
    },
    {
        "ASIN": "B0BQ3PRDF6",
        "title": "Tree of Life Advanced Regimen - 4ct x 1 Fl Oz - Niacinamide Serum (Refine) + Vitamin C Serum (Brightens) + Retinol Serum (Smooths) + Hyaluronic Acid Serum (Hydrates) - Face Serums",
        "price": "$34.99 ($8.75 / Fl Oz)",
        "listPrice": "",
        "imageUrl": "https://m.media-amazon.com/images/I/41lqTSxzp5L._SL160_.jpg",
        "detailPageURL": "https://www.amazon.com/dp/B0BQ3PRDF6",
        "rating": "4.4",
        "totalReviews": "68887",
        "subtitle": "Tree of Life Beauty",
        "isPrimeEligible": "1"
    },
    {
        "ASIN": "B00S2G786S",
        "title": "Tree of Life Vitamin C Serum for Face - 1 Fl Oz Skin Care Serums - Moisturizing Vitamin E for Brightening & Smoothing Dry Skin, Anti-Aging, Wrinkles & Dark Spot, Sensitive Skin - Dermatologist-Tested",
        "price": "$15.49",
        "listPrice": "$19.49",
        "imageUrl": "https://m.media-amazon.com/images/I/51hOKLjs1AL._SL160_.jpg",
        "detailPageURL": "https://www.amazon.com/dp/B00S2G786S",
        "rating": "4.4",
        "totalReviews": "32452",
        "subtitle": "Tree of Life Beauty",
        "isPrimeEligible": "1"
    },
    {
        "ASIN": "B00FU6QX96",
        "title": "IMAGE Skincare, VITAL C Hydrating Serum, with Potent Vitamin C to Brighten, Tone and Smooth Appearance of Wrinkles, 1.7 fl oz",
        "price": "$82.00 ($48.24 / Ounce)",
        "listPrice": "",
        "imageUrl": "https://m.media-amazon.com/images/I/21ZDPr4jjXL._SL160_.jpg",
        "detailPageURL": "https://www.amazon.com/dp/B00FU6QX96",
        "rating": "4.7",
        "totalReviews": "2017",
        "subtitle": "",
        "isPrimeEligible": "1"
    },
    {
        "ASIN": "B01BT02Q88",
        "title": "Vitamin C Serum for Face - Vitamin C Facial Serums with Hyaluronic Acid, Retinol, Niacinamide & Salicylic Acid - Vitamin C Face Oil - Skin Brightening Serum - Anti Aging, Reduce Wrinkles & Dark Spots (1 oz)",
        "price": "$12.99",
        "listPrice": "$21.95",
        "imageUrl": "https://m.media-amazon.com/images/I/510iOmOgxFL._SL160_.jpg",
        "detailPageURL": "https://www.amazon.com/dp/B01BT02Q88",
        "rating": "4.3",
        "totalReviews": "54446",
        "subtitle": "Eva Naturals",
        "isPrimeEligible": "1"
    },
    {
        "ASIN": "B08VTGP81H",
        "title": "Clarins Double Serum | Award-Winning | Anti-Aging | Visibly Firms, Smoothes and Boosts Radiance in Just 7 Days* | 21 Plant Ingredients, Including Turmeric | All Skin Types, Ages and Ethnicities",
        "price": "$180.00 ($72.00 / Fl Oz)",
        "listPrice": "",
        "imageUrl": "https://m.media-amazon.com/images/I/31Et2K8Fk2L._SL160_.jpg",
        "detailPageURL": "https://www.amazon.com/dp/B08VTGP81H",
        "rating": "4.7",
        "totalReviews": "1823",
        "subtitle": "",
        "isPrimeEligible": "1"
    },
    {
        "ASIN": "B088C7S4VL",
        "title": "RoC Multi Correxion Revive + Glow 10% Active Vitamin C Serum for Face, Daily Anti-Aging Wrinkle and Skin Tone Skin Care Treatment, Brightening Serum for Dark Spots, 1 Fluid Ounce",
        "price": "$21.84",
        "listPrice": "$32.99",
        "imageUrl": "https://m.media-amazon.com/images/I/41JehXEg1eL._SL160_.jpg",
        "detailPageURL": "https://www.amazon.com/dp/B088C7S4VL",
        "rating": "4.5",
        "totalReviews": "8132",
        "subtitle": "RoC",
        "isPrimeEligible": "1"
    },
    {
        "ASIN": "B07WSS5M4Z",
        "title": "Naturium Niacinamide Face Serum 12% Plus Zinc 2%, Skin Complexion Treatment & Pore Minimizer, with Hyaluronic Acid & Vitamin E, 1 oz",
        "price": "$16.49 ($16.49 / Fl Oz)",
        "listPrice": "",
        "imageUrl": "https://m.media-amazon.com/images/I/312eE543UbL._SL160_.jpg",
        "detailPageURL": "https://www.amazon.com/dp/B07WSS5M4Z",
        "rating": "4.5",
        "totalReviews": "13745",
        "subtitle": "Naturium",
        "isPrimeEligible": "1"
    },
    {
        "ASIN": "B07T8WLKBH",
        "title": "Dermalogica Age Bright Clearing Serum (1 Fl Oz) Anti-Aging Face Serum with Salicylic Acid - Promotes Smoother, Clearer, Brighter, and More Even Skin",
        "price": "$75.00",
        "listPrice": "",
        "imageUrl": "https://m.media-amazon.com/images/I/31P8IHcAKML._SL160_.jpg",
        "detailPageURL": "https://www.amazon.com/dp/B07T8WLKBH",
        "rating": "4.6",
        "totalReviews": "484",
        "subtitle": "",
        "isPrimeEligible": "1"
    },
    {
        "ASIN": "B0B7P4QSKZ",
        "title": "First Aid Beauty 10% Vitamin C Brightening Serum, Safe for Sensitive Skin, Helps Brighten + Visibly Firm Face + Neck, 1.7 oz",
        "price": "$44.99 ($26.46 / Ounce)",
        "listPrice": "",
        "imageUrl": "https://m.media-amazon.com/images/I/31isO5eFXNL._SL160_.jpg",
        "detailPageURL": "https://www.amazon.com/dp/B0B7P4QSKZ",
        "rating": "4.4",
        "totalReviews": "76",
        "subtitle": "First Aid Beauty",
        "isPrimeEligible": "1"
    },
    {
        "ASIN": "B0BQ3PRDF6",
        "title": "Tree of Life Advanced Regimen - 4ct x 1 Fl Oz - Niacinamide Serum (Refine) + Vitamin C Serum (Brightens) + Retinol Serum (Smooths) + Hyaluronic Acid Serum (Hydrates) - Face Serums",
        "price": "$34.99 ($8.75 / Fl Oz)",
        "listPrice": "",
        "imageUrl": "https://m.media-amazon.com/images/I/41lqTSxzp5L._SL160_.jpg",
        "detailPageURL": "https://www.amazon.com/dp/B0BQ3PRDF6",
        "rating": "4.4",
        "totalReviews": "68887",
        "subtitle": "Tree of Life Beauty",
        "isPrimeEligible": "1"
    },
    {
        "ASIN": "B00S2G786S",
        "title": "Tree of Life Vitamin C Serum for Face - 1 Fl Oz Skin Care Serums - Moisturizing Vitamin E for Brightening & Smoothing Dry Skin, Anti-Aging, Wrinkles & Dark Spot, Sensitive Skin - Dermatologist-Tested",
        "price": "$15.49",
        "listPrice": "$19.49",
        "imageUrl": "https://m.media-amazon.com/images/I/51hOKLjs1AL._SL160_.jpg",
        "detailPageURL": "https://www.amazon.com/dp/B00S2G786S",
        "rating": "4.4",
        "totalReviews": "32452",
        "subtitle": "Tree of Life Beauty",
        "isPrimeEligible": "1"
    },
    {
        "ASIN": "B00FU6QX96",
        "title": "IMAGE Skincare, VITAL C Hydrating Serum, with Potent Vitamin C to Brighten, Tone and Smooth Appearance of Wrinkles, 1.7 fl oz",
        "price": "$82.00 ($48.24 / Ounce)",
        "listPrice": "",
        "imageUrl": "https://m.media-amazon.com/images/I/21ZDPr4jjXL._SL160_.jpg",
        "detailPageURL": "https://www.amazon.com/dp/B00FU6QX96",
        "rating": "4.7",
        "totalReviews": "2017",
        "subtitle": "",
        "isPrimeEligible": "1"
    },
    {
        "ASIN": "B01N3B5I9W",
        "title": "MyChelle Dermaceuticals Perfect C PRO Serum, Professional-Level 25% L-Ascorbic Acid Vitamin C Serum for All Skin Types, 0.5 Fl Oz",
        "price": "$34.45 ($68.90 / Fl Oz)",
        "listPrice": "$36.15 ($72.30 / Fl Oz)",
        "imageUrl": "https://m.media-amazon.com/images/I/31zAuDvfzHL._SL160_.jpg",
        "detailPageURL": "https://www.amazon.com/dp/B01N3B5I9W",
        "rating": "4.3",
        "totalReviews": "564",
        "subtitle": "MyChelle Dermaceuticals",
        "isPrimeEligible": "1"
    },
    {
        "ASIN": "B08VTGP81H",
        "title": "Clarins Double Serum | Award-Winning | Anti-Aging | Visibly Firms, Smoothes and Boosts Radiance in Just 7 Days* | 21 Plant Ingredients, Including Turmeric | All Skin Types, Ages and Ethnicities",
        "price": "$180.00 ($72.00 / Fl Oz)",
        "listPrice": "",
        "imageUrl": "https://m.media-amazon.com/images/I/31Et2K8Fk2L._SL160_.jpg",
        "detailPageURL": "https://www.amazon.com/dp/B08VTGP81H",
        "rating": "4.7",
        "totalReviews": "1823",
        "subtitle": "",
        "isPrimeEligible": "1"
    },
    {
        "ASIN": "B088C7S4VL",
        "title": "RoC Multi Correxion Revive + Glow 10% Active Vitamin C Serum for Face, Daily Anti-Aging Wrinkle and Skin Tone Skin Care Treatment, Brightening Serum for Dark Spots, 1 Fluid Ounce",
        "price": "$21.84",
        "listPrice": "$32.99",
        "imageUrl": "https://m.media-amazon.com/images/I/41JehXEg1eL._SL160_.jpg",
        "detailPageURL": "https://www.amazon.com/dp/B088C7S4VL",
        "rating": "4.5",
        "totalReviews": "8132",
        "subtitle": "RoC",
        "isPrimeEligible": "1"
    },
    {
        "ASIN": "B07WSS5M4Z",
        "title": "Naturium Niacinamide Face Serum 12% Plus Zinc 2%, Skin Complexion Treatment & Pore Minimizer, with Hyaluronic Acid & Vitamin E, 1 oz",
        "price": "$16.49 ($16.49 / Fl Oz)",
        "listPrice": "",
        "imageUrl": "https://m.media-amazon.com/images/I/312eE543UbL._SL160_.jpg",
        "detailPageURL": "https://www.amazon.com/dp/B07WSS5M4Z",
        "rating": "4.5",
        "totalReviews": "13745",
        "subtitle": "Naturium",
        "isPrimeEligible": "1"
    },
    {
        "ASIN": "B07T8WLKBH",
        "title": "Dermalogica Age Bright Clearing Serum (1 Fl Oz) Anti-Aging Face Serum with Salicylic Acid - Promotes Smoother, Clearer, Brighter, and More Even Skin",
        "price": "$75.00",
        "listPrice": "",
        "imageUrl": "https://m.media-amazon.com/images/I/31P8IHcAKML._SL160_.jpg",
        "detailPageURL": "https://www.amazon.com/dp/B07T8WLKBH",
        "rating": "4.6",
        "totalReviews": "484",
        "subtitle": "",
        "isPrimeEligible": "1"
    },
    {
        "ASIN": "B0B7P4QSKZ",
        "title": "First Aid Beauty 10% Vitamin C Brightening Serum, Safe for Sensitive Skin, Helps Brighten + Visibly Firm Face + Neck, 1.7 oz",
        "price": "$44.99 ($26.46 / Ounce)",
        "listPrice": "",
        "imageUrl": "https://m.media-amazon.com/images/I/31isO5eFXNL._SL160_.jpg",
        "detailPageURL": "https://www.amazon.com/dp/B0B7P4QSKZ",
        "rating": "4.4",
        "totalReviews": "76",
        "subtitle": "First Aid Beauty",
        "isPrimeEligible": "1"
    },
    {
        "ASIN": "B0BQ3PRDF6",
        "title": "Tree of Life Advanced Regimen - 4ct x 1 Fl Oz - Niacinamide Serum (Refine) + Vitamin C Serum (Brightens) + Retinol Serum (Smooths) + Hyaluronic Acid Serum (Hydrates) - Face Serums",
        "price": "$34.99 ($8.75 / Fl Oz)",
        "listPrice": "",
        "imageUrl": "https://m.media-amazon.com/images/I/41lqTSxzp5L._SL160_.jpg",
        "detailPageURL": "https://www.amazon.com/dp/B0BQ3PRDF6",
        "rating": "4.4",
        "totalReviews": "68887",
        "subtitle": "Tree of Life Beauty",
        "isPrimeEligible": "1"
    },
    {
        "ASIN": "B00S2G786S",
        "title": "Tree of Life Vitamin C Serum for Face - 1 Fl Oz Skin Care Serums - Moisturizing Vitamin E for Brightening & Smoothing Dry Skin, Anti-Aging, Wrinkles & Dark Spot, Sensitive Skin - Dermatologist-Tested",
        "price": "$15.49",
        "listPrice": "$19.49",
        "imageUrl": "https://m.media-amazon.com/images/I/51hOKLjs1AL._SL160_.jpg",
        "detailPageURL": "https://www.amazon.com/dp/B00S2G786S",
        "rating": "4.4",
        "totalReviews": "32452",
        "subtitle": "Tree of Life Beauty",
        "isPrimeEligible": "1"
    },
    {
        "ASIN": "B00FU6QX96",
        "title": "IMAGE Skincare, VITAL C Hydrating Serum, with Potent Vitamin C to Brighten, Tone and Smooth Appearance of Wrinkles, 1.7 fl oz",
        "price": "$82.00 ($48.24 / Ounce)",
        "listPrice": "",
        "imageUrl": "https://m.media-amazon.com/images/I/21ZDPr4jjXL._SL160_.jpg",
        "detailPageURL": "https://www.amazon.com/dp/B00FU6QX96",
        "rating": "4.7",
        "totalReviews": "2017",
        "subtitle": "",
        "isPrimeEligible": "1"
    },
    {
        "ASIN": "B01N3B5I9W",
        "title": "MyChelle Dermaceuticals Perfect C PRO Serum, Professional-Level 25% L-Ascorbic Acid Vitamin C Serum for All Skin Types, 0.5 Fl Oz",
        "price": "$34.45 ($68.90 / Fl Oz)",
        "listPrice": "$36.15 ($72.30 / Fl Oz)",
        "imageUrl": "https://m.media-amazon.com/images/I/31zAuDvfzHL._SL160_.jpg",
        "detailPageURL": "https://www.amazon.com/dp/B01N3B5I9W",
        "rating": "4.3",
        "totalReviews": "564",
        "subtitle": "MyChelle Dermaceuticals",
        "isPrimeEligible": "1"
    },
    {
        "ASIN": "B007PFIOUQ",
        "title": "iS CLINICAL Active Serum; Face Serum, Helps skin with acne, 1 Fl Oz",
        "price": "$142.00",
        "listPrice": "",
        "imageUrl": "https://m.media-amazon.com/images/I/31jr1NqKOiL._SL160_.jpg",
        "detailPageURL": "https://www.amazon.com/dp/B007PFIOUQ",
        "rating": "4.6",
        "totalReviews": "704",
        "subtitle": "",
        "isPrimeEligible": "1"
    },
    {
        "ASIN": "B088C7S4VL",
        "title": "RoC Multi Correxion Revive + Glow 10% Active Vitamin C Serum for Face, Daily Anti-Aging Wrinkle and Skin Tone Skin Care Treatment, Brightening Serum for Dark Spots, 1 Fluid Ounce",
        "price": "$21.84",
        "listPrice": "$32.99",
        "imageUrl": "https://m.media-amazon.com/images/I/41JehXEg1eL._SL160_.jpg",
        "detailPageURL": "https://www.amazon.com/dp/B088C7S4VL",
        "rating": "4.5",
        "totalReviews": "8132",
        "subtitle": "RoC",
        "isPrimeEligible": "1"
    },
    {
        "ASIN": "B07WSS5M4Z",
        "title": "Naturium Niacinamide Face Serum 12% Plus Zinc 2%, Skin Complexion Treatment & Pore Minimizer, with Hyaluronic Acid & Vitamin E, 1 oz",
        "price": "$16.49 ($16.49 / Fl Oz)",
        "listPrice": "",
        "imageUrl": "https://m.media-amazon.com/images/I/312eE543UbL._SL160_.jpg",
        "detailPageURL": "https://www.amazon.com/dp/B07WSS5M4Z",
        "rating": "4.5",
        "totalReviews": "13745",
        "subtitle": "Naturium",
        "isPrimeEligible": "1"
    },
    {
        "ASIN": "B07T8WLKBH",
        "title": "Dermalogica Age Bright Clearing Serum (1 Fl Oz) Anti-Aging Face Serum with Salicylic Acid - Promotes Smoother, Clearer, Brighter, and More Even Skin",
        "price": "$75.00",
        "listPrice": "",
        "imageUrl": "https://m.media-amazon.com/images/I/31P8IHcAKML._SL160_.jpg",
        "detailPageURL": "https://www.amazon.com/dp/B07T8WLKBH",
        "rating": "4.6",
        "totalReviews": "484",
        "subtitle": "",
        "isPrimeEligible": "1"
    },
    {
        "ASIN": "B0B7P4QSKZ",
        "title": "First Aid Beauty 10% Vitamin C Brightening Serum, Safe for Sensitive Skin, Helps Brighten + Visibly Firm Face + Neck, 1.7 oz",
        "price": "$44.99 ($26.46 / Ounce)",
        "listPrice": "",
        "imageUrl": "https://m.media-amazon.com/images/I/31isO5eFXNL._SL160_.jpg",
        "detailPageURL": "https://www.amazon.com/dp/B0B7P4QSKZ",
        "rating": "4.4",
        "totalReviews": "76",
        "subtitle": "First Aid Beauty",
        "isPrimeEligible": "1"
    },
    {
        "ASIN": "B0BQ3PRDF6",
        "title": "Tree of Life Advanced Regimen - 4ct x 1 Fl Oz - Niacinamide Serum (Refine) + Vitamin C Serum (Brightens) + Retinol Serum (Smooths) + Hyaluronic Acid Serum (Hydrates) - Face Serums",
        "price": "$34.99 ($8.75 / Fl Oz)",
        "listPrice": "",
        "imageUrl": "https://m.media-amazon.com/images/I/41lqTSxzp5L._SL160_.jpg",
        "detailPageURL": "https://www.amazon.com/dp/B0BQ3PRDF6",
        "rating": "4.4",
        "totalReviews": "68887",
        "subtitle": "Tree of Life Beauty",
        "isPrimeEligible": "1"
    },
    {
        "ASIN": "B00S2G786S",
        "title": "Tree of Life Vitamin C Serum for Face - 1 Fl Oz Skin Care Serums - Moisturizing Vitamin E for Brightening & Smoothing Dry Skin, Anti-Aging, Wrinkles & Dark Spot, Sensitive Skin - Dermatologist-Tested",
        "price": "$15.49",
        "listPrice": "$19.49",
        "imageUrl": "https://m.media-amazon.com/images/I/51hOKLjs1AL._SL160_.jpg",
        "detailPageURL": "https://www.amazon.com/dp/B00S2G786S",
        "rating": "4.4",
        "totalReviews": "32452",
        "subtitle": "Tree of Life Beauty",
        "isPrimeEligible": "1"
    },
    {
        "ASIN": "B00FU6QX96",
        "title": "IMAGE Skincare, VITAL C Hydrating Serum, with Potent Vitamin C to Brighten, Tone and Smooth Appearance of Wrinkles, 1.7 fl oz",
        "price": "$82.00 ($48.24 / Ounce)",
        "listPrice": "",
        "imageUrl": "https://m.media-amazon.com/images/I/21ZDPr4jjXL._SL160_.jpg",
        "detailPageURL": "https://www.amazon.com/dp/B00FU6QX96",
        "rating": "4.7",
        "totalReviews": "2017",
        "subtitle": "",
        "isPrimeEligible": "1"
    },
    {
        "ASIN": "B01N3B5I9W",
        "title": "MyChelle Dermaceuticals Perfect C PRO Serum, Professional-Level 25% L-Ascorbic Acid Vitamin C Serum for All Skin Types, 0.5 Fl Oz",
        "price": "$34.45 ($68.90 / Fl Oz)",
        "listPrice": "$36.15 ($72.30 / Fl Oz)",
        "imageUrl": "https://m.media-amazon.com/images/I/31zAuDvfzHL._SL160_.jpg",
        "detailPageURL": "https://www.amazon.com/dp/B01N3B5I9W",
        "rating": "4.3",
        "totalReviews": "564",
        "subtitle": "MyChelle Dermaceuticals",
        "isPrimeEligible": "1"
    },
    {
        "ASIN": "B007PFIOUQ",
        "title": "iS CLINICAL Active Serum; Face Serum, Helps skin with acne, 1 Fl Oz",
        "price": "$142.00",
        "listPrice": "",
        "imageUrl": "https://m.media-amazon.com/images/I/31jr1NqKOiL._SL160_.jpg",
        "detailPageURL": "https://www.amazon.com/dp/B007PFIOUQ",
        "rating": "4.6",
        "totalReviews": "704",
        "subtitle": "",
        "isPrimeEligible": "1"
    },
    {
        "ASIN": "B00WFFH6GY",
        "title": "Timeless Coenzyme Q10 Serum Unisex 1 oz",
        "price": "$18.89",
        "listPrice": "$27.95",
        "imageUrl": "https://m.media-amazon.com/images/I/31F8nYulheL._SL160_.jpg",
        "detailPageURL": "https://www.amazon.com/dp/B00WFFH6GY",
        "rating": "4.6",
        "totalReviews": "4051",
        "subtitle": "Timeless Skin Care",
        "isPrimeEligible": "1"
    },
    {
        "ASIN": "B07WSS5M4Z",
        "title": "Naturium Niacinamide Face Serum 12% Plus Zinc 2%, Skin Complexion Treatment & Pore Minimizer, with Hyaluronic Acid & Vitamin E, 1 oz",
        "price": "$16.49 ($16.49 / Fl Oz)",
        "listPrice": "",
        "imageUrl": "https://m.media-amazon.com/images/I/312eE543UbL._SL160_.jpg",
        "detailPageURL": "https://www.amazon.com/dp/B07WSS5M4Z",
        "rating": "4.5",
        "totalReviews": "13745",
        "subtitle": "Naturium",
        "isPrimeEligible": "1"
    },
    {
        "ASIN": "B07T8WLKBH",
        "title": "Dermalogica Age Bright Clearing Serum (1 Fl Oz) Anti-Aging Face Serum with Salicylic Acid - Promotes Smoother, Clearer, Brighter, and More Even Skin",
        "price": "$75.00",
        "listPrice": "",
        "imageUrl": "https://m.media-amazon.com/images/I/31P8IHcAKML._SL160_.jpg",
        "detailPageURL": "https://www.amazon.com/dp/B07T8WLKBH",
        "rating": "4.6",
        "totalReviews": "484",
        "subtitle": "",
        "isPrimeEligible": "1"
    },
    {
        "ASIN": "B0B7P4QSKZ",
        "title": "First Aid Beauty 10% Vitamin C Brightening Serum, Safe for Sensitive Skin, Helps Brighten + Visibly Firm Face + Neck, 1.7 oz",
        "price": "$44.99 ($26.46 / Ounce)",
        "listPrice": "",
        "imageUrl": "https://m.media-amazon.com/images/I/31isO5eFXNL._SL160_.jpg",
        "detailPageURL": "https://www.amazon.com/dp/B0B7P4QSKZ",
        "rating": "4.4",
        "totalReviews": "76",
        "subtitle": "First Aid Beauty",
        "isPrimeEligible": "1"
    },
    {
        "ASIN": "B0BQ3PRDF6",
        "title": "Tree of Life Advanced Regimen - 4ct x 1 Fl Oz - Niacinamide Serum (Refine) + Vitamin C Serum (Brightens) + Retinol Serum (Smooths) + Hyaluronic Acid Serum (Hydrates) - Face Serums",
        "price": "$34.99 ($8.75 / Fl Oz)",
        "listPrice": "",
        "imageUrl": "https://m.media-amazon.com/images/I/41lqTSxzp5L._SL160_.jpg",
        "detailPageURL": "https://www.amazon.com/dp/B0BQ3PRDF6",
        "rating": "4.4",
        "totalReviews": "68887",
        "subtitle": "Tree of Life Beauty",
        "isPrimeEligible": "1"
    },
    {
        "ASIN": "B00S2G786S",
        "title": "Tree of Life Vitamin C Serum for Face - 1 Fl Oz Skin Care Serums - Moisturizing Vitamin E for Brightening & Smoothing Dry Skin, Anti-Aging, Wrinkles & Dark Spot, Sensitive Skin - Dermatologist-Tested",
        "price": "$15.49",
        "listPrice": "$19.49",
        "imageUrl": "https://m.media-amazon.com/images/I/51hOKLjs1AL._SL160_.jpg",
        "detailPageURL": "https://www.amazon.com/dp/B00S2G786S",
        "rating": "4.4",
        "totalReviews": "32452",
        "subtitle": "Tree of Life Beauty",
        "isPrimeEligible": "1"
    },
    {
        "ASIN": "B00FU6QX96",
        "title": "IMAGE Skincare, VITAL C Hydrating Serum, with Potent Vitamin C to Brighten, Tone and Smooth Appearance of Wrinkles, 1.7 fl oz",
        "price": "$82.00 ($48.24 / Ounce)",
        "listPrice": "",
        "imageUrl": "https://m.media-amazon.com/images/I/21ZDPr4jjXL._SL160_.jpg",
        "detailPageURL": "https://www.amazon.com/dp/B00FU6QX96",
        "rating": "4.7",
        "totalReviews": "2017",
        "subtitle": "",
        "isPrimeEligible": "1"
    },
    {
        "ASIN": "B01N3B5I9W",
        "title": "MyChelle Dermaceuticals Perfect C PRO Serum, Professional-Level 25% L-Ascorbic Acid Vitamin C Serum for All Skin Types, 0.5 Fl Oz",
        "price": "$34.45 ($68.90 / Fl Oz)",
        "listPrice": "$36.15 ($72.30 / Fl Oz)",
        "imageUrl": "https://m.media-amazon.com/images/I/31zAuDvfzHL._SL160_.jpg",
        "detailPageURL": "https://www.amazon.com/dp/B01N3B5I9W",
        "rating": "4.3",
        "totalReviews": "564",
        "subtitle": "MyChelle Dermaceuticals",
        "isPrimeEligible": "1"
    },
    {
        "ASIN": "B007PFIOUQ",
        "title": "iS CLINICAL Active Serum; Face Serum, Helps skin with acne, 1 Fl Oz",
        "price": "$142.00",
        "listPrice": "",
        "imageUrl": "https://m.media-amazon.com/images/I/31jr1NqKOiL._SL160_.jpg",
        "detailPageURL": "https://www.amazon.com/dp/B007PFIOUQ",
        "rating": "4.6",
        "totalReviews": "704",
        "subtitle": "",
        "isPrimeEligible": "1"
    },
    {
        "ASIN": "B00WFFH6GY",
        "title": "Timeless Coenzyme Q10 Serum Unisex 1 oz",
        "price": "$18.89",
        "listPrice": "$27.95",
        "imageUrl": "https://m.media-amazon.com/images/I/31F8nYulheL._SL160_.jpg",
        "detailPageURL": "https://www.amazon.com/dp/B00WFFH6GY",
        "rating": "4.6",
        "totalReviews": "4051",
        "subtitle": "Timeless Skin Care",
        "isPrimeEligible": "1"
    },
    {
        "ASIN": "B01AH4MJ02",
        "title": "Cosmedica Hyaluronic Acid Serum for Skin \u2013 4 Fl. Oz Hydrating Facial Moisturizer with Anti-Aging Skin Care Properties. Beauty and Skin Care",
        "price": "$23.95 ($5.99 / Fl. Oz)",
        "listPrice": "",
        "imageUrl": "https://m.media-amazon.com/images/I/41zh-S08-zL._SL160_.jpg",
        "detailPageURL": "https://www.amazon.com/dp/B01AH4MJ02",
        "rating": "4.4",
        "totalReviews": "39553",
        "subtitle": "Cosmedica Skincare",
        "isPrimeEligible": "1"
    },
    {
        "ASIN": "B07T8WLKBH",
        "title": "Dermalogica Age Bright Clearing Serum (1 Fl Oz) Anti-Aging Face Serum with Salicylic Acid - Promotes Smoother, Clearer, Brighter, and More Even Skin",
        "price": "$75.00",
        "listPrice": "",
        "imageUrl": "https://m.media-amazon.com/images/I/31P8IHcAKML._SL160_.jpg",
        "detailPageURL": "https://www.amazon.com/dp/B07T8WLKBH",
        "rating": "4.6",
        "totalReviews": "484",
        "subtitle": "",
        "isPrimeEligible": "1"
    },
    {
        "ASIN": "B0B7P4QSKZ",
        "title": "First Aid Beauty 10% Vitamin C Brightening Serum, Safe for Sensitive Skin, Helps Brighten + Visibly Firm Face + Neck, 1.7 oz",
        "price": "$44.99 ($26.46 / Ounce)",
        "listPrice": "",
        "imageUrl": "https://m.media-amazon.com/images/I/31isO5eFXNL._SL160_.jpg",
        "detailPageURL": "https://www.amazon.com/dp/B0B7P4QSKZ",
        "rating": "4.4",
        "totalReviews": "76",
        "subtitle": "First Aid Beauty",
        "isPrimeEligible": "1"
    },
    {
        "ASIN": "B0BQ3PRDF6",
        "title": "Tree of Life Advanced Regimen - 4ct x 1 Fl Oz - Niacinamide Serum (Refine) + Vitamin C Serum (Brightens) + Retinol Serum (Smooths) + Hyaluronic Acid Serum (Hydrates) - Face Serums",
        "price": "$34.99 ($8.75 / Fl Oz)",
        "listPrice": "",
        "imageUrl": "https://m.media-amazon.com/images/I/41lqTSxzp5L._SL160_.jpg",
        "detailPageURL": "https://www.amazon.com/dp/B0BQ3PRDF6",
        "rating": "4.4",
        "totalReviews": "68887",
        "subtitle": "Tree of Life Beauty",
        "isPrimeEligible": "1"
    },
    {
        "ASIN": "B00S2G786S",
        "title": "Tree of Life Vitamin C Serum for Face - 1 Fl Oz Skin Care Serums - Moisturizing Vitamin E for Brightening & Smoothing Dry Skin, Anti-Aging, Wrinkles & Dark Spot, Sensitive Skin - Dermatologist-Tested",
        "price": "$15.49",
        "listPrice": "$19.49",
        "imageUrl": "https://m.media-amazon.com/images/I/51hOKLjs1AL._SL160_.jpg",
        "detailPageURL": "https://www.amazon.com/dp/B00S2G786S",
        "rating": "4.4",
        "totalReviews": "32452",
        "subtitle": "Tree of Life Beauty",
        "isPrimeEligible": "1"
    },
    {
        "ASIN": "B00FU6QX96",
        "title": "IMAGE Skincare, VITAL C Hydrating Serum, with Potent Vitamin C to Brighten, Tone and Smooth Appearance of Wrinkles, 1.7 fl oz",
        "price": "$82.00 ($48.24 / Ounce)",
        "listPrice": "",
        "imageUrl": "https://m.media-amazon.com/images/I/21ZDPr4jjXL._SL160_.jpg",
        "detailPageURL": "https://www.amazon.com/dp/B00FU6QX96",
        "rating": "4.7",
        "totalReviews": "2017",
        "subtitle": "",
        "isPrimeEligible": "1"
    },
    {
        "ASIN": "B01N3B5I9W",
        "title": "MyChelle Dermaceuticals Perfect C PRO Serum, Professional-Level 25% L-Ascorbic Acid Vitamin C Serum for All Skin Types, 0.5 Fl Oz",
        "price": "$34.45 ($68.90 / Fl Oz)",
        "listPrice": "$36.15 ($72.30 / Fl Oz)",
        "imageUrl": "https://m.media-amazon.com/images/I/31zAuDvfzHL._SL160_.jpg",
        "detailPageURL": "https://www.amazon.com/dp/B01N3B5I9W",
        "rating": "4.3",
        "totalReviews": "564",
        "subtitle": "MyChelle Dermaceuticals",
        "isPrimeEligible": "1"
    },
    {
        "ASIN": "B007PFIOUQ",
        "title": "iS CLINICAL Active Serum; Face Serum, Helps skin with acne, 1 Fl Oz",
        "price": "$142.00",
        "listPrice": "",
        "imageUrl": "https://m.media-amazon.com/images/I/31jr1NqKOiL._SL160_.jpg",
        "detailPageURL": "https://www.amazon.com/dp/B007PFIOUQ",
        "rating": "4.6",
        "totalReviews": "704",
        "subtitle": "",
        "isPrimeEligible": "1"
    },
    {
        "ASIN": "B00WFFH6GY",
        "title": "Timeless Coenzyme Q10 Serum Unisex 1 oz",
        "price": "$18.89",
        "listPrice": "$27.95",
        "imageUrl": "https://m.media-amazon.com/images/I/31F8nYulheL._SL160_.jpg",
        "detailPageURL": "https://www.amazon.com/dp/B00WFFH6GY",
        "rating": "4.6",
        "totalReviews": "4051",
        "subtitle": "Timeless Skin Care",
        "isPrimeEligible": "1"
    },
    {
        "ASIN": "B01AH4MJ02",
        "title": "Cosmedica Hyaluronic Acid Serum for Skin \u2013 4 Fl. Oz Hydrating Facial Moisturizer with Anti-Aging Skin Care Properties. Beauty and Skin Care",
        "price": "$23.95 ($5.99 / Fl. Oz)",
        "listPrice": "",
        "imageUrl": "https://m.media-amazon.com/images/I/41zh-S08-zL._SL160_.jpg",
        "detailPageURL": "https://www.amazon.com/dp/B01AH4MJ02",
        "rating": "4.4",
        "totalReviews": "39553",
        "subtitle": "Cosmedica Skincare",
        "isPrimeEligible": "1"
    },
    {
        "ASIN": "B01MA35EGM",
        "title": "DERMA E Vitamin C Concentrated Serum with Hyaluronic Acid \u2013 All Natural, Antioxidant-Rich Concentrated Facial Serum \u2013 Firming and Brightening Skin Serum, 2oz",
        "price": "$16.41",
        "listPrice": "$24.95",
        "imageUrl": "https://m.media-amazon.com/images/I/31sD8ZJgIRL._SL160_.jpg",
        "detailPageURL": "https://www.amazon.com/dp/B01MA35EGM",
        "rating": "4.5",
        "totalReviews": "5931",
        "subtitle": "DERMA-E",
        "isPrimeEligible": "1"
    },
    {
        "ASIN": "B0B7P4QSKZ",
        "title": "First Aid Beauty 10% Vitamin C Brightening Serum, Safe for Sensitive Skin, Helps Brighten + Visibly Firm Face + Neck, 1.7 oz",
        "price": "$44.99 ($26.46 / Ounce)",
        "listPrice": "",
        "imageUrl": "https://m.media-amazon.com/images/I/31isO5eFXNL._SL160_.jpg",
        "detailPageURL": "https://www.amazon.com/dp/B0B7P4QSKZ",
        "rating": "4.4",
        "totalReviews": "76",
        "subtitle": "First Aid Beauty",
        "isPrimeEligible": "1"
    },
    {
        "ASIN": "B0BQ3PRDF6",
        "title": "Tree of Life Advanced Regimen - 4ct x 1 Fl Oz - Niacinamide Serum (Refine) + Vitamin C Serum (Brightens) + Retinol Serum (Smooths) + Hyaluronic Acid Serum (Hydrates) - Face Serums",
        "price": "$34.99 ($8.75 / Fl Oz)",
        "listPrice": "",
        "imageUrl": "https://m.media-amazon.com/images/I/41lqTSxzp5L._SL160_.jpg",
        "detailPageURL": "https://www.amazon.com/dp/B0BQ3PRDF6",
        "rating": "4.4",
        "totalReviews": "68887",
        "subtitle": "Tree of Life Beauty",
        "isPrimeEligible": "1"
    },
    {
        "ASIN": "B00S2G786S",
        "title": "Tree of Life Vitamin C Serum for Face - 1 Fl Oz Skin Care Serums - Moisturizing Vitamin E for Brightening & Smoothing Dry Skin, Anti-Aging, Wrinkles & Dark Spot, Sensitive Skin - Dermatologist-Tested",
        "price": "$15.49",
        "listPrice": "$19.49",
        "imageUrl": "https://m.media-amazon.com/images/I/51hOKLjs1AL._SL160_.jpg",
        "detailPageURL": "https://www.amazon.com/dp/B00S2G786S",
        "rating": "4.4",
        "totalReviews": "32452",
        "subtitle": "Tree of Life Beauty",
        "isPrimeEligible": "1"
    },
    {
        "ASIN": "B00FU6QX96",
        "title": "IMAGE Skincare, VITAL C Hydrating Serum, with Potent Vitamin C to Brighten, Tone and Smooth Appearance of Wrinkles, 1.7 fl oz",
        "price": "$82.00 ($48.24 / Ounce)",
        "listPrice": "",
        "imageUrl": "https://m.media-amazon.com/images/I/21ZDPr4jjXL._SL160_.jpg",
        "detailPageURL": "https://www.amazon.com/dp/B00FU6QX96",
        "rating": "4.7",
        "totalReviews": "2017",
        "subtitle": "",
        "isPrimeEligible": "1"
    },
    {
        "ASIN": "B01N3B5I9W",
        "title": "MyChelle Dermaceuticals Perfect C PRO Serum, Professional-Level 25% L-Ascorbic Acid Vitamin C Serum for All Skin Types, 0.5 Fl Oz",
        "price": "$34.45 ($68.90 / Fl Oz)",
        "listPrice": "$36.15 ($72.30 / Fl Oz)",
        "imageUrl": "https://m.media-amazon.com/images/I/31zAuDvfzHL._SL160_.jpg",
        "detailPageURL": "https://www.amazon.com/dp/B01N3B5I9W",
        "rating": "4.3",
        "totalReviews": "564",
        "subtitle": "MyChelle Dermaceuticals",
        "isPrimeEligible": "1"
    },
    {
        "ASIN": "B007PFIOUQ",
        "title": "iS CLINICAL Active Serum; Face Serum, Helps skin with acne, 1 Fl Oz",
        "price": "$142.00",
        "listPrice": "",
        "imageUrl": "https://m.media-amazon.com/images/I/31jr1NqKOiL._SL160_.jpg",
        "detailPageURL": "https://www.amazon.com/dp/B007PFIOUQ",
        "rating": "4.6",
        "totalReviews": "704",
        "subtitle": "",
        "isPrimeEligible": "1"
    },
    {
        "ASIN": "B00WFFH6GY",
        "title": "Timeless Coenzyme Q10 Serum Unisex 1 oz",
        "price": "$18.89",
        "listPrice": "$27.95",
        "imageUrl": "https://m.media-amazon.com/images/I/31F8nYulheL._SL160_.jpg",
        "detailPageURL": "https://www.amazon.com/dp/B00WFFH6GY",
        "rating": "4.6",
        "totalReviews": "4051",
        "subtitle": "Timeless Skin Care",
        "isPrimeEligible": "1"
    },
    {
        "ASIN": "B01AH4MJ02",
        "title": "Cosmedica Hyaluronic Acid Serum for Skin \u2013 4 Fl. Oz Hydrating Facial Moisturizer with Anti-Aging Skin Care Properties. Beauty and Skin Care",
        "price": "$23.95 ($5.99 / Fl. Oz)",
        "listPrice": "",
        "imageUrl": "https://m.media-amazon.com/images/I/41zh-S08-zL._SL160_.jpg",
        "detailPageURL": "https://www.amazon.com/dp/B01AH4MJ02",
        "rating": "4.4",
        "totalReviews": "39553",
        "subtitle": "Cosmedica Skincare",
        "isPrimeEligible": "1"
    },
    {
        "ASIN": "B01MA35EGM",
        "title": "DERMA E Vitamin C Concentrated Serum with Hyaluronic Acid \u2013 All Natural, Antioxidant-Rich Concentrated Facial Serum \u2013 Firming and Brightening Skin Serum, 2oz",
        "price": "$16.41",
        "listPrice": "$24.95",
        "imageUrl": "https://m.media-amazon.com/images/I/31sD8ZJgIRL._SL160_.jpg",
        "detailPageURL": "https://www.amazon.com/dp/B01MA35EGM",
        "rating": "4.5",
        "totalReviews": "5931",
        "subtitle": "DERMA-E",
        "isPrimeEligible": "1"
    },
    {
        "ASIN": "B005IXQLDE",
        "title": "Mad Hippie Vitamin C Serum for Face with Hyaluronic Acid, Vitamin E & Ferulic Acid - Vitamin C Face Serum for Women/Men, Skin-Brightening Serum, 1.02 Fl Oz",
        "price": "$27.19 ($26.66 / Fl Oz)",
        "listPrice": "",
        "imageUrl": "https://m.media-amazon.com/images/I/51BpJ0KlGLL._SL160_.jpg",
        "detailPageURL": "https://www.amazon.com/dp/B005IXQLDE",
        "rating": "4.7",
        "totalReviews": "2579",
        "subtitle": "Mad Hippie",
        "isPrimeEligible": "1"
    },
    {
        "ASIN": "B0BQ3PRDF6",
        "title": "Tree of Life Advanced Regimen - 4ct x 1 Fl Oz - Niacinamide Serum (Refine) + Vitamin C Serum (Brightens) + Retinol Serum (Smooths) + Hyaluronic Acid Serum (Hydrates) - Face Serums",
        "price": "$34.99 ($8.75 / Fl Oz)",
        "listPrice": "",
        "imageUrl": "https://m.media-amazon.com/images/I/41lqTSxzp5L._SL160_.jpg",
        "detailPageURL": "https://www.amazon.com/dp/B0BQ3PRDF6",
        "rating": "4.4",
        "totalReviews": "68887",
        "subtitle": "Tree of Life Beauty",
        "isPrimeEligible": "1"
    },
    {
        "ASIN": "B00S2G786S",
        "title": "Tree of Life Vitamin C Serum for Face - 1 Fl Oz Skin Care Serums - Moisturizing Vitamin E for Brightening & Smoothing Dry Skin, Anti-Aging, Wrinkles & Dark Spot, Sensitive Skin - Dermatologist-Tested",
        "price": "$15.49",
        "listPrice": "$19.49",
        "imageUrl": "https://m.media-amazon.com/images/I/51hOKLjs1AL._SL160_.jpg",
        "detailPageURL": "https://www.amazon.com/dp/B00S2G786S",
        "rating": "4.4",
        "totalReviews": "32452",
        "subtitle": "Tree of Life Beauty",
        "isPrimeEligible": "1"
    },
    {
        "ASIN": "B00FU6QX96",
        "title": "IMAGE Skincare, VITAL C Hydrating Serum, with Potent Vitamin C to Brighten, Tone and Smooth Appearance of Wrinkles, 1.7 fl oz",
        "price": "$82.00 ($48.24 / Ounce)",
        "listPrice": "",
        "imageUrl": "https://m.media-amazon.com/images/I/21ZDPr4jjXL._SL160_.jpg",
        "detailPageURL": "https://www.amazon.com/dp/B00FU6QX96",
        "rating": "4.7",
        "totalReviews": "2017",
        "subtitle": "",
        "isPrimeEligible": "1"
    },
    {
        "ASIN": "B01N3B5I9W",
        "title": "MyChelle Dermaceuticals Perfect C PRO Serum, Professional-Level 25% L-Ascorbic Acid Vitamin C Serum for All Skin Types, 0.5 Fl Oz",
        "price": "$34.45 ($68.90 / Fl Oz)",
        "listPrice": "$36.15 ($72.30 / Fl Oz)",
        "imageUrl": "https://m.media-amazon.com/images/I/31zAuDvfzHL._SL160_.jpg",
        "detailPageURL": "https://www.amazon.com/dp/B01N3B5I9W",
        "rating": "4.3",
        "totalReviews": "564",
        "subtitle": "MyChelle Dermaceuticals",
        "isPrimeEligible": "1"
    },
    {
        "ASIN": "B007PFIOUQ",
        "title": "iS CLINICAL Active Serum; Face Serum, Helps skin with acne, 1 Fl Oz",
        "price": "$142.00",
        "listPrice": "",
        "imageUrl": "https://m.media-amazon.com/images/I/31jr1NqKOiL._SL160_.jpg",
        "detailPageURL": "https://www.amazon.com/dp/B007PFIOUQ",
        "rating": "4.6",
        "totalReviews": "704",
        "subtitle": "",
        "isPrimeEligible": "1"
    },
    {
        "ASIN": "B00WFFH6GY",
        "title": "Timeless Coenzyme Q10 Serum Unisex 1 oz",
        "price": "$18.89",
        "listPrice": "$27.95",
        "imageUrl": "https://m.media-amazon.com/images/I/31F8nYulheL._SL160_.jpg",
        "detailPageURL": "https://www.amazon.com/dp/B00WFFH6GY",
        "rating": "4.6",
        "totalReviews": "4051",
        "subtitle": "Timeless Skin Care",
        "isPrimeEligible": "1"
    },
    {
        "ASIN": "B01AH4MJ02",
        "title": "Cosmedica Hyaluronic Acid Serum for Skin \u2013 4 Fl. Oz Hydrating Facial Moisturizer with Anti-Aging Skin Care Properties. Beauty and Skin Care",
        "price": "$23.95 ($5.99 / Fl. Oz)",
        "listPrice": "",
        "imageUrl": "https://m.media-amazon.com/images/I/41zh-S08-zL._SL160_.jpg",
        "detailPageURL": "https://www.amazon.com/dp/B01AH4MJ02",
        "rating": "4.4",
        "totalReviews": "39553",
        "subtitle": "Cosmedica Skincare",
        "isPrimeEligible": "1"
    },
    {
        "ASIN": "B01MA35EGM",
        "title": "DERMA E Vitamin C Concentrated Serum with Hyaluronic Acid \u2013 All Natural, Antioxidant-Rich Concentrated Facial Serum \u2013 Firming and Brightening Skin Serum, 2oz",
        "price": "$16.41",
        "listPrice": "$24.95",
        "imageUrl": "https://m.media-amazon.com/images/I/31sD8ZJgIRL._SL160_.jpg",
        "detailPageURL": "https://www.amazon.com/dp/B01MA35EGM",
        "rating": "4.5",
        "totalReviews": "5931",
        "subtitle": "DERMA-E",
        "isPrimeEligible": "1"
    },
    {
        "ASIN": "B005IXQLDE",
        "title": "Mad Hippie Vitamin C Serum for Face with Hyaluronic Acid, Vitamin E & Ferulic Acid - Vitamin C Face Serum for Women/Men, Skin-Brightening Serum, 1.02 Fl Oz",
        "price": "$27.19 ($26.66 / Fl Oz)",
        "listPrice": "",
        "imageUrl": "https://m.media-amazon.com/images/I/51BpJ0KlGLL._SL160_.jpg",
        "detailPageURL": "https://www.amazon.com/dp/B005IXQLDE",
        "rating": "4.7",
        "totalReviews": "2579",
        "subtitle": "Mad Hippie",
        "isPrimeEligible": "1"
    },
    {
        "ASIN": "B08H4QPM19",
        "title": "Peach & Lily Glass Skin Serum",
        "price": "$39.00 ($28.89 / Fl Oz)",
        "listPrice": "",
        "imageUrl": "https://m.media-amazon.com/images/I/317uqqtydkL._SL160_.jpg",
        "detailPageURL": "https://www.amazon.com/dp/B08H4QPM19",
        "rating": "4.6",
        "totalReviews": "183",
        "subtitle": "Peach & Lily",
        "isPrimeEligible": "1"
    },
    {
        "ASIN": "B00S2G786S",
        "title": "Tree of Life Vitamin C Serum for Face - 1 Fl Oz Skin Care Serums - Moisturizing Vitamin E for Brightening & Smoothing Dry Skin, Anti-Aging, Wrinkles & Dark Spot, Sensitive Skin - Dermatologist-Tested",
        "price": "$15.49",
        "listPrice": "$19.49",
        "imageUrl": "https://m.media-amazon.com/images/I/51hOKLjs1AL._SL160_.jpg",
        "detailPageURL": "https://www.amazon.com/dp/B00S2G786S",
        "rating": "4.4",
        "totalReviews": "32452",
        "subtitle": "Tree of Life Beauty",
        "isPrimeEligible": "1"
    },
    {
        "ASIN": "B00FU6QX96",
        "title": "IMAGE Skincare, VITAL C Hydrating Serum, with Potent Vitamin C to Brighten, Tone and Smooth Appearance of Wrinkles, 1.7 fl oz",
        "price": "$82.00 ($48.24 / Ounce)",
        "listPrice": "",
        "imageUrl": "https://m.media-amazon.com/images/I/21ZDPr4jjXL._SL160_.jpg",
        "detailPageURL": "https://www.amazon.com/dp/B00FU6QX96",
        "rating": "4.7",
        "totalReviews": "2017",
        "subtitle": "",
        "isPrimeEligible": "1"
    },
    {
        "ASIN": "B01N3B5I9W",
        "title": "MyChelle Dermaceuticals Perfect C PRO Serum, Professional-Level 25% L-Ascorbic Acid Vitamin C Serum for All Skin Types, 0.5 Fl Oz",
        "price": "$34.45 ($68.90 / Fl Oz)",
        "listPrice": "$36.15 ($72.30 / Fl Oz)",
        "imageUrl": "https://m.media-amazon.com/images/I/31zAuDvfzHL._SL160_.jpg",
        "detailPageURL": "https://www.amazon.com/dp/B01N3B5I9W",
        "rating": "4.3",
        "totalReviews": "564",
        "subtitle": "MyChelle Dermaceuticals",
        "isPrimeEligible": "1"
    },
    {
        "ASIN": "B007PFIOUQ",
        "title": "iS CLINICAL Active Serum; Face Serum, Helps skin with acne, 1 Fl Oz",
        "price": "$142.00",
        "listPrice": "",
        "imageUrl": "https://m.media-amazon.com/images/I/31jr1NqKOiL._SL160_.jpg",
        "detailPageURL": "https://www.amazon.com/dp/B007PFIOUQ",
        "rating": "4.6",
        "totalReviews": "704",
        "subtitle": "",
        "isPrimeEligible": "1"
    },
    {
        "ASIN": "B00WFFH6GY",
        "title": "Timeless Coenzyme Q10 Serum Unisex 1 oz",
        "price": "$18.89",
        "listPrice": "$27.95",
        "imageUrl": "https://m.media-amazon.com/images/I/31F8nYulheL._SL160_.jpg",
        "detailPageURL": "https://www.amazon.com/dp/B00WFFH6GY",
        "rating": "4.6",
        "totalReviews": "4051",
        "subtitle": "Timeless Skin Care",
        "isPrimeEligible": "1"
    },
    {
        "ASIN": "B01AH4MJ02",
        "title": "Cosmedica Hyaluronic Acid Serum for Skin \u2013 4 Fl. Oz Hydrating Facial Moisturizer with Anti-Aging Skin Care Properties. Beauty and Skin Care",
        "price": "$23.95 ($5.99 / Fl. Oz)",
        "listPrice": "",
        "imageUrl": "https://m.media-amazon.com/images/I/41zh-S08-zL._SL160_.jpg",
        "detailPageURL": "https://www.amazon.com/dp/B01AH4MJ02",
        "rating": "4.4",
        "totalReviews": "39553",
        "subtitle": "Cosmedica Skincare",
        "isPrimeEligible": "1"
    },
    {
        "ASIN": "B01MA35EGM",
        "title": "DERMA E Vitamin C Concentrated Serum with Hyaluronic Acid \u2013 All Natural, Antioxidant-Rich Concentrated Facial Serum \u2013 Firming and Brightening Skin Serum, 2oz",
        "price": "$16.41",
        "listPrice": "$24.95",
        "imageUrl": "https://m.media-amazon.com/images/I/31sD8ZJgIRL._SL160_.jpg",
        "detailPageURL": "https://www.amazon.com/dp/B01MA35EGM",
        "rating": "4.5",
        "totalReviews": "5931",
        "subtitle": "DERMA-E",
        "isPrimeEligible": "1"
    },
    {
        "ASIN": "B005IXQLDE",
        "title": "Mad Hippie Vitamin C Serum for Face with Hyaluronic Acid, Vitamin E & Ferulic Acid - Vitamin C Face Serum for Women/Men, Skin-Brightening Serum, 1.02 Fl Oz",
        "price": "$27.19 ($26.66 / Fl Oz)",
        "listPrice": "",
        "imageUrl": "https://m.media-amazon.com/images/I/51BpJ0KlGLL._SL160_.jpg",
        "detailPageURL": "https://www.amazon.com/dp/B005IXQLDE",
        "rating": "4.7",
        "totalReviews": "2579",
        "subtitle": "Mad Hippie",
        "isPrimeEligible": "1"
    },
    {
        "ASIN": "B08H4QPM19",
        "title": "Peach & Lily Glass Skin Serum",
        "price": "$39.00 ($28.89 / Fl Oz)",
        "listPrice": "",
        "imageUrl": "https://m.media-amazon.com/images/I/317uqqtydkL._SL160_.jpg",
        "detailPageURL": "https://www.amazon.com/dp/B08H4QPM19",
        "rating": "4.6",
        "totalReviews": "183",
        "subtitle": "Peach & Lily",
        "isPrimeEligible": "1"
    },
    {
        "ASIN": "B001P7AWXC",
        "title": "Caudalie Vinoperfect Radiance Dark Spot Serum - 62x more effective than Vitamin C (Serum)",
        "price": "$82.00 ($82.00 / Count)",
        "listPrice": "",
        "imageUrl": "https://m.media-amazon.com/images/I/31tnxXPiQ2L._SL160_.jpg",
        "detailPageURL": "https://www.amazon.com/dp/B001P7AWXC",
        "rating": "4.3",
        "totalReviews": "2295",
        "subtitle": "",
        "isPrimeEligible": "1"
    },
    {
        "ASIN": "B00FU6QX96",
        "title": "IMAGE Skincare, VITAL C Hydrating Serum, with Potent Vitamin C to Brighten, Tone and Smooth Appearance of Wrinkles, 1.7 fl oz",
        "price": "$82.00 ($48.24 / Ounce)",
        "listPrice": "",
        "imageUrl": "https://m.media-amazon.com/images/I/21ZDPr4jjXL._SL160_.jpg",
        "detailPageURL": "https://www.amazon.com/dp/B00FU6QX96",
        "rating": "4.7",
        "totalReviews": "2017",
        "subtitle": "",
        "isPrimeEligible": "1"
    },
    {
        "ASIN": "B01N3B5I9W",
        "title": "MyChelle Dermaceuticals Perfect C PRO Serum, Professional-Level 25% L-Ascorbic Acid Vitamin C Serum for All Skin Types, 0.5 Fl Oz",
        "price": "$34.45 ($68.90 / Fl Oz)",
        "listPrice": "$36.15 ($72.30 / Fl Oz)",
        "imageUrl": "https://m.media-amazon.com/images/I/31zAuDvfzHL._SL160_.jpg",
        "detailPageURL": "https://www.amazon.com/dp/B01N3B5I9W",
        "rating": "4.3",
        "totalReviews": "564",
        "subtitle": "MyChelle Dermaceuticals",
        "isPrimeEligible": "1"
    },
    {
        "ASIN": "B007PFIOUQ",
        "title": "iS CLINICAL Active Serum; Face Serum, Helps skin with acne, 1 Fl Oz",
        "price": "$142.00",
        "listPrice": "",
        "imageUrl": "https://m.media-amazon.com/images/I/31jr1NqKOiL._SL160_.jpg",
        "detailPageURL": "https://www.amazon.com/dp/B007PFIOUQ",
        "rating": "4.6",
        "totalReviews": "704",
        "subtitle": "",
        "isPrimeEligible": "1"
    },
    {
        "ASIN": "B00WFFH6GY",
        "title": "Timeless Coenzyme Q10 Serum Unisex 1 oz",
        "price": "$18.89",
        "listPrice": "$27.95",
        "imageUrl": "https://m.media-amazon.com/images/I/31F8nYulheL._SL160_.jpg",
        "detailPageURL": "https://www.amazon.com/dp/B00WFFH6GY",
        "rating": "4.6",
        "totalReviews": "4051",
        "subtitle": "Timeless Skin Care",
        "isPrimeEligible": "1"
    },
    {
        "ASIN": "B01AH4MJ02",
        "title": "Cosmedica Hyaluronic Acid Serum for Skin \u2013 4 Fl. Oz Hydrating Facial Moisturizer with Anti-Aging Skin Care Properties. Beauty and Skin Care",
        "price": "$23.95 ($5.99 / Fl. Oz)",
        "listPrice": "",
        "imageUrl": "https://m.media-amazon.com/images/I/41zh-S08-zL._SL160_.jpg",
        "detailPageURL": "https://www.amazon.com/dp/B01AH4MJ02",
        "rating": "4.4",
        "totalReviews": "39553",
        "subtitle": "Cosmedica Skincare",
        "isPrimeEligible": "1"
    },
    {
        "ASIN": "B01MA35EGM",
        "title": "DERMA E Vitamin C Concentrated Serum with Hyaluronic Acid \u2013 All Natural, Antioxidant-Rich Concentrated Facial Serum \u2013 Firming and Brightening Skin Serum, 2oz",
        "price": "$16.41",
        "listPrice": "$24.95",
        "imageUrl": "https://m.media-amazon.com/images/I/31sD8ZJgIRL._SL160_.jpg",
        "detailPageURL": "https://www.amazon.com/dp/B01MA35EGM",
        "rating": "4.5",
        "totalReviews": "5931",
        "subtitle": "DERMA-E",
        "isPrimeEligible": "1"
    },
    {
        "ASIN": "B005IXQLDE",
        "title": "Mad Hippie Vitamin C Serum for Face with Hyaluronic Acid, Vitamin E & Ferulic Acid - Vitamin C Face Serum for Women/Men, Skin-Brightening Serum, 1.02 Fl Oz",
        "price": "$27.19 ($26.66 / Fl Oz)",
        "listPrice": "",
        "imageUrl": "https://m.media-amazon.com/images/I/51BpJ0KlGLL._SL160_.jpg",
        "detailPageURL": "https://www.amazon.com/dp/B005IXQLDE",
        "rating": "4.7",
        "totalReviews": "2579",
        "subtitle": "Mad Hippie",
        "isPrimeEligible": "1"
    },
    {
        "ASIN": "B08H4QPM19",
        "title": "Peach & Lily Glass Skin Serum",
        "price": "$39.00 ($28.89 / Fl Oz)",
        "listPrice": "",
        "imageUrl": "https://m.media-amazon.com/images/I/317uqqtydkL._SL160_.jpg",
        "detailPageURL": "https://www.amazon.com/dp/B08H4QPM19",
        "rating": "4.6",
        "totalReviews": "183",
        "subtitle": "Peach & Lily",
        "isPrimeEligible": "1"
    },
    {
        "ASIN": "B001P7AWXC",
        "title": "Caudalie Vinoperfect Radiance Dark Spot Serum - 62x more effective than Vitamin C (Serum)",
        "price": "$82.00 ($82.00 / Count)",
        "listPrice": "",
        "imageUrl": "https://m.media-amazon.com/images/I/31tnxXPiQ2L._SL160_.jpg",
        "detailPageURL": "https://www.amazon.com/dp/B001P7AWXC",
        "rating": "4.3",
        "totalReviews": "2295",
        "subtitle": "",
        "isPrimeEligible": "1"
    },
    {
        "ASIN": "B019QQR0JW",
        "title": "Timeless Skin Care Matrixyl Synthe\u20196 Serum - 1 oz",
        "price": "$18.39",
        "listPrice": "$27.95",
        "imageUrl": "https://m.media-amazon.com/images/I/31+BIbQVqHL._SL160_.jpg",
        "detailPageURL": "https://www.amazon.com/dp/B019QQR0JW",
        "rating": "4.7",
        "totalReviews": "2695",
        "subtitle": "Timeless Skin Care",
        "isPrimeEligible": "1"
    },
    {
        "ASIN": "B01N3B5I9W",
        "title": "MyChelle Dermaceuticals Perfect C PRO Serum, Professional-Level 25% L-Ascorbic Acid Vitamin C Serum for All Skin Types, 0.5 Fl Oz",
        "price": "$34.45 ($68.90 / Fl Oz)",
        "listPrice": "$36.15 ($72.30 / Fl Oz)",
        "imageUrl": "https://m.media-amazon.com/images/I/31zAuDvfzHL._SL160_.jpg",
        "detailPageURL": "https://www.amazon.com/dp/B01N3B5I9W",
        "rating": "4.3",
        "totalReviews": "564",
        "subtitle": "MyChelle Dermaceuticals",
        "isPrimeEligible": "1"
    },
    {
        "ASIN": "B007PFIOUQ",
        "title": "iS CLINICAL Active Serum; Face Serum, Helps skin with acne, 1 Fl Oz",
        "price": "$142.00",
        "listPrice": "",
        "imageUrl": "https://m.media-amazon.com/images/I/31jr1NqKOiL._SL160_.jpg",
        "detailPageURL": "https://www.amazon.com/dp/B007PFIOUQ",
        "rating": "4.6",
        "totalReviews": "704",
        "subtitle": "",
        "isPrimeEligible": "1"
    },
    {
        "ASIN": "B00WFFH6GY",
        "title": "Timeless Coenzyme Q10 Serum Unisex 1 oz",
        "price": "$18.89",
        "listPrice": "$27.95",
        "imageUrl": "https://m.media-amazon.com/images/I/31F8nYulheL._SL160_.jpg",
        "detailPageURL": "https://www.amazon.com/dp/B00WFFH6GY",
        "rating": "4.6",
        "totalReviews": "4051",
        "subtitle": "Timeless Skin Care",
        "isPrimeEligible": "1"
    },
    {
        "ASIN": "B01AH4MJ02",
        "title": "Cosmedica Hyaluronic Acid Serum for Skin \u2013 4 Fl. Oz Hydrating Facial Moisturizer with Anti-Aging Skin Care Properties. Beauty and Skin Care",
        "price": "$23.95 ($5.99 / Fl. Oz)",
        "listPrice": "",
        "imageUrl": "https://m.media-amazon.com/images/I/41zh-S08-zL._SL160_.jpg",
        "detailPageURL": "https://www.amazon.com/dp/B01AH4MJ02",
        "rating": "4.4",
        "totalReviews": "39553",
        "subtitle": "Cosmedica Skincare",
        "isPrimeEligible": "1"
    },
    {
        "ASIN": "B01MA35EGM",
        "title": "DERMA E Vitamin C Concentrated Serum with Hyaluronic Acid \u2013 All Natural, Antioxidant-Rich Concentrated Facial Serum \u2013 Firming and Brightening Skin Serum, 2oz",
        "price": "$16.41",
        "listPrice": "$24.95",
        "imageUrl": "https://m.media-amazon.com/images/I/31sD8ZJgIRL._SL160_.jpg",
        "detailPageURL": "https://www.amazon.com/dp/B01MA35EGM",
        "rating": "4.5",
        "totalReviews": "5931",
        "subtitle": "DERMA-E",
        "isPrimeEligible": "1"
    },
    {
        "ASIN": "B005IXQLDE",
        "title": "Mad Hippie Vitamin C Serum for Face with Hyaluronic Acid, Vitamin E & Ferulic Acid - Vitamin C Face Serum for Women/Men, Skin-Brightening Serum, 1.02 Fl Oz",
        "price": "$27.19 ($26.66 / Fl Oz)",
        "listPrice": "",
        "imageUrl": "https://m.media-amazon.com/images/I/51BpJ0KlGLL._SL160_.jpg",
        "detailPageURL": "https://www.amazon.com/dp/B005IXQLDE",
        "rating": "4.7",
        "totalReviews": "2579",
        "subtitle": "Mad Hippie",
        "isPrimeEligible": "1"
    },
    {
        "ASIN": "B08H4QPM19",
        "title": "Peach & Lily Glass Skin Serum",
        "price": "$39.00 ($28.89 / Fl Oz)",
        "listPrice": "",
        "imageUrl": "https://m.media-amazon.com/images/I/317uqqtydkL._SL160_.jpg",
        "detailPageURL": "https://www.amazon.com/dp/B08H4QPM19",
        "rating": "4.6",
        "totalReviews": "183",
        "subtitle": "Peach & Lily",
        "isPrimeEligible": "1"
    },
    {
        "ASIN": "B001P7AWXC",
        "title": "Caudalie Vinoperfect Radiance Dark Spot Serum - 62x more effective than Vitamin C (Serum)",
        "price": "$82.00 ($82.00 / Count)",
        "listPrice": "",
        "imageUrl": "https://m.media-amazon.com/images/I/31tnxXPiQ2L._SL160_.jpg",
        "detailPageURL": "https://www.amazon.com/dp/B001P7AWXC",
        "rating": "4.3",
        "totalReviews": "2295",
        "subtitle": "",
        "isPrimeEligible": "1"
    },
    {
        "ASIN": "B019QQR0JW",
        "title": "Timeless Skin Care Matrixyl Synthe\u20196 Serum - 1 oz",
        "price": "$18.39",
        "listPrice": "$27.95",
        "imageUrl": "https://m.media-amazon.com/images/I/31+BIbQVqHL._SL160_.jpg",
        "detailPageURL": "https://www.amazon.com/dp/B019QQR0JW",
        "rating": "4.7",
        "totalReviews": "2695",
        "subtitle": "Timeless Skin Care",
        "isPrimeEligible": "1"
    },
    {
        "ASIN": "B07ZGJQZ8G",
        "title": "COSRX Propolis Ampoule, Glow Boosting Serum for Face with 73.5% Propolis Extract, 1.01 fl.oz / 30ml, Hydrating Essence for Sentsitive Skin, Fine Lines, Uneven Skintone, Not Tested on Animals, No Parabens, No Sulfates, No Phthalates, Korean Skincare",
        "price": "$15.80 ($15.64 / Fl Oz)",
        "listPrice": "$28.00 ($27.72 / Fl Oz)",
        "imageUrl": "https://m.media-amazon.com/images/I/31BPtWi3sfL._SL160_.jpg",
        "detailPageURL": "https://www.amazon.com/dp/B07ZGJQZ8G",
        "rating": "4.6",
        "totalReviews": "1684",
        "subtitle": "COSRX",
        "isPrimeEligible": "1"
    },
    {
        "ASIN": "B007PFIOUQ",
        "title": "iS CLINICAL Active Serum; Face Serum, Helps skin with acne, 1 Fl Oz",
        "price": "$142.00",
        "listPrice": "",
        "imageUrl": "https://m.media-amazon.com/images/I/31jr1NqKOiL._SL160_.jpg",
        "detailPageURL": "https://www.amazon.com/dp/B007PFIOUQ",
        "rating": "4.6",
        "totalReviews": "704",
        "subtitle": "",
        "isPrimeEligible": "1"
    },
    {
        "ASIN": "B00WFFH6GY",
        "title": "Timeless Coenzyme Q10 Serum Unisex 1 oz",
        "price": "$18.89",
        "listPrice": "$27.95",
        "imageUrl": "https://m.media-amazon.com/images/I/31F8nYulheL._SL160_.jpg",
        "detailPageURL": "https://www.amazon.com/dp/B00WFFH6GY",
        "rating": "4.6",
        "totalReviews": "4051",
        "subtitle": "Timeless Skin Care",
        "isPrimeEligible": "1"
    },
    {
        "ASIN": "B01AH4MJ02",
        "title": "Cosmedica Hyaluronic Acid Serum for Skin \u2013 4 Fl. Oz Hydrating Facial Moisturizer with Anti-Aging Skin Care Properties. Beauty and Skin Care",
        "price": "$23.95 ($5.99 / Fl. Oz)",
        "listPrice": "",
        "imageUrl": "https://m.media-amazon.com/images/I/41zh-S08-zL._SL160_.jpg",
        "detailPageURL": "https://www.amazon.com/dp/B01AH4MJ02",
        "rating": "4.4",
        "totalReviews": "39553",
        "subtitle": "Cosmedica Skincare",
        "isPrimeEligible": "1"
    },
    {
        "ASIN": "B01MA35EGM",
        "title": "DERMA E Vitamin C Concentrated Serum with Hyaluronic Acid \u2013 All Natural, Antioxidant-Rich Concentrated Facial Serum \u2013 Firming and Brightening Skin Serum, 2oz",
        "price": "$16.41",
        "listPrice": "$24.95",
        "imageUrl": "https://m.media-amazon.com/images/I/31sD8ZJgIRL._SL160_.jpg",
        "detailPageURL": "https://www.amazon.com/dp/B01MA35EGM",
        "rating": "4.5",
        "totalReviews": "5931",
        "subtitle": "DERMA-E",
        "isPrimeEligible": "1"
    },
    {
        "ASIN": "B005IXQLDE",
        "title": "Mad Hippie Vitamin C Serum for Face with Hyaluronic Acid, Vitamin E & Ferulic Acid - Vitamin C Face Serum for Women/Men, Skin-Brightening Serum, 1.02 Fl Oz",
        "price": "$27.19 ($26.66 / Fl Oz)",
        "listPrice": "",
        "imageUrl": "https://m.media-amazon.com/images/I/51BpJ0KlGLL._SL160_.jpg",
        "detailPageURL": "https://www.amazon.com/dp/B005IXQLDE",
        "rating": "4.7",
        "totalReviews": "2579",
        "subtitle": "Mad Hippie",
        "isPrimeEligible": "1"
    },
    {
        "ASIN": "B08H4QPM19",
        "title": "Peach & Lily Glass Skin Serum",
        "price": "$39.00 ($28.89 / Fl Oz)",
        "listPrice": "",
        "imageUrl": "https://m.media-amazon.com/images/I/317uqqtydkL._SL160_.jpg",
        "detailPageURL": "https://www.amazon.com/dp/B08H4QPM19",
        "rating": "4.6",
        "totalReviews": "183",
        "subtitle": "Peach & Lily",
        "isPrimeEligible": "1"
    },
    {
        "ASIN": "B001P7AWXC",
        "title": "Caudalie Vinoperfect Radiance Dark Spot Serum - 62x more effective than Vitamin C (Serum)",
        "price": "$82.00 ($82.00 / Count)",
        "listPrice": "",
        "imageUrl": "https://m.media-amazon.com/images/I/31tnxXPiQ2L._SL160_.jpg",
        "detailPageURL": "https://www.amazon.com/dp/B001P7AWXC",
        "rating": "4.3",
        "totalReviews": "2295",
        "subtitle": "",
        "isPrimeEligible": "1"
    },
    {
        "ASIN": "B019QQR0JW",
        "title": "Timeless Skin Care Matrixyl Synthe\u20196 Serum - 1 oz",
        "price": "$18.39",
        "listPrice": "$27.95",
        "imageUrl": "https://m.media-amazon.com/images/I/31+BIbQVqHL._SL160_.jpg",
        "detailPageURL": "https://www.amazon.com/dp/B019QQR0JW",
        "rating": "4.7",
        "totalReviews": "2695",
        "subtitle": "Timeless Skin Care",
        "isPrimeEligible": "1"
    },
    {
        "ASIN": "B07ZGJQZ8G",
        "title": "COSRX Propolis Ampoule, Glow Boosting Serum for Face with 73.5% Propolis Extract, 1.01 fl.oz / 30ml, Hydrating Essence for Sentsitive Skin, Fine Lines, Uneven Skintone, Not Tested on Animals, No Parabens, No Sulfates, No Phthalates, Korean Skincare",
        "price": "$15.80 ($15.64 / Fl Oz)",
        "listPrice": "$28.00 ($27.72 / Fl Oz)",
        "imageUrl": "https://m.media-amazon.com/images/I/31BPtWi3sfL._SL160_.jpg",
        "detailPageURL": "https://www.amazon.com/dp/B07ZGJQZ8G",
        "rating": "4.6",
        "totalReviews": "1684",
        "subtitle": "COSRX",
        "isPrimeEligible": "1"
    },
    {
        "ASIN": "B0009ET6CA",
        "title": "DERMA E Ultra Hydrating Dewy Skin Serum \u2013 Moisturizing Facial Treatment with Anti-Aging Squalane, Hyaluronic Acid and Ceramides to Smooth and Replenish, 2 FL Oz",
        "price": "$15.13 ($7.56 / Ounce)",
        "listPrice": "$29.50 ($14.75 / Ounce)",
        "imageUrl": "https://m.media-amazon.com/images/I/31Fv7zqP-yL._SL160_.jpg",
        "detailPageURL": "https://www.amazon.com/dp/B0009ET6CA",
        "rating": "4.5",
        "totalReviews": "977",
        "subtitle": "DERMA-E",
        "isPrimeEligible": "1"
    },
    {
        "ASIN": "B00WFFH6GY",
        "title": "Timeless Coenzyme Q10 Serum Unisex 1 oz",
        "price": "$18.89",
        "listPrice": "$27.95",
        "imageUrl": "https://m.media-amazon.com/images/I/31F8nYulheL._SL160_.jpg",
        "detailPageURL": "https://www.amazon.com/dp/B00WFFH6GY",
        "rating": "4.6",
        "totalReviews": "4051",
        "subtitle": "Timeless Skin Care",
        "isPrimeEligible": "1"
    },
    {
        "ASIN": "B01AH4MJ02",
        "title": "Cosmedica Hyaluronic Acid Serum for Skin \u2013 4 Fl. Oz Hydrating Facial Moisturizer with Anti-Aging Skin Care Properties. Beauty and Skin Care",
        "price": "$23.95 ($5.99 / Fl. Oz)",
        "listPrice": "",
        "imageUrl": "https://m.media-amazon.com/images/I/41zh-S08-zL._SL160_.jpg",
        "detailPageURL": "https://www.amazon.com/dp/B01AH4MJ02",
        "rating": "4.4",
        "totalReviews": "39553",
        "subtitle": "Cosmedica Skincare",
        "isPrimeEligible": "1"
    },
    {
        "ASIN": "B01MA35EGM",
        "title": "DERMA E Vitamin C Concentrated Serum with Hyaluronic Acid \u2013 All Natural, Antioxidant-Rich Concentrated Facial Serum \u2013 Firming and Brightening Skin Serum, 2oz",
        "price": "$16.41",
        "listPrice": "$24.95",
        "imageUrl": "https://m.media-amazon.com/images/I/31sD8ZJgIRL._SL160_.jpg",
        "detailPageURL": "https://www.amazon.com/dp/B01MA35EGM",
        "rating": "4.5",
        "totalReviews": "5931",
        "subtitle": "DERMA-E",
        "isPrimeEligible": "1"
    },
    {
        "ASIN": "B005IXQLDE",
        "title": "Mad Hippie Vitamin C Serum for Face with Hyaluronic Acid, Vitamin E & Ferulic Acid - Vitamin C Face Serum for Women/Men, Skin-Brightening Serum, 1.02 Fl Oz",
        "price": "$27.19 ($26.66 / Fl Oz)",
        "listPrice": "",
        "imageUrl": "https://m.media-amazon.com/images/I/51BpJ0KlGLL._SL160_.jpg",
        "detailPageURL": "https://www.amazon.com/dp/B005IXQLDE",
        "rating": "4.7",
        "totalReviews": "2579",
        "subtitle": "Mad Hippie",
        "isPrimeEligible": "1"
    },
    {
        "ASIN": "B08H4QPM19",
        "title": "Peach & Lily Glass Skin Serum",
        "price": "$39.00 ($28.89 / Fl Oz)",
        "listPrice": "",
        "imageUrl": "https://m.media-amazon.com/images/I/317uqqtydkL._SL160_.jpg",
        "detailPageURL": "https://www.amazon.com/dp/B08H4QPM19",
        "rating": "4.6",
        "totalReviews": "183",
        "subtitle": "Peach & Lily",
        "isPrimeEligible": "1"
    },
    {
        "ASIN": "B001P7AWXC",
        "title": "Caudalie Vinoperfect Radiance Dark Spot Serum - 62x more effective than Vitamin C (Serum)",
        "price": "$82.00 ($82.00 / Count)",
        "listPrice": "",
        "imageUrl": "https://m.media-amazon.com/images/I/31tnxXPiQ2L._SL160_.jpg",
        "detailPageURL": "https://www.amazon.com/dp/B001P7AWXC",
        "rating": "4.3",
        "totalReviews": "2295",
        "subtitle": "",
        "isPrimeEligible": "1"
    },
    {
        "ASIN": "B019QQR0JW",
        "title": "Timeless Skin Care Matrixyl Synthe\u20196 Serum - 1 oz",
        "price": "$18.39",
        "listPrice": "$27.95",
        "imageUrl": "https://m.media-amazon.com/images/I/31+BIbQVqHL._SL160_.jpg",
        "detailPageURL": "https://www.amazon.com/dp/B019QQR0JW",
        "rating": "4.7",
        "totalReviews": "2695",
        "subtitle": "Timeless Skin Care",
        "isPrimeEligible": "1"
    },
    {
        "ASIN": "B07ZGJQZ8G",
        "title": "COSRX Propolis Ampoule, Glow Boosting Serum for Face with 73.5% Propolis Extract, 1.01 fl.oz / 30ml, Hydrating Essence for Sentsitive Skin, Fine Lines, Uneven Skintone, Not Tested on Animals, No Parabens, No Sulfates, No Phthalates, Korean Skincare",
        "price": "$15.80 ($15.64 / Fl Oz)",
        "listPrice": "$28.00 ($27.72 / Fl Oz)",
        "imageUrl": "https://m.media-amazon.com/images/I/31BPtWi3sfL._SL160_.jpg",
        "detailPageURL": "https://www.amazon.com/dp/B07ZGJQZ8G",
        "rating": "4.6",
        "totalReviews": "1684",
        "subtitle": "COSRX",
        "isPrimeEligible": "1"
    },
    {
        "ASIN": "B0009ET6CA",
        "title": "DERMA E Ultra Hydrating Dewy Skin Serum \u2013 Moisturizing Facial Treatment with Anti-Aging Squalane, Hyaluronic Acid and Ceramides to Smooth and Replenish, 2 FL Oz",
        "price": "$15.13 ($7.56 / Ounce)",
        "listPrice": "$29.50 ($14.75 / Ounce)",
        "imageUrl": "https://m.media-amazon.com/images/I/31Fv7zqP-yL._SL160_.jpg",
        "detailPageURL": "https://www.amazon.com/dp/B0009ET6CA",
        "rating": "4.5",
        "totalReviews": "977",
        "subtitle": "DERMA-E",
        "isPrimeEligible": "1"
    },
    {
        "ASIN": "B01KMSTCWG",
        "title": "TruSkin Vitamin C-Plus Super Serum, Anti Aging Anti-Wrinkle Facial Serum with Niacinamide, Retinol, Hyaluronic Acid, and Salicylic Acid, 1 oz",
        "price": "$24.79",
        "listPrice": "$29.95",
        "imageUrl": "https://m.media-amazon.com/images/I/41g-imTumsL._SL160_.jpg",
        "detailPageURL": "https://www.amazon.com/dp/B01KMSTCWG",
        "rating": "4.5",
        "totalReviews": "11851",
        "subtitle": "TruSkin Naturals",
        "isPrimeEligible": "1"
    },
    {
        "ASIN": "B0009ET6CA",
        "title": "DERMA E Ultra Hydrating Dewy Skin Serum \u2013 Moisturizing Facial Treatment with Anti-Aging Squalane, Hyaluronic Acid and Ceramides to Smooth and Replenish, 2 FL Oz",
        "price": "$15.13 ($7.56 / Ounce)",
        "listPrice": "$29.50 ($14.75 / Ounce)",
        "imageUrl": "https://m.media-amazon.com/images/I/31Fv7zqP-yL._SL160_.jpg",
        "detailPageURL": "https://www.amazon.com/dp/B0009ET6CA",
        "rating": "4.5",
        "totalReviews": "977",
        "subtitle": "DERMA-E",
        "isPrimeEligible": "1"
    },
    {
        "ASIN": "B019QQR0JW",
        "title": "Timeless Skin Care Matrixyl Synthe\u20196 Serum - 1 oz",
        "price": "$18.39",
        "listPrice": "$27.95",
        "imageUrl": "https://m.media-amazon.com/images/I/31+BIbQVqHL._SL160_.jpg",
        "detailPageURL": "https://www.amazon.com/dp/B019QQR0JW",
        "rating": "4.7",
        "totalReviews": "2695",
        "subtitle": "Timeless Skin Care",
        "isPrimeEligible": "1"
    },
    {
        "ASIN": "B07ZGJQZ8G",
        "title": "COSRX Propolis Ampoule, Glow Boosting Serum for Face with 73.5% Propolis Extract, 1.01 fl.oz / 30ml, Hydrating Essence for Sentsitive Skin, Fine Lines, Uneven Skintone, Not Tested on Animals, No Parabens, No Sulfates, No Phthalates, Korean Skincare",
        "price": "$15.80 ($15.64 / Fl Oz)",
        "listPrice": "$28.00 ($27.72 / Fl Oz)",
        "imageUrl": "https://m.media-amazon.com/images/I/31BPtWi3sfL._SL160_.jpg",
        "detailPageURL": "https://www.amazon.com/dp/B07ZGJQZ8G",
        "rating": "4.6",
        "totalReviews": "1684",
        "subtitle": "COSRX",
        "isPrimeEligible": "1"
    },
    {
        "ASIN": "B01KMSTCWG",
        "title": "TruSkin Vitamin C-Plus Super Serum, Anti Aging Anti-Wrinkle Facial Serum with Niacinamide, Retinol, Hyaluronic Acid, and Salicylic Acid, 1 oz",
        "price": "$24.79",
        "listPrice": "$29.95",
        "imageUrl": "https://m.media-amazon.com/images/I/41g-imTumsL._SL160_.jpg",
        "detailPageURL": "https://www.amazon.com/dp/B01KMSTCWG",
        "rating": "4.5",
        "totalReviews": "11851",
        "subtitle": "TruSkin Naturals",
        "isPrimeEligible": "1"
    },
    {
        "ASIN": "B01MA35EGM",
        "title": "DERMA E Vitamin C Concentrated Serum with Hyaluronic Acid \u2013 All Natural, Antioxidant-Rich Concentrated Facial Serum \u2013 Firming and Brightening Skin Serum, 2oz",
        "price": "$16.48",
        "listPrice": "$24.95",
        "imageUrl": "https://m.media-amazon.com/images/I/31sD8ZJgIRL._SL160_.jpg",
        "detailPageURL": "https://www.amazon.com/dp/B01MA35EGM",
        "rating": "4.5",
        "totalReviews": "5931",
        "subtitle": "DERMA-E",
        "isPrimeEligible": "1"
    },
    {
        "ASIN": "B01AH4MJ02",
        "title": "Cosmedica Hyaluronic Acid Serum for Skin \u2013 4 Fl. Oz Hydrating Facial Moisturizer with Anti-Aging Skin Care Properties. Beauty and Skin Care",
        "price": "$23.95 ($5.99 / Fl. Oz)",
        "listPrice": "",
        "imageUrl": "https://m.media-amazon.com/images/I/41zh-S08-zL._SL160_.jpg",
        "detailPageURL": "https://www.amazon.com/dp/B01AH4MJ02",
        "rating": "4.4",
        "totalReviews": "39553",
        "subtitle": "Cosmedica Skincare",
        "isPrimeEligible": "1"
    },
    {
        "ASIN": "B0BVRP97DV",
        "title": "Vitamin C Face Serum - CE Ferulic Facial Serum with 15% Pure L-Ascorbic Acid, Ferulic Acid, Vitamin E, & Hyaluronic Acid - Anti Aging, Anti Wrinkle Skin Brightening Serum, Dark Spot Corrector, 30ml/1oz.",
        "price": "$19.99 ($19.99 / Fl Oz)",
        "listPrice": "",
        "imageUrl": "https://m.media-amazon.com/images/I/41PYQU3qDyL._SL160_.jpg",
        "detailPageURL": "https://www.amazon.com/dp/B0BVRP97DV",
        "rating": "4.8",
        "totalReviews": "362",
        "subtitle": "Lanmeri",
        "isPrimeEligible": "1"
    },
    {
        "ASIN": "B012Q4M3DO",
        "title": "artnaturals Anti-Aging Vitamin C Serum - (1 Fl Oz / 30ml) - with Hyaluronic Acid and Vit E - Wrinkle Repairs Dark Circles, Fades Age Spots and Sun Damage - Enhanced 20% Vitamin C",
        "price": "$12.99",
        "listPrice": "$19.99",
        "imageUrl": "https://m.media-amazon.com/images/I/51bgHW-OvFL._SL160_.jpg",
        "detailPageURL": "https://www.amazon.com/dp/B012Q4M3DO",
        "rating": "4.4",
        "totalReviews": "7982",
        "subtitle": "Artnaturals",
        "isPrimeEligible": "1"
    },
    {
        "ASIN": "B00S2G786S",
        "title": "Tree of Life Vitamin C Serum for Face - 1 Fl Oz Skin Care Serums - Moisturizing Vitamin E for Brightening & Smoothing Dry Skin, Anti-Aging, Wrinkles & Dark Spot, Sensitive Skin - Dermatologist-Tested",
        "price": "$15.49",
        "listPrice": "$19.49",
        "imageUrl": "https://m.media-amazon.com/images/I/51hOKLjs1AL._SL160_.jpg",
        "detailPageURL": "https://www.amazon.com/dp/B00S2G786S",
        "rating": "4.4",
        "totalReviews": "32452",
        "subtitle": "Tree of Life Beauty",
        "isPrimeEligible": "1"
    },
    {
        "ASIN": "B08QRY56CQ",
        "title": "Retinol Serum for Face 2.5%, B5 Herbal Resurfacing Retinol Serum with Vitamin C, Vitamin E, Hyaluronic Acid, Serum for Anti-Aging, Wrinkle Smoothing, Dark Spot Corrector, Brighten Dullness",
        "price": "$13.99 ($13.99 / Fl Oz)",
        "listPrice": "",
        "imageUrl": "https://m.media-amazon.com/images/I/31nno5UfI+L._SL160_.jpg",
        "detailPageURL": "https://www.amazon.com/dp/B08QRY56CQ",
        "rating": "4.6",
        "totalReviews": "715",
        "subtitle": "+1HEROLABS",
        "isPrimeEligible": "1"
    },
    {
        "ASIN": "B019QQR0JW",
        "title": "Timeless Skin Care Matrixyl Synthe\u20196 Serum - 1 oz",
        "price": "$18.39",
        "listPrice": "$27.95",
        "imageUrl": "https://m.media-amazon.com/images/I/31+BIbQVqHL._SL160_.jpg",
        "detailPageURL": "https://www.amazon.com/dp/B019QQR0JW",
        "rating": "4.7",
        "totalReviews": "2695",
        "subtitle": "Timeless Skin Care",
        "isPrimeEligible": "1"
    },
    {
        "ASIN": "B07ZGJQZ8G",
        "title": "COSRX Propolis Ampoule, Glow Boosting Serum for Face with 73.5% Propolis Extract, 1.01 fl.oz / 30ml, Hydrating Essence for Sentsitive Skin, Fine Lines, Uneven Skintone, Not Tested on Animals, No Parabens, No Sulfates, No Phthalates, Korean Skincare",
        "price": "$15.80 ($15.64 / Fl Oz)",
        "listPrice": "$28.00 ($27.72 / Fl Oz)",
        "imageUrl": "https://m.media-amazon.com/images/I/31BPtWi3sfL._SL160_.jpg",
        "detailPageURL": "https://www.amazon.com/dp/B07ZGJQZ8G",
        "rating": "4.6",
        "totalReviews": "1684",
        "subtitle": "COSRX",
        "isPrimeEligible": "1"
    },
    {
        "ASIN": "B01KMSTCWG",
        "title": "TruSkin Vitamin C-Plus Super Serum, Anti Aging Anti-Wrinkle Facial Serum with Niacinamide, Retinol, Hyaluronic Acid, and Salicylic Acid, 1 oz",
        "price": "$24.79",
        "listPrice": "$29.95",
        "imageUrl": "https://m.media-amazon.com/images/I/41g-imTumsL._SL160_.jpg",
        "detailPageURL": "https://www.amazon.com/dp/B01KMSTCWG",
        "rating": "4.5",
        "totalReviews": "11851",
        "subtitle": "TruSkin Naturals",
        "isPrimeEligible": "1"
    },
    {
        "ASIN": "B01MA35EGM",
        "title": "DERMA E Vitamin C Concentrated Serum with Hyaluronic Acid \u2013 All Natural, Antioxidant-Rich Concentrated Facial Serum \u2013 Firming and Brightening Skin Serum, 2oz",
        "price": "$16.48",
        "listPrice": "$24.95",
        "imageUrl": "https://m.media-amazon.com/images/I/31sD8ZJgIRL._SL160_.jpg",
        "detailPageURL": "https://www.amazon.com/dp/B01MA35EGM",
        "rating": "4.5",
        "totalReviews": "5931",
        "subtitle": "DERMA-E",
        "isPrimeEligible": "1"
    },
    {
        "ASIN": "B01AH4MJ02",
        "title": "Cosmedica Hyaluronic Acid Serum for Skin \u2013 4 Fl. Oz Hydrating Facial Moisturizer with Anti-Aging Skin Care Properties. Beauty and Skin Care",
        "price": "$23.95 ($5.99 / Fl. Oz)",
        "listPrice": "",
        "imageUrl": "https://m.media-amazon.com/images/I/41zh-S08-zL._SL160_.jpg",
        "detailPageURL": "https://www.amazon.com/dp/B01AH4MJ02",
        "rating": "4.4",
        "totalReviews": "39553",
        "subtitle": "Cosmedica Skincare",
        "isPrimeEligible": "1"
    },
    {
        "ASIN": "B0BVRP97DV",
        "title": "Vitamin C Face Serum - CE Ferulic Facial Serum with 15% Pure L-Ascorbic Acid, Ferulic Acid, Vitamin E, & Hyaluronic Acid - Anti Aging, Anti Wrinkle Skin Brightening Serum, Dark Spot Corrector, 30ml/1oz.",
        "price": "$19.99 ($19.99 / Fl Oz)",
        "listPrice": "",
        "imageUrl": "https://m.media-amazon.com/images/I/41PYQU3qDyL._SL160_.jpg",
        "detailPageURL": "https://www.amazon.com/dp/B0BVRP97DV",
        "rating": "4.8",
        "totalReviews": "362",
        "subtitle": "Lanmeri",
        "isPrimeEligible": "1"
    },
    {
        "ASIN": "B012Q4M3DO",
        "title": "artnaturals Anti-Aging Vitamin C Serum - (1 Fl Oz / 30ml) - with Hyaluronic Acid and Vit E - Wrinkle Repairs Dark Circles, Fades Age Spots and Sun Damage - Enhanced 20% Vitamin C",
        "price": "$12.99",
        "listPrice": "$19.99",
        "imageUrl": "https://m.media-amazon.com/images/I/51bgHW-OvFL._SL160_.jpg",
        "detailPageURL": "https://www.amazon.com/dp/B012Q4M3DO",
        "rating": "4.4",
        "totalReviews": "7982",
        "subtitle": "Artnaturals",
        "isPrimeEligible": "1"
    },
    {
        "ASIN": "B00S2G786S",
        "title": "Tree of Life Vitamin C Serum for Face - 1 Fl Oz Skin Care Serums - Moisturizing Vitamin E for Brightening & Smoothing Dry Skin, Anti-Aging, Wrinkles & Dark Spot, Sensitive Skin - Dermatologist-Tested",
        "price": "$15.49",
        "listPrice": "$19.49",
        "imageUrl": "https://m.media-amazon.com/images/I/51hOKLjs1AL._SL160_.jpg",
        "detailPageURL": "https://www.amazon.com/dp/B00S2G786S",
        "rating": "4.4",
        "totalReviews": "32452",
        "subtitle": "Tree of Life Beauty",
        "isPrimeEligible": "1"
    },
    {
        "ASIN": "B08QRY56CQ",
        "title": "Retinol Serum for Face 2.5%, B5 Herbal Resurfacing Retinol Serum with Vitamin C, Vitamin E, Hyaluronic Acid, Serum for Anti-Aging, Wrinkle Smoothing, Dark Spot Corrector, Brighten Dullness",
        "price": "$13.99 ($13.99 / Fl Oz)",
        "listPrice": "",
        "imageUrl": "https://m.media-amazon.com/images/I/31nno5UfI+L._SL160_.jpg",
        "detailPageURL": "https://www.amazon.com/dp/B08QRY56CQ",
        "rating": "4.6",
        "totalReviews": "715",
        "subtitle": "+1HEROLABS",
        "isPrimeEligible": "1"
    },
    {
        "ASIN": "B001P7AWXC",
        "title": "Caudalie Vinoperfect Radiance Dark Spot Serum - 62x more effective than Vitamin C (Serum)",
        "price": "$82.00 ($82.00 / Count)",
        "listPrice": "",
        "imageUrl": "https://m.media-amazon.com/images/I/31tnxXPiQ2L._SL160_.jpg",
        "detailPageURL": "https://www.amazon.com/dp/B001P7AWXC",
        "rating": "4.3",
        "totalReviews": "2295",
        "subtitle": "",
        "isPrimeEligible": "1"
    },
    {
        "ASIN": "B07ZGJQZ8G",
        "title": "COSRX Propolis Ampoule, Glow Boosting Serum for Face with 73.5% Propolis Extract, 1.01 fl.oz / 30ml, Hydrating Essence for Sentsitive Skin, Fine Lines, Uneven Skintone, Not Tested on Animals, No Parabens, No Sulfates, No Phthalates, Korean Skincare",
        "price": "$15.80 ($15.64 / Fl Oz)",
        "listPrice": "$28.00 ($27.72 / Fl Oz)",
        "imageUrl": "https://m.media-amazon.com/images/I/31BPtWi3sfL._SL160_.jpg",
        "detailPageURL": "https://www.amazon.com/dp/B07ZGJQZ8G",
        "rating": "4.6",
        "totalReviews": "1684",
        "subtitle": "COSRX",
        "isPrimeEligible": "1"
    },
    {
        "ASIN": "B01KMSTCWG",
        "title": "TruSkin Vitamin C-Plus Super Serum, Anti Aging Anti-Wrinkle Facial Serum with Niacinamide, Retinol, Hyaluronic Acid, and Salicylic Acid, 1 oz",
        "price": "$24.79",
        "listPrice": "$29.95",
        "imageUrl": "https://m.media-amazon.com/images/I/41g-imTumsL._SL160_.jpg",
        "detailPageURL": "https://www.amazon.com/dp/B01KMSTCWG",
        "rating": "4.5",
        "totalReviews": "11851",
        "subtitle": "TruSkin Naturals",
        "isPrimeEligible": "1"
    },
    {
        "ASIN": "B01MA35EGM",
        "title": "DERMA E Vitamin C Concentrated Serum with Hyaluronic Acid \u2013 All Natural, Antioxidant-Rich Concentrated Facial Serum \u2013 Firming and Brightening Skin Serum, 2oz",
        "price": "$16.48",
        "listPrice": "$24.95",
        "imageUrl": "https://m.media-amazon.com/images/I/31sD8ZJgIRL._SL160_.jpg",
        "detailPageURL": "https://www.amazon.com/dp/B01MA35EGM",
        "rating": "4.5",
        "totalReviews": "5931",
        "subtitle": "DERMA-E",
        "isPrimeEligible": "1"
    },
    {
        "ASIN": "B01AH4MJ02",
        "title": "Cosmedica Hyaluronic Acid Serum for Skin \u2013 4 Fl. Oz Hydrating Facial Moisturizer with Anti-Aging Skin Care Properties. Beauty and Skin Care",
        "price": "$23.95 ($5.99 / Fl. Oz)",
        "listPrice": "",
        "imageUrl": "https://m.media-amazon.com/images/I/41zh-S08-zL._SL160_.jpg",
        "detailPageURL": "https://www.amazon.com/dp/B01AH4MJ02",
        "rating": "4.4",
        "totalReviews": "39553",
        "subtitle": "Cosmedica Skincare",
        "isPrimeEligible": "1"
    },
    {
        "ASIN": "B0BVRP97DV",
        "title": "Vitamin C Face Serum - CE Ferulic Facial Serum with 15% Pure L-Ascorbic Acid, Ferulic Acid, Vitamin E, & Hyaluronic Acid - Anti Aging, Anti Wrinkle Skin Brightening Serum, Dark Spot Corrector, 30ml/1oz.",
        "price": "$19.99 ($19.99 / Fl Oz)",
        "listPrice": "",
        "imageUrl": "https://m.media-amazon.com/images/I/41PYQU3qDyL._SL160_.jpg",
        "detailPageURL": "https://www.amazon.com/dp/B0BVRP97DV",
        "rating": "4.8",
        "totalReviews": "362",
        "subtitle": "Lanmeri",
        "isPrimeEligible": "1"
    },
    {
        "ASIN": "B012Q4M3DO",
        "title": "artnaturals Anti-Aging Vitamin C Serum - (1 Fl Oz / 30ml) - with Hyaluronic Acid and Vit E - Wrinkle Repairs Dark Circles, Fades Age Spots and Sun Damage - Enhanced 20% Vitamin C",
        "price": "$12.99",
        "listPrice": "$19.99",
        "imageUrl": "https://m.media-amazon.com/images/I/51bgHW-OvFL._SL160_.jpg",
        "detailPageURL": "https://www.amazon.com/dp/B012Q4M3DO",
        "rating": "4.4",
        "totalReviews": "7982",
        "subtitle": "Artnaturals",
        "isPrimeEligible": "1"
    },
    {
        "ASIN": "B00S2G786S",
        "title": "Tree of Life Vitamin C Serum for Face - 1 Fl Oz Skin Care Serums - Moisturizing Vitamin E for Brightening & Smoothing Dry Skin, Anti-Aging, Wrinkles & Dark Spot, Sensitive Skin - Dermatologist-Tested",
        "price": "$15.49",
        "listPrice": "$19.49",
        "imageUrl": "https://m.media-amazon.com/images/I/51hOKLjs1AL._SL160_.jpg",
        "detailPageURL": "https://www.amazon.com/dp/B00S2G786S",
        "rating": "4.4",
        "totalReviews": "32452",
        "subtitle": "Tree of Life Beauty",
        "isPrimeEligible": "1"
    },
    {
        "ASIN": "B08QRY56CQ",
        "title": "Retinol Serum for Face 2.5%, B5 Herbal Resurfacing Retinol Serum with Vitamin C, Vitamin E, Hyaluronic Acid, Serum for Anti-Aging, Wrinkle Smoothing, Dark Spot Corrector, Brighten Dullness",
        "price": "$13.99 ($13.99 / Fl Oz)",
        "listPrice": "",
        "imageUrl": "https://m.media-amazon.com/images/I/31nno5UfI+L._SL160_.jpg",
        "detailPageURL": "https://www.amazon.com/dp/B08QRY56CQ",
        "rating": "4.6",
        "totalReviews": "715",
        "subtitle": "+1HEROLABS",
        "isPrimeEligible": "1"
    },
    {
        "ASIN": "B001P7AWXC",
        "title": "Caudalie Vinoperfect Radiance Dark Spot Serum - 62x more effective than Vitamin C (Serum)",
        "price": "$82.00 ($82.00 / Count)",
        "listPrice": "",
        "imageUrl": "https://m.media-amazon.com/images/I/31tnxXPiQ2L._SL160_.jpg",
        "detailPageURL": "https://www.amazon.com/dp/B001P7AWXC",
        "rating": "4.3",
        "totalReviews": "2295",
        "subtitle": "",
        "isPrimeEligible": "1"
    },
    {
        "ASIN": "B07QFFS6HX",
        "title": "DERMA E Acne Blemish Control Treatment Serum \u2013 Active Salicylic Acid Serum for Face \u2013 Pore-Cleaning Anti-Blemish and Blackhead Treatment for Blemish-Prone Skin, 2 fl oz",
        "price": "$15.00 ($7.50 / Fl Oz)",
        "listPrice": "$20.41 ($10.20 / Fl Oz)",
        "imageUrl": "https://m.media-amazon.com/images/I/41I9+2DiW9L._SL160_.jpg",
        "detailPageURL": "https://www.amazon.com/dp/B07QFFS6HX",
        "rating": "4.4",
        "totalReviews": "922",
        "subtitle": "DERMA-E",
        "isPrimeEligible": "1"
    },
    {
        "ASIN": "B01KMSTCWG",
        "title": "TruSkin Vitamin C-Plus Super Serum, Anti Aging Anti-Wrinkle Facial Serum with Niacinamide, Retinol, Hyaluronic Acid, and Salicylic Acid, 1 oz",
        "price": "$24.79",
        "listPrice": "$29.95",
        "imageUrl": "https://m.media-amazon.com/images/I/41g-imTumsL._SL160_.jpg",
        "detailPageURL": "https://www.amazon.com/dp/B01KMSTCWG",
        "rating": "4.5",
        "totalReviews": "11851",
        "subtitle": "TruSkin Naturals",
        "isPrimeEligible": "1"
    },
    {
        "ASIN": "B01MA35EGM",
        "title": "DERMA E Vitamin C Concentrated Serum with Hyaluronic Acid \u2013 All Natural, Antioxidant-Rich Concentrated Facial Serum \u2013 Firming and Brightening Skin Serum, 2oz",
        "price": "$16.48",
        "listPrice": "$24.95",
        "imageUrl": "https://m.media-amazon.com/images/I/31sD8ZJgIRL._SL160_.jpg",
        "detailPageURL": "https://www.amazon.com/dp/B01MA35EGM",
        "rating": "4.5",
        "totalReviews": "5931",
        "subtitle": "DERMA-E",
        "isPrimeEligible": "1"
    },
    {
        "ASIN": "B01AH4MJ02",
        "title": "Cosmedica Hyaluronic Acid Serum for Skin \u2013 4 Fl. Oz Hydrating Facial Moisturizer with Anti-Aging Skin Care Properties. Beauty and Skin Care",
        "price": "$23.95 ($5.99 / Fl. Oz)",
        "listPrice": "",
        "imageUrl": "https://m.media-amazon.com/images/I/41zh-S08-zL._SL160_.jpg",
        "detailPageURL": "https://www.amazon.com/dp/B01AH4MJ02",
        "rating": "4.4",
        "totalReviews": "39553",
        "subtitle": "Cosmedica Skincare",
        "isPrimeEligible": "1"
    },
    {
        "ASIN": "B0BVRP97DV",
        "title": "Vitamin C Face Serum - CE Ferulic Facial Serum with 15% Pure L-Ascorbic Acid, Ferulic Acid, Vitamin E, & Hyaluronic Acid - Anti Aging, Anti Wrinkle Skin Brightening Serum, Dark Spot Corrector, 30ml/1oz.",
        "price": "$19.99 ($19.99 / Fl Oz)",
        "listPrice": "",
        "imageUrl": "https://m.media-amazon.com/images/I/41PYQU3qDyL._SL160_.jpg",
        "detailPageURL": "https://www.amazon.com/dp/B0BVRP97DV",
        "rating": "4.8",
        "totalReviews": "362",
        "subtitle": "Lanmeri",
        "isPrimeEligible": "1"
    },
    {
        "ASIN": "B012Q4M3DO",
        "title": "artnaturals Anti-Aging Vitamin C Serum - (1 Fl Oz / 30ml) - with Hyaluronic Acid and Vit E - Wrinkle Repairs Dark Circles, Fades Age Spots and Sun Damage - Enhanced 20% Vitamin C",
        "price": "$12.99",
        "listPrice": "$19.99",
        "imageUrl": "https://m.media-amazon.com/images/I/51bgHW-OvFL._SL160_.jpg",
        "detailPageURL": "https://www.amazon.com/dp/B012Q4M3DO",
        "rating": "4.4",
        "totalReviews": "7982",
        "subtitle": "Artnaturals",
        "isPrimeEligible": "1"
    },
    {
        "ASIN": "B00S2G786S",
        "title": "Tree of Life Vitamin C Serum for Face - 1 Fl Oz Skin Care Serums - Moisturizing Vitamin E for Brightening & Smoothing Dry Skin, Anti-Aging, Wrinkles & Dark Spot, Sensitive Skin - Dermatologist-Tested",
        "price": "$15.49",
        "listPrice": "$19.49",
        "imageUrl": "https://m.media-amazon.com/images/I/51hOKLjs1AL._SL160_.jpg",
        "detailPageURL": "https://www.amazon.com/dp/B00S2G786S",
        "rating": "4.4",
        "totalReviews": "32452",
        "subtitle": "Tree of Life Beauty",
        "isPrimeEligible": "1"
    },
    {
        "ASIN": "B08QRY56CQ",
        "title": "Retinol Serum for Face 2.5%, B5 Herbal Resurfacing Retinol Serum with Vitamin C, Vitamin E, Hyaluronic Acid, Serum for Anti-Aging, Wrinkle Smoothing, Dark Spot Corrector, Brighten Dullness",
        "price": "$13.99 ($13.99 / Fl Oz)",
        "listPrice": "",
        "imageUrl": "https://m.media-amazon.com/images/I/31nno5UfI+L._SL160_.jpg",
        "detailPageURL": "https://www.amazon.com/dp/B08QRY56CQ",
        "rating": "4.6",
        "totalReviews": "715",
        "subtitle": "+1HEROLABS",
        "isPrimeEligible": "1"
    },
    {
        "ASIN": "B001P7AWXC",
        "title": "Caudalie Vinoperfect Radiance Dark Spot Serum - 62x more effective than Vitamin C (Serum)",
        "price": "$82.00 ($82.00 / Count)",
        "listPrice": "",
        "imageUrl": "https://m.media-amazon.com/images/I/31tnxXPiQ2L._SL160_.jpg",
        "detailPageURL": "https://www.amazon.com/dp/B001P7AWXC",
        "rating": "4.3",
        "totalReviews": "2295",
        "subtitle": "",
        "isPrimeEligible": "1"
    },
    {
        "ASIN": "B07QFFS6HX",
        "title": "DERMA E Acne Blemish Control Treatment Serum \u2013 Active Salicylic Acid Serum for Face \u2013 Pore-Cleaning Anti-Blemish and Blackhead Treatment for Blemish-Prone Skin, 2 fl oz",
        "price": "$15.00 ($7.50 / Fl Oz)",
        "listPrice": "$20.41 ($10.20 / Fl Oz)",
        "imageUrl": "https://m.media-amazon.com/images/I/41I9+2DiW9L._SL160_.jpg",
        "detailPageURL": "https://www.amazon.com/dp/B07QFFS6HX",
        "rating": "4.4",
        "totalReviews": "922",
        "subtitle": "DERMA-E",
        "isPrimeEligible": "1"
    },
    {
        "ASIN": "B0CD25XNSG",
        "title": "Depology matrixyl 3000 Collagen Boosting Serum, Anti-Wrinkle Serum, Facial Skin Serum Skin Care Products",
        "price": "$40.00 ($39.60 / Fl Oz)",
        "listPrice": "",
        "imageUrl": "https://m.media-amazon.com/images/I/416n9+tMUAL._SL160_.jpg",
        "detailPageURL": "https://www.amazon.com/dp/B0CD25XNSG",
        "rating": "4.7",
        "totalReviews": "43",
        "subtitle": "depology",
        "isPrimeEligible": "1"
    },
    {
        "ASIN": "B01MA35EGM",
        "title": "DERMA E Vitamin C Concentrated Serum with Hyaluronic Acid \u2013 All Natural, Antioxidant-Rich Concentrated Facial Serum \u2013 Firming and Brightening Skin Serum, 2oz",
        "price": "$16.48",
        "listPrice": "$24.95",
        "imageUrl": "https://m.media-amazon.com/images/I/31sD8ZJgIRL._SL160_.jpg",
        "detailPageURL": "https://www.amazon.com/dp/B01MA35EGM",
        "rating": "4.5",
        "totalReviews": "5931",
        "subtitle": "DERMA-E",
        "isPrimeEligible": "1"
    },
    {
        "ASIN": "B01AH4MJ02",
        "title": "Cosmedica Hyaluronic Acid Serum for Skin \u2013 4 Fl. Oz Hydrating Facial Moisturizer with Anti-Aging Skin Care Properties. Beauty and Skin Care",
        "price": "$23.95 ($5.99 / Fl. Oz)",
        "listPrice": "",
        "imageUrl": "https://m.media-amazon.com/images/I/41zh-S08-zL._SL160_.jpg",
        "detailPageURL": "https://www.amazon.com/dp/B01AH4MJ02",
        "rating": "4.4",
        "totalReviews": "39553",
        "subtitle": "Cosmedica Skincare",
        "isPrimeEligible": "1"
    },
    {
        "ASIN": "B0BVRP97DV",
        "title": "Vitamin C Face Serum - CE Ferulic Facial Serum with 15% Pure L-Ascorbic Acid, Ferulic Acid, Vitamin E, & Hyaluronic Acid - Anti Aging, Anti Wrinkle Skin Brightening Serum, Dark Spot Corrector, 30ml/1oz.",
        "price": "$19.99 ($19.99 / Fl Oz)",
        "listPrice": "",
        "imageUrl": "https://m.media-amazon.com/images/I/41PYQU3qDyL._SL160_.jpg",
        "detailPageURL": "https://www.amazon.com/dp/B0BVRP97DV",
        "rating": "4.8",
        "totalReviews": "362",
        "subtitle": "Lanmeri",
        "isPrimeEligible": "1"
    },
    {
        "ASIN": "B012Q4M3DO",
        "title": "artnaturals Anti-Aging Vitamin C Serum - (1 Fl Oz / 30ml) - with Hyaluronic Acid and Vit E - Wrinkle Repairs Dark Circles, Fades Age Spots and Sun Damage - Enhanced 20% Vitamin C",
        "price": "$12.99",
        "listPrice": "$19.99",
        "imageUrl": "https://m.media-amazon.com/images/I/51bgHW-OvFL._SL160_.jpg",
        "detailPageURL": "https://www.amazon.com/dp/B012Q4M3DO",
        "rating": "4.4",
        "totalReviews": "7982",
        "subtitle": "Artnaturals",
        "isPrimeEligible": "1"
    },
    {
        "ASIN": "B00S2G786S",
        "title": "Tree of Life Vitamin C Serum for Face - 1 Fl Oz Skin Care Serums - Moisturizing Vitamin E for Brightening & Smoothing Dry Skin, Anti-Aging, Wrinkles & Dark Spot, Sensitive Skin - Dermatologist-Tested",
        "price": "$15.49",
        "listPrice": "$19.49",
        "imageUrl": "https://m.media-amazon.com/images/I/51hOKLjs1AL._SL160_.jpg",
        "detailPageURL": "https://www.amazon.com/dp/B00S2G786S",
        "rating": "4.4",
        "totalReviews": "32452",
        "subtitle": "Tree of Life Beauty",
        "isPrimeEligible": "1"
    },
    {
        "ASIN": "B08QRY56CQ",
        "title": "Retinol Serum for Face 2.5%, B5 Herbal Resurfacing Retinol Serum with Vitamin C, Vitamin E, Hyaluronic Acid, Serum for Anti-Aging, Wrinkle Smoothing, Dark Spot Corrector, Brighten Dullness",
        "price": "$13.99 ($13.99 / Fl Oz)",
        "listPrice": "",
        "imageUrl": "https://m.media-amazon.com/images/I/31nno5UfI+L._SL160_.jpg",
        "detailPageURL": "https://www.amazon.com/dp/B08QRY56CQ",
        "rating": "4.6",
        "totalReviews": "715",
        "subtitle": "+1HEROLABS",
        "isPrimeEligible": "1"
    },
    {
        "ASIN": "B001P7AWXC",
        "title": "Caudalie Vinoperfect Radiance Dark Spot Serum - 62x more effective than Vitamin C (Serum)",
        "price": "$82.00 ($82.00 / Count)",
        "listPrice": "",
        "imageUrl": "https://m.media-amazon.com/images/I/31tnxXPiQ2L._SL160_.jpg",
        "detailPageURL": "https://www.amazon.com/dp/B001P7AWXC",
        "rating": "4.3",
        "totalReviews": "2295",
        "subtitle": "",
        "isPrimeEligible": "1"
    },
    {
        "ASIN": "B07QFFS6HX",
        "title": "DERMA E Acne Blemish Control Treatment Serum \u2013 Active Salicylic Acid Serum for Face \u2013 Pore-Cleaning Anti-Blemish and Blackhead Treatment for Blemish-Prone Skin, 2 fl oz",
        "price": "$15.00 ($7.50 / Fl Oz)",
        "listPrice": "$20.41 ($10.20 / Fl Oz)",
        "imageUrl": "https://m.media-amazon.com/images/I/41I9+2DiW9L._SL160_.jpg",
        "detailPageURL": "https://www.amazon.com/dp/B07QFFS6HX",
        "rating": "4.4",
        "totalReviews": "922",
        "subtitle": "DERMA-E",
        "isPrimeEligible": "1"
    },
    {
        "ASIN": "B0CD25XNSG",
        "title": "Depology matrixyl 3000 Collagen Boosting Serum, Anti-Wrinkle Serum, Facial Skin Serum Skin Care Products",
        "price": "$40.00 ($39.60 / Fl Oz)",
        "listPrice": "",
        "imageUrl": "https://m.media-amazon.com/images/I/416n9+tMUAL._SL160_.jpg",
        "detailPageURL": "https://www.amazon.com/dp/B0CD25XNSG",
        "rating": "4.7",
        "totalReviews": "43",
        "subtitle": "depology",
        "isPrimeEligible": "1"
    },
    {
        "ASIN": "B09MRD8GPW",
        "title": "The INKEY List Collagen Peptide Serum, Face Serum to Plump and Firm Skin, Reduce Fine Lines and Wrinkles, 1.01 fl oz",
        "price": "$12.99",
        "listPrice": "",
        "imageUrl": "https://m.media-amazon.com/images/I/41FxzQl6jRL._SL160_.jpg",
        "detailPageURL": "https://www.amazon.com/dp/B09MRD8GPW",
        "rating": "4.4",
        "totalReviews": "534",
        "subtitle": "The INKEY List",
        "isPrimeEligible": "1"
    },
    {
        "ASIN": "B01AH4MJ02",
        "title": "Cosmedica Hyaluronic Acid Serum for Skin \u2013 4 Fl. Oz Hydrating Facial Moisturizer with Anti-Aging Skin Care Properties. Beauty and Skin Care",
        "price": "$23.95 ($5.99 / Fl. Oz)",
        "listPrice": "",
        "imageUrl": "https://m.media-amazon.com/images/I/41zh-S08-zL._SL160_.jpg",
        "detailPageURL": "https://www.amazon.com/dp/B01AH4MJ02",
        "rating": "4.4",
        "totalReviews": "39553",
        "subtitle": "Cosmedica Skincare",
        "isPrimeEligible": "1"
    },
    {
        "ASIN": "B0BVRP97DV",
        "title": "Vitamin C Face Serum - CE Ferulic Facial Serum with 15% Pure L-Ascorbic Acid, Ferulic Acid, Vitamin E, & Hyaluronic Acid - Anti Aging, Anti Wrinkle Skin Brightening Serum, Dark Spot Corrector, 30ml/1oz.",
        "price": "$19.99 ($19.99 / Fl Oz)",
        "listPrice": "",
        "imageUrl": "https://m.media-amazon.com/images/I/41PYQU3qDyL._SL160_.jpg",
        "detailPageURL": "https://www.amazon.com/dp/B0BVRP97DV",
        "rating": "4.8",
        "totalReviews": "362",
        "subtitle": "Lanmeri",
        "isPrimeEligible": "1"
    },
    {
        "ASIN": "B012Q4M3DO",
        "title": "artnaturals Anti-Aging Vitamin C Serum - (1 Fl Oz / 30ml) - with Hyaluronic Acid and Vit E - Wrinkle Repairs Dark Circles, Fades Age Spots and Sun Damage - Enhanced 20% Vitamin C",
        "price": "$12.99",
        "listPrice": "$19.99",
        "imageUrl": "https://m.media-amazon.com/images/I/51bgHW-OvFL._SL160_.jpg",
        "detailPageURL": "https://www.amazon.com/dp/B012Q4M3DO",
        "rating": "4.4",
        "totalReviews": "7982",
        "subtitle": "Artnaturals",
        "isPrimeEligible": "1"
    },
    {
        "ASIN": "B00S2G786S",
        "title": "Tree of Life Vitamin C Serum for Face - 1 Fl Oz Skin Care Serums - Moisturizing Vitamin E for Brightening & Smoothing Dry Skin, Anti-Aging, Wrinkles & Dark Spot, Sensitive Skin - Dermatologist-Tested",
        "price": "$15.49",
        "listPrice": "$19.49",
        "imageUrl": "https://m.media-amazon.com/images/I/51hOKLjs1AL._SL160_.jpg",
        "detailPageURL": "https://www.amazon.com/dp/B00S2G786S",
        "rating": "4.4",
        "totalReviews": "32452",
        "subtitle": "Tree of Life Beauty",
        "isPrimeEligible": "1"
    },
    {
        "ASIN": "B08QRY56CQ",
        "title": "Retinol Serum for Face 2.5%, B5 Herbal Resurfacing Retinol Serum with Vitamin C, Vitamin E, Hyaluronic Acid, Serum for Anti-Aging, Wrinkle Smoothing, Dark Spot Corrector, Brighten Dullness",
        "price": "$13.99 ($13.99 / Fl Oz)",
        "listPrice": "",
        "imageUrl": "https://m.media-amazon.com/images/I/31nno5UfI+L._SL160_.jpg",
        "detailPageURL": "https://www.amazon.com/dp/B08QRY56CQ",
        "rating": "4.6",
        "totalReviews": "715",
        "subtitle": "+1HEROLABS",
        "isPrimeEligible": "1"
    },
    {
        "ASIN": "B001P7AWXC",
        "title": "Caudalie Vinoperfect Radiance Dark Spot Serum - 62x more effective than Vitamin C (Serum)",
        "price": "$82.00 ($82.00 / Count)",
        "listPrice": "",
        "imageUrl": "https://m.media-amazon.com/images/I/31tnxXPiQ2L._SL160_.jpg",
        "detailPageURL": "https://www.amazon.com/dp/B001P7AWXC",
        "rating": "4.3",
        "totalReviews": "2295",
        "subtitle": "",
        "isPrimeEligible": "1"
    },
    {
        "ASIN": "B07QFFS6HX",
        "title": "DERMA E Acne Blemish Control Treatment Serum \u2013 Active Salicylic Acid Serum for Face \u2013 Pore-Cleaning Anti-Blemish and Blackhead Treatment for Blemish-Prone Skin, 2 fl oz",
        "price": "$15.00 ($7.50 / Fl Oz)",
        "listPrice": "$20.41 ($10.20 / Fl Oz)",
        "imageUrl": "https://m.media-amazon.com/images/I/41I9+2DiW9L._SL160_.jpg",
        "detailPageURL": "https://www.amazon.com/dp/B07QFFS6HX",
        "rating": "4.4",
        "totalReviews": "922",
        "subtitle": "DERMA-E",
        "isPrimeEligible": "1"
    },
    {
        "ASIN": "B0CD25XNSG",
        "title": "Depology matrixyl 3000 Collagen Boosting Serum, Anti-Wrinkle Serum, Facial Skin Serum Skin Care Products",
        "price": "$40.00 ($39.60 / Fl Oz)",
        "listPrice": "",
        "imageUrl": "https://m.media-amazon.com/images/I/416n9+tMUAL._SL160_.jpg",
        "detailPageURL": "https://www.amazon.com/dp/B0CD25XNSG",
        "rating": "4.7",
        "totalReviews": "43",
        "subtitle": "depology",
        "isPrimeEligible": "1"
    },
    {
        "ASIN": "B09MRD8GPW",
        "title": "The INKEY List Collagen Peptide Serum, Face Serum to Plump and Firm Skin, Reduce Fine Lines and Wrinkles, 1.01 fl oz",
        "price": "$12.99",
        "listPrice": "",
        "imageUrl": "https://m.media-amazon.com/images/I/41FxzQl6jRL._SL160_.jpg",
        "detailPageURL": "https://www.amazon.com/dp/B09MRD8GPW",
        "rating": "4.4",
        "totalReviews": "534",
        "subtitle": "The INKEY List",
        "isPrimeEligible": "1"
    },
    {
        "ASIN": "B07WZ2YTDP",
        "title": "Torriden DIVE-IN Low-Molecular Hyaluronic Acid Serum, 1.69 fl oz | Fragrance-free Face Serum for Dry, Dehydrated, Oily Skin | Vegan, Clean, Cruelty-Free Korean Skin Care",
        "price": "$24.00 ($14.20 / Fl Oz)",
        "listPrice": "",
        "imageUrl": "https://m.media-amazon.com/images/I/41yZXKD2VyL._SL160_.jpg",
        "detailPageURL": "https://www.amazon.com/dp/B07WZ2YTDP",
        "rating": "4.5",
        "totalReviews": "623",
        "subtitle": "Torriden",
        "isPrimeEligible": "1"
    },
    {
        "ASIN": "B0BVRP97DV",
        "title": "Vitamin C Face Serum - CE Ferulic Facial Serum with 15% Pure L-Ascorbic Acid, Ferulic Acid, Vitamin E, & Hyaluronic Acid - Anti Aging, Anti Wrinkle Skin Brightening Serum, Dark Spot Corrector, 30ml/1oz.",
        "price": "$19.99 ($19.99 / Fl Oz)",
        "listPrice": "",
        "imageUrl": "https://m.media-amazon.com/images/I/41PYQU3qDyL._SL160_.jpg",
        "detailPageURL": "https://www.amazon.com/dp/B0BVRP97DV",
        "rating": "4.8",
        "totalReviews": "362",
        "subtitle": "Lanmeri",
        "isPrimeEligible": "1"
    },
    {
        "ASIN": "B012Q4M3DO",
        "title": "artnaturals Anti-Aging Vitamin C Serum - (1 Fl Oz / 30ml) - with Hyaluronic Acid and Vit E - Wrinkle Repairs Dark Circles, Fades Age Spots and Sun Damage - Enhanced 20% Vitamin C",
        "price": "$12.99",
        "listPrice": "$19.99",
        "imageUrl": "https://m.media-amazon.com/images/I/51bgHW-OvFL._SL160_.jpg",
        "detailPageURL": "https://www.amazon.com/dp/B012Q4M3DO",
        "rating": "4.4",
        "totalReviews": "7982",
        "subtitle": "Artnaturals",
        "isPrimeEligible": "1"
    },
    {
        "ASIN": "B00S2G786S",
        "title": "Tree of Life Vitamin C Serum for Face - 1 Fl Oz Skin Care Serums - Moisturizing Vitamin E for Brightening & Smoothing Dry Skin, Anti-Aging, Wrinkles & Dark Spot, Sensitive Skin - Dermatologist-Tested",
        "price": "$15.49",
        "listPrice": "$19.49",
        "imageUrl": "https://m.media-amazon.com/images/I/51hOKLjs1AL._SL160_.jpg",
        "detailPageURL": "https://www.amazon.com/dp/B00S2G786S",
        "rating": "4.4",
        "totalReviews": "32452",
        "subtitle": "Tree of Life Beauty",
        "isPrimeEligible": "1"
    },
    {
        "ASIN": "B08QRY56CQ",
        "title": "Retinol Serum for Face 2.5%, B5 Herbal Resurfacing Retinol Serum with Vitamin C, Vitamin E, Hyaluronic Acid, Serum for Anti-Aging, Wrinkle Smoothing, Dark Spot Corrector, Brighten Dullness",
        "price": "$13.99 ($13.99 / Fl Oz)",
        "listPrice": "",
        "imageUrl": "https://m.media-amazon.com/images/I/31nno5UfI+L._SL160_.jpg",
        "detailPageURL": "https://www.amazon.com/dp/B08QRY56CQ",
        "rating": "4.6",
        "totalReviews": "715",
        "subtitle": "+1HEROLABS",
        "isPrimeEligible": "1"
    },
    {
        "ASIN": "B001P7AWXC",
        "title": "Caudalie Vinoperfect Radiance Dark Spot Serum - 62x more effective than Vitamin C (Serum)",
        "price": "$82.00 ($82.00 / Count)",
        "listPrice": "",
        "imageUrl": "https://m.media-amazon.com/images/I/31tnxXPiQ2L._SL160_.jpg",
        "detailPageURL": "https://www.amazon.com/dp/B001P7AWXC",
        "rating": "4.3",
        "totalReviews": "2295",
        "subtitle": "",
        "isPrimeEligible": "1"
    },
    {
        "ASIN": "B07QFFS6HX",
        "title": "DERMA E Acne Blemish Control Treatment Serum \u2013 Active Salicylic Acid Serum for Face \u2013 Pore-Cleaning Anti-Blemish and Blackhead Treatment for Blemish-Prone Skin, 2 fl oz",
        "price": "$15.00 ($7.50 / Fl Oz)",
        "listPrice": "$20.41 ($10.20 / Fl Oz)",
        "imageUrl": "https://m.media-amazon.com/images/I/41I9+2DiW9L._SL160_.jpg",
        "detailPageURL": "https://www.amazon.com/dp/B07QFFS6HX",
        "rating": "4.4",
        "totalReviews": "922",
        "subtitle": "DERMA-E",
        "isPrimeEligible": "1"
    },
    {
        "ASIN": "B0CD25XNSG",
        "title": "Depology matrixyl 3000 Collagen Boosting Serum, Anti-Wrinkle Serum, Facial Skin Serum Skin Care Products",
        "price": "$40.00 ($39.60 / Fl Oz)",
        "listPrice": "",
        "imageUrl": "https://m.media-amazon.com/images/I/416n9+tMUAL._SL160_.jpg",
        "detailPageURL": "https://www.amazon.com/dp/B0CD25XNSG",
        "rating": "4.7",
        "totalReviews": "43",
        "subtitle": "depology",
        "isPrimeEligible": "1"
    },
    {
        "ASIN": "B09MRD8GPW",
        "title": "The INKEY List Collagen Peptide Serum, Face Serum to Plump and Firm Skin, Reduce Fine Lines and Wrinkles, 1.01 fl oz",
        "price": "$12.99",
        "listPrice": "",
        "imageUrl": "https://m.media-amazon.com/images/I/41FxzQl6jRL._SL160_.jpg",
        "detailPageURL": "https://www.amazon.com/dp/B09MRD8GPW",
        "rating": "4.4",
        "totalReviews": "534",
        "subtitle": "The INKEY List",
        "isPrimeEligible": "1"
    },
    {
        "ASIN": "B07WZ2YTDP",
        "title": "Torriden DIVE-IN Low-Molecular Hyaluronic Acid Serum, 1.69 fl oz | Fragrance-free Face Serum for Dry, Dehydrated, Oily Skin | Vegan, Clean, Cruelty-Free Korean Skin Care",
        "price": "$24.00 ($14.20 / Fl Oz)",
        "listPrice": "",
        "imageUrl": "https://m.media-amazon.com/images/I/41yZXKD2VyL._SL160_.jpg",
        "detailPageURL": "https://www.amazon.com/dp/B07WZ2YTDP",
        "rating": "4.5",
        "totalReviews": "623",
        "subtitle": "Torriden",
        "isPrimeEligible": "1"
    },
    {
        "ASIN": "B08147245F",
        "title": "Tree of Life Vitamin C Brightening Serum and Hyaluronic Acid Hydrating Serum, Smooth Sailing Facial Serum Duo, Renewing and Smoothing for Face, Clean Dermatologist-Tested Skin care, 2 Count x 1 Fl Oz",
        "price": "$15.49 ($7.74 / Fl Oz)",
        "listPrice": "$19.49 ($9.74 / Fl Oz)",
        "imageUrl": "https://m.media-amazon.com/images/I/51Qd78FdyDL._SL160_.jpg",
        "detailPageURL": "https://www.amazon.com/dp/B08147245F",
        "rating": "4.6",
        "totalReviews": "2440",
        "subtitle": "Tree of Life Beauty",
        "isPrimeEligible": "1"
    },
    {
        "ASIN": "B012Q4M3DO",
        "title": "artnaturals Anti-Aging Vitamin C Serum - (1 Fl Oz / 30ml) - with Hyaluronic Acid and Vit E - Wrinkle Repairs Dark Circles, Fades Age Spots and Sun Damage - Enhanced 20% Vitamin C",
        "price": "$12.99",
        "listPrice": "$19.99",
        "imageUrl": "https://m.media-amazon.com/images/I/51bgHW-OvFL._SL160_.jpg",
        "detailPageURL": "https://www.amazon.com/dp/B012Q4M3DO",
        "rating": "4.4",
        "totalReviews": "7982",
        "subtitle": "Artnaturals",
        "isPrimeEligible": "1"
    },
    {
        "ASIN": "B00S2G786S",
        "title": "Tree of Life Vitamin C Serum for Face - 1 Fl Oz Skin Care Serums - Moisturizing Vitamin E for Brightening & Smoothing Dry Skin, Anti-Aging, Wrinkles & Dark Spot, Sensitive Skin - Dermatologist-Tested",
        "price": "$15.49",
        "listPrice": "$19.49",
        "imageUrl": "https://m.media-amazon.com/images/I/51hOKLjs1AL._SL160_.jpg",
        "detailPageURL": "https://www.amazon.com/dp/B00S2G786S",
        "rating": "4.4",
        "totalReviews": "32452",
        "subtitle": "Tree of Life Beauty",
        "isPrimeEligible": "1"
    },
    {
        "ASIN": "B08QRY56CQ",
        "title": "Retinol Serum for Face 2.5%, B5 Herbal Resurfacing Retinol Serum with Vitamin C, Vitamin E, Hyaluronic Acid, Serum for Anti-Aging, Wrinkle Smoothing, Dark Spot Corrector, Brighten Dullness",
        "price": "$13.99 ($13.99 / Fl Oz)",
        "listPrice": "",
        "imageUrl": "https://m.media-amazon.com/images/I/31nno5UfI+L._SL160_.jpg",
        "detailPageURL": "https://www.amazon.com/dp/B08QRY56CQ",
        "rating": "4.6",
        "totalReviews": "715",
        "subtitle": "+1HEROLABS",
        "isPrimeEligible": "1"
    },
    {
        "ASIN": "B001P7AWXC",
        "title": "Caudalie Vinoperfect Radiance Dark Spot Serum - 62x more effective than Vitamin C (Serum)",
        "price": "$82.00 ($82.00 / Count)",
        "listPrice": "",
        "imageUrl": "https://m.media-amazon.com/images/I/31tnxXPiQ2L._SL160_.jpg",
        "detailPageURL": "https://www.amazon.com/dp/B001P7AWXC",
        "rating": "4.3",
        "totalReviews": "2295",
        "subtitle": "",
        "isPrimeEligible": "1"
    },
    {
        "ASIN": "B07QFFS6HX",
        "title": "DERMA E Acne Blemish Control Treatment Serum \u2013 Active Salicylic Acid Serum for Face \u2013 Pore-Cleaning Anti-Blemish and Blackhead Treatment for Blemish-Prone Skin, 2 fl oz",
        "price": "$15.00 ($7.50 / Fl Oz)",
        "listPrice": "$20.41 ($10.20 / Fl Oz)",
        "imageUrl": "https://m.media-amazon.com/images/I/41I9+2DiW9L._SL160_.jpg",
        "detailPageURL": "https://www.amazon.com/dp/B07QFFS6HX",
        "rating": "4.4",
        "totalReviews": "922",
        "subtitle": "DERMA-E",
        "isPrimeEligible": "1"
    },
    {
        "ASIN": "B0CD25XNSG",
        "title": "Depology matrixyl 3000 Collagen Boosting Serum, Anti-Wrinkle Serum, Facial Skin Serum Skin Care Products",
        "price": "$40.00 ($39.60 / Fl Oz)",
        "listPrice": "",
        "imageUrl": "https://m.media-amazon.com/images/I/416n9+tMUAL._SL160_.jpg",
        "detailPageURL": "https://www.amazon.com/dp/B0CD25XNSG",
        "rating": "4.7",
        "totalReviews": "43",
        "subtitle": "depology",
        "isPrimeEligible": "1"
    },
    {
        "ASIN": "B09MRD8GPW",
        "title": "The INKEY List Collagen Peptide Serum, Face Serum to Plump and Firm Skin, Reduce Fine Lines and Wrinkles, 1.01 fl oz",
        "price": "$12.99",
        "listPrice": "",
        "imageUrl": "https://m.media-amazon.com/images/I/41FxzQl6jRL._SL160_.jpg",
        "detailPageURL": "https://www.amazon.com/dp/B09MRD8GPW",
        "rating": "4.4",
        "totalReviews": "534",
        "subtitle": "The INKEY List",
        "isPrimeEligible": "1"
    },
    {
        "ASIN": "B07WZ2YTDP",
        "title": "Torriden DIVE-IN Low-Molecular Hyaluronic Acid Serum, 1.69 fl oz | Fragrance-free Face Serum for Dry, Dehydrated, Oily Skin | Vegan, Clean, Cruelty-Free Korean Skin Care",
        "price": "$24.00 ($14.20 / Fl Oz)",
        "listPrice": "",
        "imageUrl": "https://m.media-amazon.com/images/I/41yZXKD2VyL._SL160_.jpg",
        "detailPageURL": "https://www.amazon.com/dp/B07WZ2YTDP",
        "rating": "4.5",
        "totalReviews": "623",
        "subtitle": "Torriden",
        "isPrimeEligible": "1"
    },
    {
        "ASIN": "B08147245F",
        "title": "Tree of Life Vitamin C Brightening Serum and Hyaluronic Acid Hydrating Serum, Smooth Sailing Facial Serum Duo, Renewing and Smoothing for Face, Clean Dermatologist-Tested Skin care, 2 Count x 1 Fl Oz",
        "price": "$15.49 ($7.74 / Fl Oz)",
        "listPrice": "$19.49 ($9.74 / Fl Oz)",
        "imageUrl": "https://m.media-amazon.com/images/I/51Qd78FdyDL._SL160_.jpg",
        "detailPageURL": "https://www.amazon.com/dp/B08147245F",
        "rating": "4.6",
        "totalReviews": "2440",
        "subtitle": "Tree of Life Beauty",
        "isPrimeEligible": "1"
    },
    {
        "ASIN": "B00DKF7XPW",
        "title": "Mad Hippie Vitamin C Serum for Face with Hyaluronic Acid, Vitamin E & Ferulic Acid - Vitamin C Face Serum for Women/Men, Skin-Brightening Serum, 1.02 Fl Oz",
        "price": "$27.19 ($26.66 / Fl Oz)",
        "listPrice": "",
        "imageUrl": "https://m.media-amazon.com/images/I/51BpJ0KlGLL._SL160_.jpg",
        "detailPageURL": "https://www.amazon.com/dp/B00DKF7XPW",
        "rating": "4.6",
        "totalReviews": "7412",
        "subtitle": "Mad Hippie",
        "isPrimeEligible": "1"
    },
    {
        "ASIN": "B00S2G786S",
        "title": "Tree of Life Vitamin C Serum for Face - 1 Fl Oz Skin Care Serums - Moisturizing Vitamin E for Brightening & Smoothing Dry Skin, Anti-Aging, Wrinkles & Dark Spot, Sensitive Skin - Dermatologist-Tested",
        "price": "$15.49",
        "listPrice": "$19.49",
        "imageUrl": "https://m.media-amazon.com/images/I/51hOKLjs1AL._SL160_.jpg",
        "detailPageURL": "https://www.amazon.com/dp/B00S2G786S",
        "rating": "4.4",
        "totalReviews": "32452",
        "subtitle": "Tree of Life Beauty",
        "isPrimeEligible": "1"
    },
    {
        "ASIN": "B08QRY56CQ",
        "title": "Retinol Serum for Face 2.5%, B5 Herbal Resurfacing Retinol Serum with Vitamin C, Vitamin E, Hyaluronic Acid, Serum for Anti-Aging, Wrinkle Smoothing, Dark Spot Corrector, Brighten Dullness",
        "price": "$13.99 ($13.99 / Fl Oz)",
        "listPrice": "",
        "imageUrl": "https://m.media-amazon.com/images/I/31nno5UfI+L._SL160_.jpg",
        "detailPageURL": "https://www.amazon.com/dp/B08QRY56CQ",
        "rating": "4.6",
        "totalReviews": "715",
        "subtitle": "+1HEROLABS",
        "isPrimeEligible": "1"
    },
    {
        "ASIN": "B001P7AWXC",
        "title": "Caudalie Vinoperfect Radiance Dark Spot Serum - 62x more effective than Vitamin C (Serum)",
        "price": "$82.00 ($82.00 / Count)",
        "listPrice": "",
        "imageUrl": "https://m.media-amazon.com/images/I/31tnxXPiQ2L._SL160_.jpg",
        "detailPageURL": "https://www.amazon.com/dp/B001P7AWXC",
        "rating": "4.3",
        "totalReviews": "2295",
        "subtitle": "",
        "isPrimeEligible": "1"
    },
    {
        "ASIN": "B07QFFS6HX",
        "title": "DERMA E Acne Blemish Control Treatment Serum \u2013 Active Salicylic Acid Serum for Face \u2013 Pore-Cleaning Anti-Blemish and Blackhead Treatment for Blemish-Prone Skin, 2 fl oz",
        "price": "$15.00 ($7.50 / Fl Oz)",
        "listPrice": "$20.41 ($10.20 / Fl Oz)",
        "imageUrl": "https://m.media-amazon.com/images/I/41I9+2DiW9L._SL160_.jpg",
        "detailPageURL": "https://www.amazon.com/dp/B07QFFS6HX",
        "rating": "4.4",
        "totalReviews": "922",
        "subtitle": "DERMA-E",
        "isPrimeEligible": "1"
    },
    {
        "ASIN": "B0CD25XNSG",
        "title": "Depology matrixyl 3000 Collagen Boosting Serum, Anti-Wrinkle Serum, Facial Skin Serum Skin Care Products",
        "price": "$40.00 ($39.60 / Fl Oz)",
        "listPrice": "",
        "imageUrl": "https://m.media-amazon.com/images/I/416n9+tMUAL._SL160_.jpg",
        "detailPageURL": "https://www.amazon.com/dp/B0CD25XNSG",
        "rating": "4.7",
        "totalReviews": "43",
        "subtitle": "depology",
        "isPrimeEligible": "1"
    },
    {
        "ASIN": "B09MRD8GPW",
        "title": "The INKEY List Collagen Peptide Serum, Face Serum to Plump and Firm Skin, Reduce Fine Lines and Wrinkles, 1.01 fl oz",
        "price": "$12.99",
        "listPrice": "",
        "imageUrl": "https://m.media-amazon.com/images/I/41FxzQl6jRL._SL160_.jpg",
        "detailPageURL": "https://www.amazon.com/dp/B09MRD8GPW",
        "rating": "4.4",
        "totalReviews": "534",
        "subtitle": "The INKEY List",
        "isPrimeEligible": "1"
    },
    {
        "ASIN": "B07WZ2YTDP",
        "title": "Torriden DIVE-IN Low-Molecular Hyaluronic Acid Serum, 1.69 fl oz | Fragrance-free Face Serum for Dry, Dehydrated, Oily Skin | Vegan, Clean, Cruelty-Free Korean Skin Care",
        "price": "$24.00 ($14.20 / Fl Oz)",
        "listPrice": "",
        "imageUrl": "https://m.media-amazon.com/images/I/41yZXKD2VyL._SL160_.jpg",
        "detailPageURL": "https://www.amazon.com/dp/B07WZ2YTDP",
        "rating": "4.5",
        "totalReviews": "623",
        "subtitle": "Torriden",
        "isPrimeEligible": "1"
    },
    {
        "ASIN": "B08147245F",
        "title": "Tree of Life Vitamin C Brightening Serum and Hyaluronic Acid Hydrating Serum, Smooth Sailing Facial Serum Duo, Renewing and Smoothing for Face, Clean Dermatologist-Tested Skin care, 2 Count x 1 Fl Oz",
        "price": "$15.49 ($7.74 / Fl Oz)",
        "listPrice": "$19.49 ($9.74 / Fl Oz)",
        "imageUrl": "https://m.media-amazon.com/images/I/51Qd78FdyDL._SL160_.jpg",
        "detailPageURL": "https://www.amazon.com/dp/B08147245F",
        "rating": "4.6",
        "totalReviews": "2440",
        "subtitle": "Tree of Life Beauty",
        "isPrimeEligible": "1"
    },
    {
        "ASIN": "B00DKF7XPW",
        "title": "Mad Hippie Vitamin C Serum for Face with Hyaluronic Acid, Vitamin E & Ferulic Acid - Vitamin C Face Serum for Women/Men, Skin-Brightening Serum, 1.02 Fl Oz",
        "price": "$27.19 ($26.66 / Fl Oz)",
        "listPrice": "",
        "imageUrl": "https://m.media-amazon.com/images/I/51BpJ0KlGLL._SL160_.jpg",
        "detailPageURL": "https://www.amazon.com/dp/B00DKF7XPW",
        "rating": "4.6",
        "totalReviews": "7412",
        "subtitle": "Mad Hippie",
        "isPrimeEligible": "1"
    },
    {
        "ASIN": "B01I7BJD9C",
        "title": "Asterwood Pure Hyaluronic Acid Serum for Face; Plumping Anti-Aging Face Serum, Hydrating Facial Skin Care Product, Fragrance Free, Pairs Well with Vitamin C Serum & Retinol Serum, 29ml/1 oz",
        "price": "$13.99",
        "listPrice": "",
        "imageUrl": "https://m.media-amazon.com/images/I/31dqe9Siv6L._SL160_.jpg",
        "detailPageURL": "https://www.amazon.com/dp/B01I7BJD9C",
        "rating": "4.5",
        "totalReviews": "23944",
        "subtitle": "ASTERWOOD NATURALS",
        "isPrimeEligible": "1"
    },
    {
        "ASIN": "B08QRY56CQ",
        "title": "Retinol Serum for Face 2.5%, B5 Herbal Resurfacing Retinol Serum with Vitamin C, Vitamin E, Hyaluronic Acid, Serum for Anti-Aging, Wrinkle Smoothing, Dark Spot Corrector, Brighten Dullness",
        "price": "$13.99 ($13.99 / Fl Oz)",
        "listPrice": "",
        "imageUrl": "https://m.media-amazon.com/images/I/31nno5UfI+L._SL160_.jpg",
        "detailPageURL": "https://www.amazon.com/dp/B08QRY56CQ",
        "rating": "4.6",
        "totalReviews": "715",
        "subtitle": "+1HEROLABS",
        "isPrimeEligible": "1"
    },
    {
        "ASIN": "B001P7AWXC",
        "title": "Caudalie Vinoperfect Radiance Dark Spot Serum - 62x more effective than Vitamin C (Serum)",
        "price": "$82.00 ($82.00 / Count)",
        "listPrice": "",
        "imageUrl": "https://m.media-amazon.com/images/I/31tnxXPiQ2L._SL160_.jpg",
        "detailPageURL": "https://www.amazon.com/dp/B001P7AWXC",
        "rating": "4.3",
        "totalReviews": "2295",
        "subtitle": "",
        "isPrimeEligible": "1"
    },
    {
        "ASIN": "B07QFFS6HX",
        "title": "DERMA E Acne Blemish Control Treatment Serum \u2013 Active Salicylic Acid Serum for Face \u2013 Pore-Cleaning Anti-Blemish and Blackhead Treatment for Blemish-Prone Skin, 2 fl oz",
        "price": "$15.00 ($7.50 / Fl Oz)",
        "listPrice": "$20.41 ($10.20 / Fl Oz)",
        "imageUrl": "https://m.media-amazon.com/images/I/41I9+2DiW9L._SL160_.jpg",
        "detailPageURL": "https://www.amazon.com/dp/B07QFFS6HX",
        "rating": "4.4",
        "totalReviews": "922",
        "subtitle": "DERMA-E",
        "isPrimeEligible": "1"
    },
    {
        "ASIN": "B0CD25XNSG",
        "title": "Depology matrixyl 3000 Collagen Boosting Serum, Anti-Wrinkle Serum, Facial Skin Serum Skin Care Products",
        "price": "$40.00 ($39.60 / Fl Oz)",
        "listPrice": "",
        "imageUrl": "https://m.media-amazon.com/images/I/416n9+tMUAL._SL160_.jpg",
        "detailPageURL": "https://www.amazon.com/dp/B0CD25XNSG",
        "rating": "4.7",
        "totalReviews": "43",
        "subtitle": "depology",
        "isPrimeEligible": "1"
    },
    {
        "ASIN": "B09MRD8GPW",
        "title": "The INKEY List Collagen Peptide Serum, Face Serum to Plump and Firm Skin, Reduce Fine Lines and Wrinkles, 1.01 fl oz",
        "price": "$12.99",
        "listPrice": "",
        "imageUrl": "https://m.media-amazon.com/images/I/41FxzQl6jRL._SL160_.jpg",
        "detailPageURL": "https://www.amazon.com/dp/B09MRD8GPW",
        "rating": "4.4",
        "totalReviews": "534",
        "subtitle": "The INKEY List",
        "isPrimeEligible": "1"
    },
    {
        "ASIN": "B07WZ2YTDP",
        "title": "Torriden DIVE-IN Low-Molecular Hyaluronic Acid Serum, 1.69 fl oz | Fragrance-free Face Serum for Dry, Dehydrated, Oily Skin | Vegan, Clean, Cruelty-Free Korean Skin Care",
        "price": "$24.00 ($14.20 / Fl Oz)",
        "listPrice": "",
        "imageUrl": "https://m.media-amazon.com/images/I/41yZXKD2VyL._SL160_.jpg",
        "detailPageURL": "https://www.amazon.com/dp/B07WZ2YTDP",
        "rating": "4.5",
        "totalReviews": "623",
        "subtitle": "Torriden",
        "isPrimeEligible": "1"
    },
    {
        "ASIN": "B08147245F",
        "title": "Tree of Life Vitamin C Brightening Serum and Hyaluronic Acid Hydrating Serum, Smooth Sailing Facial Serum Duo, Renewing and Smoothing for Face, Clean Dermatologist-Tested Skin care, 2 Count x 1 Fl Oz",
        "price": "$15.49 ($7.74 / Fl Oz)",
        "listPrice": "$19.49 ($9.74 / Fl Oz)",
        "imageUrl": "https://m.media-amazon.com/images/I/51Qd78FdyDL._SL160_.jpg",
        "detailPageURL": "https://www.amazon.com/dp/B08147245F",
        "rating": "4.6",
        "totalReviews": "2440",
        "subtitle": "Tree of Life Beauty",
        "isPrimeEligible": "1"
    },
    {
        "ASIN": "B00DKF7XPW",
        "title": "Mad Hippie Vitamin C Serum for Face with Hyaluronic Acid, Vitamin E & Ferulic Acid - Vitamin C Face Serum for Women/Men, Skin-Brightening Serum, 1.02 Fl Oz",
        "price": "$27.19 ($26.66 / Fl Oz)",
        "listPrice": "",
        "imageUrl": "https://m.media-amazon.com/images/I/51BpJ0KlGLL._SL160_.jpg",
        "detailPageURL": "https://www.amazon.com/dp/B00DKF7XPW",
        "rating": "4.6",
        "totalReviews": "7412",
        "subtitle": "Mad Hippie",
        "isPrimeEligible": "1"
    },
    {
        "ASIN": "B01I7BJD9C",
        "title": "Asterwood Pure Hyaluronic Acid Serum for Face; Plumping Anti-Aging Face Serum, Hydrating Facial Skin Care Product, Fragrance Free, Pairs Well with Vitamin C Serum & Retinol Serum, 29ml/1 oz",
        "price": "$13.99",
        "listPrice": "",
        "imageUrl": "https://m.media-amazon.com/images/I/31dqe9Siv6L._SL160_.jpg",
        "detailPageURL": "https://www.amazon.com/dp/B01I7BJD9C",
        "rating": "4.5",
        "totalReviews": "23944",
        "subtitle": "ASTERWOOD NATURALS",
        "isPrimeEligible": "1"
    },
    {
        "ASIN": "B00387F42G",
        "title": "RoC Retinol Correxion Deep Wrinkle Retinol Face Serum with Ascorbic Acid, Daily Anti-Aging Skin Care Treatment for Fine Lines, Dark Spots, Acne Scars, 1 Ounce (Packaging May Vary)",
        "price": "$20.06",
        "listPrice": "$29.99",
        "imageUrl": "https://m.media-amazon.com/images/I/41Tq6T9lCWL._SL160_.jpg",
        "detailPageURL": "https://www.amazon.com/dp/B00387F42G",
        "rating": "4.4",
        "totalReviews": "11637",
        "subtitle": "RoC",
        "isPrimeEligible": "1"
    },
    {
        "ASIN": "B001P7AWXC",
        "title": "Caudalie Vinoperfect Radiance Dark Spot Serum - 62x more effective than Vitamin C (Serum)",
        "price": "$82.00 ($82.00 / Count)",
        "listPrice": "",
        "imageUrl": "https://m.media-amazon.com/images/I/31tnxXPiQ2L._SL160_.jpg",
        "detailPageURL": "https://www.amazon.com/dp/B001P7AWXC",
        "rating": "4.3",
        "totalReviews": "2295",
        "subtitle": "",
        "isPrimeEligible": "1"
    },
    {
        "ASIN": "B07QFFS6HX",
        "title": "DERMA E Acne Blemish Control Treatment Serum \u2013 Active Salicylic Acid Serum for Face \u2013 Pore-Cleaning Anti-Blemish and Blackhead Treatment for Blemish-Prone Skin, 2 fl oz",
        "price": "$15.00 ($7.50 / Fl Oz)",
        "listPrice": "$20.41 ($10.20 / Fl Oz)",
        "imageUrl": "https://m.media-amazon.com/images/I/41I9+2DiW9L._SL160_.jpg",
        "detailPageURL": "https://www.amazon.com/dp/B07QFFS6HX",
        "rating": "4.4",
        "totalReviews": "922",
        "subtitle": "DERMA-E",
        "isPrimeEligible": "1"
    },
    {
        "ASIN": "B0CD25XNSG",
        "title": "Depology matrixyl 3000 Collagen Boosting Serum, Anti-Wrinkle Serum, Facial Skin Serum Skin Care Products",
        "price": "$40.00 ($39.60 / Fl Oz)",
        "listPrice": "",
        "imageUrl": "https://m.media-amazon.com/images/I/416n9+tMUAL._SL160_.jpg",
        "detailPageURL": "https://www.amazon.com/dp/B0CD25XNSG",
        "rating": "4.7",
        "totalReviews": "43",
        "subtitle": "depology",
        "isPrimeEligible": "1"
    },
    {
        "ASIN": "B09MRD8GPW",
        "title": "The INKEY List Collagen Peptide Serum, Face Serum to Plump and Firm Skin, Reduce Fine Lines and Wrinkles, 1.01 fl oz",
        "price": "$12.99",
        "listPrice": "",
        "imageUrl": "https://m.media-amazon.com/images/I/41FxzQl6jRL._SL160_.jpg",
        "detailPageURL": "https://www.amazon.com/dp/B09MRD8GPW",
        "rating": "4.4",
        "totalReviews": "534",
        "subtitle": "The INKEY List",
        "isPrimeEligible": "1"
    },
    {
        "ASIN": "B07WZ2YTDP",
        "title": "Torriden DIVE-IN Low-Molecular Hyaluronic Acid Serum, 1.69 fl oz | Fragrance-free Face Serum for Dry, Dehydrated, Oily Skin | Vegan, Clean, Cruelty-Free Korean Skin Care",
        "price": "$24.00 ($14.20 / Fl Oz)",
        "listPrice": "",
        "imageUrl": "https://m.media-amazon.com/images/I/41yZXKD2VyL._SL160_.jpg",
        "detailPageURL": "https://www.amazon.com/dp/B07WZ2YTDP",
        "rating": "4.5",
        "totalReviews": "623",
        "subtitle": "Torriden",
        "isPrimeEligible": "1"
    },
    {
        "ASIN": "B08147245F",
        "title": "Tree of Life Vitamin C Brightening Serum and Hyaluronic Acid Hydrating Serum, Smooth Sailing Facial Serum Duo, Renewing and Smoothing for Face, Clean Dermatologist-Tested Skin care, 2 Count x 1 Fl Oz",
        "price": "$15.49 ($7.74 / Fl Oz)",
        "listPrice": "$19.49 ($9.74 / Fl Oz)",
        "imageUrl": "https://m.media-amazon.com/images/I/51Qd78FdyDL._SL160_.jpg",
        "detailPageURL": "https://www.amazon.com/dp/B08147245F",
        "rating": "4.6",
        "totalReviews": "2440",
        "subtitle": "Tree of Life Beauty",
        "isPrimeEligible": "1"
    },
    {
        "ASIN": "B00DKF7XPW",
        "title": "Mad Hippie Vitamin C Serum for Face with Hyaluronic Acid, Vitamin E & Ferulic Acid - Vitamin C Face Serum for Women/Men, Skin-Brightening Serum, 1.02 Fl Oz",
        "price": "$27.19 ($26.66 / Fl Oz)",
        "listPrice": "",
        "imageUrl": "https://m.media-amazon.com/images/I/51BpJ0KlGLL._SL160_.jpg",
        "detailPageURL": "https://www.amazon.com/dp/B00DKF7XPW",
        "rating": "4.6",
        "totalReviews": "7412",
        "subtitle": "Mad Hippie",
        "isPrimeEligible": "1"
    },
    {
        "ASIN": "B01I7BJD9C",
        "title": "Asterwood Pure Hyaluronic Acid Serum for Face; Plumping Anti-Aging Face Serum, Hydrating Facial Skin Care Product, Fragrance Free, Pairs Well with Vitamin C Serum & Retinol Serum, 29ml/1 oz",
        "price": "$13.99",
        "listPrice": "",
        "imageUrl": "https://m.media-amazon.com/images/I/31dqe9Siv6L._SL160_.jpg",
        "detailPageURL": "https://www.amazon.com/dp/B01I7BJD9C",
        "rating": "4.5",
        "totalReviews": "23944",
        "subtitle": "ASTERWOOD NATURALS",
        "isPrimeEligible": "1"
    },
    {
        "ASIN": "B00387F42G",
        "title": "RoC Retinol Correxion Deep Wrinkle Retinol Face Serum with Ascorbic Acid, Daily Anti-Aging Skin Care Treatment for Fine Lines, Dark Spots, Acne Scars, 1 Ounce (Packaging May Vary)",
        "price": "$20.06",
        "listPrice": "$29.99",
        "imageUrl": "https://m.media-amazon.com/images/I/41Tq6T9lCWL._SL160_.jpg",
        "detailPageURL": "https://www.amazon.com/dp/B00387F42G",
        "rating": "4.4",
        "totalReviews": "11637",
        "subtitle": "RoC",
        "isPrimeEligible": "1"
    },
    {
        "ASIN": "B0CFB66L21",
        "title": "Advanced Snail Mucin 96% Power Repairing Essence, Snail Mucin Serum, Hydrating Serum For Face With Snail Secretion Filtrate For Dull And Damaged Skin, Anti-Aging & Discoloration Correcting 100 ML",
        "price": "$14.99 ($4.41 / Fl Oz)",
        "listPrice": "",
        "imageUrl": "https://m.media-amazon.com/images/I/419XIseuXGL._SL160_.jpg",
        "detailPageURL": "https://www.amazon.com/dp/B0CFB66L21",
        "rating": "5.0",
        "totalReviews": "15",
        "subtitle": "COSINGKIN",
        "isPrimeEligible": "1"
    },
    {
        "ASIN": "B07QFFS6HX",
        "title": "DERMA E Acne Blemish Control Treatment Serum \u2013 Active Salicylic Acid Serum for Face \u2013 Pore-Cleaning Anti-Blemish and Blackhead Treatment for Blemish-Prone Skin, 2 fl oz",
        "price": "$15.00 ($7.50 / Fl Oz)",
        "listPrice": "$20.41 ($10.20 / Fl Oz)",
        "imageUrl": "https://m.media-amazon.com/images/I/41I9+2DiW9L._SL160_.jpg",
        "detailPageURL": "https://www.amazon.com/dp/B07QFFS6HX",
        "rating": "4.4",
        "totalReviews": "922",
        "subtitle": "DERMA-E",
        "isPrimeEligible": "1"
    },
    {
        "ASIN": "B0CD25XNSG",
        "title": "Depology matrixyl 3000 Collagen Boosting Serum, Anti-Wrinkle Serum, Facial Skin Serum Skin Care Products",
        "price": "$40.00 ($39.60 / Fl Oz)",
        "listPrice": "",
        "imageUrl": "https://m.media-amazon.com/images/I/416n9+tMUAL._SL160_.jpg",
        "detailPageURL": "https://www.amazon.com/dp/B0CD25XNSG",
        "rating": "4.7",
        "totalReviews": "43",
        "subtitle": "depology",
        "isPrimeEligible": "1"
    },
    {
        "ASIN": "B09MRD8GPW",
        "title": "The INKEY List Collagen Peptide Serum, Face Serum to Plump and Firm Skin, Reduce Fine Lines and Wrinkles, 1.01 fl oz",
        "price": "$12.99",
        "listPrice": "",
        "imageUrl": "https://m.media-amazon.com/images/I/41FxzQl6jRL._SL160_.jpg",
        "detailPageURL": "https://www.amazon.com/dp/B09MRD8GPW",
        "rating": "4.4",
        "totalReviews": "534",
        "subtitle": "The INKEY List",
        "isPrimeEligible": "1"
    },
    {
        "ASIN": "B07WZ2YTDP",
        "title": "Torriden DIVE-IN Low-Molecular Hyaluronic Acid Serum, 1.69 fl oz | Fragrance-free Face Serum for Dry, Dehydrated, Oily Skin | Vegan, Clean, Cruelty-Free Korean Skin Care",
        "price": "$24.00 ($14.20 / Fl Oz)",
        "listPrice": "",
        "imageUrl": "https://m.media-amazon.com/images/I/41yZXKD2VyL._SL160_.jpg",
        "detailPageURL": "https://www.amazon.com/dp/B07WZ2YTDP",
        "rating": "4.5",
        "totalReviews": "623",
        "subtitle": "Torriden",
        "isPrimeEligible": "1"
    },
    {
        "ASIN": "B08147245F",
        "title": "Tree of Life Vitamin C Brightening Serum and Hyaluronic Acid Hydrating Serum, Smooth Sailing Facial Serum Duo, Renewing and Smoothing for Face, Clean Dermatologist-Tested Skin care, 2 Count x 1 Fl Oz",
        "price": "$15.49 ($7.74 / Fl Oz)",
        "listPrice": "$19.49 ($9.74 / Fl Oz)",
        "imageUrl": "https://m.media-amazon.com/images/I/51Qd78FdyDL._SL160_.jpg",
        "detailPageURL": "https://www.amazon.com/dp/B08147245F",
        "rating": "4.6",
        "totalReviews": "2440",
        "subtitle": "Tree of Life Beauty",
        "isPrimeEligible": "1"
    },
    {
        "ASIN": "B00DKF7XPW",
        "title": "Mad Hippie Vitamin C Serum for Face with Hyaluronic Acid, Vitamin E & Ferulic Acid - Vitamin C Face Serum for Women/Men, Skin-Brightening Serum, 1.02 Fl Oz",
        "price": "$27.19 ($26.66 / Fl Oz)",
        "listPrice": "",
        "imageUrl": "https://m.media-amazon.com/images/I/51BpJ0KlGLL._SL160_.jpg",
        "detailPageURL": "https://www.amazon.com/dp/B00DKF7XPW",
        "rating": "4.6",
        "totalReviews": "7412",
        "subtitle": "Mad Hippie",
        "isPrimeEligible": "1"
    },
    {
        "ASIN": "B01I7BJD9C",
        "title": "Asterwood Pure Hyaluronic Acid Serum for Face; Plumping Anti-Aging Face Serum, Hydrating Facial Skin Care Product, Fragrance Free, Pairs Well with Vitamin C Serum & Retinol Serum, 29ml/1 oz",
        "price": "$13.99",
        "listPrice": "",
        "imageUrl": "https://m.media-amazon.com/images/I/31dqe9Siv6L._SL160_.jpg",
        "detailPageURL": "https://www.amazon.com/dp/B01I7BJD9C",
        "rating": "4.5",
        "totalReviews": "23944",
        "subtitle": "ASTERWOOD NATURALS",
        "isPrimeEligible": "1"
    },
    {
        "ASIN": "B00387F42G",
        "title": "RoC Retinol Correxion Deep Wrinkle Retinol Face Serum with Ascorbic Acid, Daily Anti-Aging Skin Care Treatment for Fine Lines, Dark Spots, Acne Scars, 1 Ounce (Packaging May Vary)",
        "price": "$20.06",
        "listPrice": "$29.99",
        "imageUrl": "https://m.media-amazon.com/images/I/41Tq6T9lCWL._SL160_.jpg",
        "detailPageURL": "https://www.amazon.com/dp/B00387F42G",
        "rating": "4.4",
        "totalReviews": "11637",
        "subtitle": "RoC",
        "isPrimeEligible": "1"
    },
    {
        "ASIN": "B0CFB66L21",
        "title": "Advanced Snail Mucin 96% Power Repairing Essence, Snail Mucin Serum, Hydrating Serum For Face With Snail Secretion Filtrate For Dull And Damaged Skin, Anti-Aging & Discoloration Correcting 100 ML",
        "price": "$14.99 ($4.41 / Fl Oz)",
        "listPrice": "",
        "imageUrl": "https://m.media-amazon.com/images/I/419XIseuXGL._SL160_.jpg",
        "detailPageURL": "https://www.amazon.com/dp/B0CFB66L21",
        "rating": "5.0",
        "totalReviews": "15",
        "subtitle": "COSINGKIN",
        "isPrimeEligible": "1"
    },
    {
        "ASIN": "B0CFG5F4TV",
        "title": "Praiasol Super C Serum, Vibrance Vitamin C Serum for Face, Vibrance Vit C Serum for Mature Skin, Serum Vitamina C, Vitamin C Face Serum Targets Age Spots, Wrinkles, Smooths Skin.1 fl oz",
        "price": "$22.99 ($22.99 / Fl Oz)",
        "listPrice": "",
        "imageUrl": "https://m.media-amazon.com/images/I/31c+tttOMfL._SL160_.jpg",
        "detailPageURL": "https://www.amazon.com/dp/B0CFG5F4TV",
        "rating": "4.8",
        "totalReviews": "69",
        "subtitle": "Praiasol",
        "isPrimeEligible": "1"
    },
    {
        "ASIN": "B0CD25XNSG",
        "title": "Depology matrixyl 3000 Collagen Boosting Serum, Anti-Wrinkle Serum, Facial Skin Serum Skin Care Products",
        "price": "$40.00 ($39.60 / Fl Oz)",
        "listPrice": "",
        "imageUrl": "https://m.media-amazon.com/images/I/416n9+tMUAL._SL160_.jpg",
        "detailPageURL": "https://www.amazon.com/dp/B0CD25XNSG",
        "rating": "4.7",
        "totalReviews": "43",
        "subtitle": "depology",
        "isPrimeEligible": "1"
    },
    {
        "ASIN": "B09MRD8GPW",
        "title": "The INKEY List Collagen Peptide Serum, Face Serum to Plump and Firm Skin, Reduce Fine Lines and Wrinkles, 1.01 fl oz",
        "price": "$12.99",
        "listPrice": "",
        "imageUrl": "https://m.media-amazon.com/images/I/41FxzQl6jRL._SL160_.jpg",
        "detailPageURL": "https://www.amazon.com/dp/B09MRD8GPW",
        "rating": "4.4",
        "totalReviews": "534",
        "subtitle": "The INKEY List",
        "isPrimeEligible": "1"
    },
    {
        "ASIN": "B07WZ2YTDP",
        "title": "Torriden DIVE-IN Low-Molecular Hyaluronic Acid Serum, 1.69 fl oz | Fragrance-free Face Serum for Dry, Dehydrated, Oily Skin | Vegan, Clean, Cruelty-Free Korean Skin Care",
        "price": "$24.00 ($14.20 / Fl Oz)",
        "listPrice": "",
        "imageUrl": "https://m.media-amazon.com/images/I/41yZXKD2VyL._SL160_.jpg",
        "detailPageURL": "https://www.amazon.com/dp/B07WZ2YTDP",
        "rating": "4.5",
        "totalReviews": "623",
        "subtitle": "Torriden",
        "isPrimeEligible": "1"
    },
    {
        "ASIN": "B08147245F",
        "title": "Tree of Life Vitamin C Brightening Serum and Hyaluronic Acid Hydrating Serum, Smooth Sailing Facial Serum Duo, Renewing and Smoothing for Face, Clean Dermatologist-Tested Skin care, 2 Count x 1 Fl Oz",
        "price": "$15.49 ($7.74 / Fl Oz)",
        "listPrice": "$19.49 ($9.74 / Fl Oz)",
        "imageUrl": "https://m.media-amazon.com/images/I/51Qd78FdyDL._SL160_.jpg",
        "detailPageURL": "https://www.amazon.com/dp/B08147245F",
        "rating": "4.6",
        "totalReviews": "2440",
        "subtitle": "Tree of Life Beauty",
        "isPrimeEligible": "1"
    },
    {
        "ASIN": "B00DKF7XPW",
        "title": "Mad Hippie Vitamin C Serum for Face with Hyaluronic Acid, Vitamin E & Ferulic Acid - Vitamin C Face Serum for Women/Men, Skin-Brightening Serum, 1.02 Fl Oz",
        "price": "$27.19 ($26.66 / Fl Oz)",
        "listPrice": "",
        "imageUrl": "https://m.media-amazon.com/images/I/51BpJ0KlGLL._SL160_.jpg",
        "detailPageURL": "https://www.amazon.com/dp/B00DKF7XPW",
        "rating": "4.6",
        "totalReviews": "7412",
        "subtitle": "Mad Hippie",
        "isPrimeEligible": "1"
    },
    {
        "ASIN": "B01I7BJD9C",
        "title": "Asterwood Pure Hyaluronic Acid Serum for Face; Plumping Anti-Aging Face Serum, Hydrating Facial Skin Care Product, Fragrance Free, Pairs Well with Vitamin C Serum & Retinol Serum, 29ml/1 oz",
        "price": "$13.99",
        "listPrice": "",
        "imageUrl": "https://m.media-amazon.com/images/I/31dqe9Siv6L._SL160_.jpg",
        "detailPageURL": "https://www.amazon.com/dp/B01I7BJD9C",
        "rating": "4.5",
        "totalReviews": "23944",
        "subtitle": "ASTERWOOD NATURALS",
        "isPrimeEligible": "1"
    },
    {
        "ASIN": "B00387F42G",
        "title": "RoC Retinol Correxion Deep Wrinkle Retinol Face Serum with Ascorbic Acid, Daily Anti-Aging Skin Care Treatment for Fine Lines, Dark Spots, Acne Scars, 1 Ounce (Packaging May Vary)",
        "price": "$20.06",
        "listPrice": "$29.99",
        "imageUrl": "https://m.media-amazon.com/images/I/41Tq6T9lCWL._SL160_.jpg",
        "detailPageURL": "https://www.amazon.com/dp/B00387F42G",
        "rating": "4.4",
        "totalReviews": "11637",
        "subtitle": "RoC",
        "isPrimeEligible": "1"
    },
    {
        "ASIN": "B0CFB66L21",
        "title": "Advanced Snail Mucin 96% Power Repairing Essence, Snail Mucin Serum, Hydrating Serum For Face With Snail Secretion Filtrate For Dull And Damaged Skin, Anti-Aging & Discoloration Correcting 100 ML",
        "price": "$14.99 ($4.41 / Fl Oz)",
        "listPrice": "",
        "imageUrl": "https://m.media-amazon.com/images/I/419XIseuXGL._SL160_.jpg",
        "detailPageURL": "https://www.amazon.com/dp/B0CFB66L21",
        "rating": "5.0",
        "totalReviews": "15",
        "subtitle": "COSINGKIN",
        "isPrimeEligible": "1"
    },
    {
        "ASIN": "B0CFG5F4TV",
        "title": "Praiasol Super C Serum, Vibrance Vitamin C Serum for Face, Vibrance Vit C Serum for Mature Skin, Serum Vitamina C, Vitamin C Face Serum Targets Age Spots, Wrinkles, Smooths Skin.1 fl oz",
        "price": "$22.99 ($22.99 / Fl Oz)",
        "listPrice": "",
        "imageUrl": "https://m.media-amazon.com/images/I/31c+tttOMfL._SL160_.jpg",
        "detailPageURL": "https://www.amazon.com/dp/B0CFG5F4TV",
        "rating": "4.8",
        "totalReviews": "69",
        "subtitle": "Praiasol",
        "isPrimeEligible": "1"
    },
    {
        "ASIN": "B08FSWVXRD",
        "title": "COSRX Niacinamide 5% + Snail Mucin 74% Dual Essence, Anti aging Face Serum for Dull Skin, Hydrating, Brightening, Repairing, 2.70 fl.oz / 80ml, Sensitive Skin, Not Tested on Animals, Korean Skincare",
        "price": "$27.09 ($10.03 / Fl Oz)",
        "listPrice": "",
        "imageUrl": "https://m.media-amazon.com/images/I/31sT87TQVoL._SL160_.jpg",
        "detailPageURL": "https://www.amazon.com/dp/B08FSWVXRD",
        "rating": "4.6",
        "totalReviews": "2047",
        "subtitle": "COSRX",
        "isPrimeEligible": "1"
    },
    {
        "ASIN": "B09MRD8GPW",
        "title": "The INKEY List Collagen Peptide Serum, Face Serum to Plump and Firm Skin, Reduce Fine Lines and Wrinkles, 1.01 fl oz",
        "price": "$12.99",
        "listPrice": "",
        "imageUrl": "https://m.media-amazon.com/images/I/41FxzQl6jRL._SL160_.jpg",
        "detailPageURL": "https://www.amazon.com/dp/B09MRD8GPW",
        "rating": "4.4",
        "totalReviews": "534",
        "subtitle": "The INKEY List",
        "isPrimeEligible": "1"
    },
    {
        "ASIN": "B07WZ2YTDP",
        "title": "Torriden DIVE-IN Low-Molecular Hyaluronic Acid Serum, 1.69 fl oz | Fragrance-free Face Serum for Dry, Dehydrated, Oily Skin | Vegan, Clean, Cruelty-Free Korean Skin Care",
        "price": "$24.00 ($14.20 / Fl Oz)",
        "listPrice": "",
        "imageUrl": "https://m.media-amazon.com/images/I/41yZXKD2VyL._SL160_.jpg",
        "detailPageURL": "https://www.amazon.com/dp/B07WZ2YTDP",
        "rating": "4.5",
        "totalReviews": "623",
        "subtitle": "Torriden",
        "isPrimeEligible": "1"
    },
    {
        "ASIN": "B08147245F",
        "title": "Tree of Life Vitamin C Brightening Serum and Hyaluronic Acid Hydrating Serum, Smooth Sailing Facial Serum Duo, Renewing and Smoothing for Face, Clean Dermatologist-Tested Skin care, 2 Count x 1 Fl Oz",
        "price": "$15.49 ($7.74 / Fl Oz)",
        "listPrice": "$19.49 ($9.74 / Fl Oz)",
        "imageUrl": "https://m.media-amazon.com/images/I/51Qd78FdyDL._SL160_.jpg",
        "detailPageURL": "https://www.amazon.com/dp/B08147245F",
        "rating": "4.6",
        "totalReviews": "2440",
        "subtitle": "Tree of Life Beauty",
        "isPrimeEligible": "1"
    },
    {
        "ASIN": "B00DKF7XPW",
        "title": "Mad Hippie Vitamin C Serum for Face with Hyaluronic Acid, Vitamin E & Ferulic Acid - Vitamin C Face Serum for Women/Men, Skin-Brightening Serum, 1.02 Fl Oz",
        "price": "$27.19 ($26.66 / Fl Oz)",
        "listPrice": "",
        "imageUrl": "https://m.media-amazon.com/images/I/51BpJ0KlGLL._SL160_.jpg",
        "detailPageURL": "https://www.amazon.com/dp/B00DKF7XPW",
        "rating": "4.6",
        "totalReviews": "7412",
        "subtitle": "Mad Hippie",
        "isPrimeEligible": "1"
    },
    {
        "ASIN": "B01I7BJD9C",
        "title": "Asterwood Pure Hyaluronic Acid Serum for Face; Plumping Anti-Aging Face Serum, Hydrating Facial Skin Care Product, Fragrance Free, Pairs Well with Vitamin C Serum & Retinol Serum, 29ml/1 oz",
        "price": "$13.99",
        "listPrice": "",
        "imageUrl": "https://m.media-amazon.com/images/I/31dqe9Siv6L._SL160_.jpg",
        "detailPageURL": "https://www.amazon.com/dp/B01I7BJD9C",
        "rating": "4.5",
        "totalReviews": "23944",
        "subtitle": "ASTERWOOD NATURALS",
        "isPrimeEligible": "1"
    },
    {
        "ASIN": "B00387F42G",
        "title": "RoC Retinol Correxion Deep Wrinkle Retinol Face Serum with Ascorbic Acid, Daily Anti-Aging Skin Care Treatment for Fine Lines, Dark Spots, Acne Scars, 1 Ounce (Packaging May Vary)",
        "price": "$20.06",
        "listPrice": "$29.99",
        "imageUrl": "https://m.media-amazon.com/images/I/41Tq6T9lCWL._SL160_.jpg",
        "detailPageURL": "https://www.amazon.com/dp/B00387F42G",
        "rating": "4.4",
        "totalReviews": "11637",
        "subtitle": "RoC",
        "isPrimeEligible": "1"
    },
    {
        "ASIN": "B0CFB66L21",
        "title": "Advanced Snail Mucin 96% Power Repairing Essence, Snail Mucin Serum, Hydrating Serum For Face With Snail Secretion Filtrate For Dull And Damaged Skin, Anti-Aging & Discoloration Correcting 100 ML",
        "price": "$14.99 ($4.41 / Fl Oz)",
        "listPrice": "",
        "imageUrl": "https://m.media-amazon.com/images/I/419XIseuXGL._SL160_.jpg",
        "detailPageURL": "https://www.amazon.com/dp/B0CFB66L21",
        "rating": "5.0",
        "totalReviews": "15",
        "subtitle": "COSINGKIN",
        "isPrimeEligible": "1"
    },
    {
        "ASIN": "B0CFG5F4TV",
        "title": "Praiasol Super C Serum, Vibrance Vitamin C Serum for Face, Vibrance Vit C Serum for Mature Skin, Serum Vitamina C, Vitamin C Face Serum Targets Age Spots, Wrinkles, Smooths Skin.1 fl oz",
        "price": "$22.99 ($22.99 / Fl Oz)",
        "listPrice": "",
        "imageUrl": "https://m.media-amazon.com/images/I/31c+tttOMfL._SL160_.jpg",
        "detailPageURL": "https://www.amazon.com/dp/B0CFG5F4TV",
        "rating": "4.8",
        "totalReviews": "69",
        "subtitle": "Praiasol",
        "isPrimeEligible": "1"
    },
    {
        "ASIN": "B08FSWVXRD",
        "title": "COSRX Niacinamide 5% + Snail Mucin 74% Dual Essence, Anti aging Face Serum for Dull Skin, Hydrating, Brightening, Repairing, 2.70 fl.oz / 80ml, Sensitive Skin, Not Tested on Animals, Korean Skincare",
        "price": "$27.09 ($10.03 / Fl Oz)",
        "listPrice": "",
        "imageUrl": "https://m.media-amazon.com/images/I/31sT87TQVoL._SL160_.jpg",
        "detailPageURL": "https://www.amazon.com/dp/B08FSWVXRD",
        "rating": "4.6",
        "totalReviews": "2047",
        "subtitle": "COSRX",
        "isPrimeEligible": "1"
    },
    {
        "ASIN": "B0B1WS14XH",
        "title": "PEAUAMIE Travel Face Serum Set Vitamin C Serum,Hyaluronic Acid Serum,Retinol Serum for Dark Spots, Fine Lines and Wrinkles(5ml/3 pack)",
        "price": "$3.99 ($7.98 / Fl Oz)",
        "listPrice": "",
        "imageUrl": "https://m.media-amazon.com/images/I/410+j580ryL._SL160_.jpg",
        "detailPageURL": "https://www.amazon.com/dp/B0B1WS14XH",
        "rating": "4.0",
        "totalReviews": "223",
        "subtitle": "PEAUAMIE",
        "isPrimeEligible": "1"
    },
    {
        "ASIN": "B07WZ2YTDP",
        "title": "Torriden DIVE-IN Low-Molecular Hyaluronic Acid Serum, 1.69 fl oz | Fragrance-free Face Serum for Dry, Dehydrated, Oily Skin | Vegan, Clean, Cruelty-Free Korean Skin Care",
        "price": "$24.00 ($14.20 / Fl Oz)",
        "listPrice": "",
        "imageUrl": "https://m.media-amazon.com/images/I/41yZXKD2VyL._SL160_.jpg",
        "detailPageURL": "https://www.amazon.com/dp/B07WZ2YTDP",
        "rating": "4.5",
        "totalReviews": "623",
        "subtitle": "Torriden",
        "isPrimeEligible": "1"
    },
    {
        "ASIN": "B08147245F",
        "title": "Tree of Life Vitamin C Brightening Serum and Hyaluronic Acid Hydrating Serum, Smooth Sailing Facial Serum Duo, Renewing and Smoothing for Face, Clean Dermatologist-Tested Skin care, 2 Count x 1 Fl Oz",
        "price": "$15.49 ($7.74 / Fl Oz)",
        "listPrice": "$19.49 ($9.74 / Fl Oz)",
        "imageUrl": "https://m.media-amazon.com/images/I/51Qd78FdyDL._SL160_.jpg",
        "detailPageURL": "https://www.amazon.com/dp/B08147245F",
        "rating": "4.6",
        "totalReviews": "2440",
        "subtitle": "Tree of Life Beauty",
        "isPrimeEligible": "1"
    },
    {
        "ASIN": "B00DKF7XPW",
        "title": "Mad Hippie Vitamin C Serum for Face with Hyaluronic Acid, Vitamin E & Ferulic Acid - Vitamin C Face Serum for Women/Men, Skin-Brightening Serum, 1.02 Fl Oz",
        "price": "$27.19 ($26.66 / Fl Oz)",
        "listPrice": "",
        "imageUrl": "https://m.media-amazon.com/images/I/51BpJ0KlGLL._SL160_.jpg",
        "detailPageURL": "https://www.amazon.com/dp/B00DKF7XPW",
        "rating": "4.6",
        "totalReviews": "7412",
        "subtitle": "Mad Hippie",
        "isPrimeEligible": "1"
    },
    {
        "ASIN": "B01I7BJD9C",
        "title": "Asterwood Pure Hyaluronic Acid Serum for Face; Plumping Anti-Aging Face Serum, Hydrating Facial Skin Care Product, Fragrance Free, Pairs Well with Vitamin C Serum & Retinol Serum, 29ml/1 oz",
        "price": "$13.99",
        "listPrice": "",
        "imageUrl": "https://m.media-amazon.com/images/I/31dqe9Siv6L._SL160_.jpg",
        "detailPageURL": "https://www.amazon.com/dp/B01I7BJD9C",
        "rating": "4.5",
        "totalReviews": "23944",
        "subtitle": "ASTERWOOD NATURALS",
        "isPrimeEligible": "1"
    },
    {
        "ASIN": "B00387F42G",
        "title": "RoC Retinol Correxion Deep Wrinkle Retinol Face Serum with Ascorbic Acid, Daily Anti-Aging Skin Care Treatment for Fine Lines, Dark Spots, Acne Scars, 1 Ounce (Packaging May Vary)",
        "price": "$20.06",
        "listPrice": "$29.99",
        "imageUrl": "https://m.media-amazon.com/images/I/41Tq6T9lCWL._SL160_.jpg",
        "detailPageURL": "https://www.amazon.com/dp/B00387F42G",
        "rating": "4.4",
        "totalReviews": "11637",
        "subtitle": "RoC",
        "isPrimeEligible": "1"
    },
    {
        "ASIN": "B0CFB66L21",
        "title": "Advanced Snail Mucin 96% Power Repairing Essence, Snail Mucin Serum, Hydrating Serum For Face With Snail Secretion Filtrate For Dull And Damaged Skin, Anti-Aging & Discoloration Correcting 100 ML",
        "price": "$14.99 ($4.41 / Fl Oz)",
        "listPrice": "",
        "imageUrl": "https://m.media-amazon.com/images/I/419XIseuXGL._SL160_.jpg",
        "detailPageURL": "https://www.amazon.com/dp/B0CFB66L21",
        "rating": "5.0",
        "totalReviews": "15",
        "subtitle": "COSINGKIN",
        "isPrimeEligible": "1"
    },
    {
        "ASIN": "B0CFG5F4TV",
        "title": "Praiasol Super C Serum, Vibrance Vitamin C Serum for Face, Vibrance Vit C Serum for Mature Skin, Serum Vitamina C, Vitamin C Face Serum Targets Age Spots, Wrinkles, Smooths Skin.1 fl oz",
        "price": "$22.99 ($22.99 / Fl Oz)",
        "listPrice": "",
        "imageUrl": "https://m.media-amazon.com/images/I/31c+tttOMfL._SL160_.jpg",
        "detailPageURL": "https://www.amazon.com/dp/B0CFG5F4TV",
        "rating": "4.8",
        "totalReviews": "69",
        "subtitle": "Praiasol",
        "isPrimeEligible": "1"
    },
    {
        "ASIN": "B08FSWVXRD",
        "title": "COSRX Niacinamide 5% + Snail Mucin 74% Dual Essence, Anti aging Face Serum for Dull Skin, Hydrating, Brightening, Repairing, 2.70 fl.oz / 80ml, Sensitive Skin, Not Tested on Animals, Korean Skincare",
        "price": "$27.09 ($10.03 / Fl Oz)",
        "listPrice": "",
        "imageUrl": "https://m.media-amazon.com/images/I/31sT87TQVoL._SL160_.jpg",
        "detailPageURL": "https://www.amazon.com/dp/B08FSWVXRD",
        "rating": "4.6",
        "totalReviews": "2047",
        "subtitle": "COSRX",
        "isPrimeEligible": "1"
    },
    {
        "ASIN": "B0B1WS14XH",
        "title": "PEAUAMIE Travel Face Serum Set Vitamin C Serum,Hyaluronic Acid Serum,Retinol Serum for Dark Spots, Fine Lines and Wrinkles(5ml/3 pack)",
        "price": "$3.99 ($7.98 / Fl Oz)",
        "listPrice": "",
        "imageUrl": "https://m.media-amazon.com/images/I/410+j580ryL._SL160_.jpg",
        "detailPageURL": "https://www.amazon.com/dp/B0B1WS14XH",
        "rating": "4.0",
        "totalReviews": "223",
        "subtitle": "PEAUAMIE",
        "isPrimeEligible": "1"
    },
    {
        "ASIN": "B09VQ6JLGR",
        "title": "47 Skin Hydrating Face Serum for Clearing Acne and Scars, Anti-Blemish & Scar Repair Serum Skincare Treatment with Silver Chitoderm Smooth Skin Moisturiser Serum for All Skin Types 1oz",
        "price": "$44.99",
        "listPrice": "",
        "imageUrl": "https://m.media-amazon.com/images/I/31Ma1JP3MuL._SL160_.jpg",
        "detailPageURL": "https://www.amazon.com/dp/B09VQ6JLGR",
        "rating": "4.1",
        "totalReviews": "118",
        "subtitle": "47 Skin",
        "isPrimeEligible": "1"
    },
    {
        "ASIN": "B08147245F",
        "title": "Tree of Life Vitamin C Brightening Serum and Hyaluronic Acid Hydrating Serum, Smooth Sailing Facial Serum Duo, Renewing and Smoothing for Face, Clean Dermatologist-Tested Skin care, 2 Count x 1 Fl Oz",
        "price": "$15.49 ($7.74 / Fl Oz)",
        "listPrice": "$19.49 ($9.74 / Fl Oz)",
        "imageUrl": "https://m.media-amazon.com/images/I/51Qd78FdyDL._SL160_.jpg",
        "detailPageURL": "https://www.amazon.com/dp/B08147245F",
        "rating": "4.6",
        "totalReviews": "2440",
        "subtitle": "Tree of Life Beauty",
        "isPrimeEligible": "1"
    },
    {
        "ASIN": "B00DKF7XPW",
        "title": "Mad Hippie Vitamin C Serum for Face with Hyaluronic Acid, Vitamin E & Ferulic Acid - Vitamin C Face Serum for Women/Men, Skin-Brightening Serum, 1.02 Fl Oz",
        "price": "$27.19 ($26.66 / Fl Oz)",
        "listPrice": "",
        "imageUrl": "https://m.media-amazon.com/images/I/51BpJ0KlGLL._SL160_.jpg",
        "detailPageURL": "https://www.amazon.com/dp/B00DKF7XPW",
        "rating": "4.6",
        "totalReviews": "7412",
        "subtitle": "Mad Hippie",
        "isPrimeEligible": "1"
    },
    {
        "ASIN": "B01I7BJD9C",
        "title": "Asterwood Pure Hyaluronic Acid Serum for Face; Plumping Anti-Aging Face Serum, Hydrating Facial Skin Care Product, Fragrance Free, Pairs Well with Vitamin C Serum & Retinol Serum, 29ml/1 oz",
        "price": "$13.99",
        "listPrice": "",
        "imageUrl": "https://m.media-amazon.com/images/I/31dqe9Siv6L._SL160_.jpg",
        "detailPageURL": "https://www.amazon.com/dp/B01I7BJD9C",
        "rating": "4.5",
        "totalReviews": "23944",
        "subtitle": "ASTERWOOD NATURALS",
        "isPrimeEligible": "1"
    },
    {
        "ASIN": "B00387F42G",
        "title": "RoC Retinol Correxion Deep Wrinkle Retinol Face Serum with Ascorbic Acid, Daily Anti-Aging Skin Care Treatment for Fine Lines, Dark Spots, Acne Scars, 1 Ounce (Packaging May Vary)",
        "price": "$20.06",
        "listPrice": "$29.99",
        "imageUrl": "https://m.media-amazon.com/images/I/41Tq6T9lCWL._SL160_.jpg",
        "detailPageURL": "https://www.amazon.com/dp/B00387F42G",
        "rating": "4.4",
        "totalReviews": "11637",
        "subtitle": "RoC",
        "isPrimeEligible": "1"
    },
    {
        "ASIN": "B0CFB66L21",
        "title": "Advanced Snail Mucin 96% Power Repairing Essence, Snail Mucin Serum, Hydrating Serum For Face With Snail Secretion Filtrate For Dull And Damaged Skin, Anti-Aging & Discoloration Correcting 100 ML",
        "price": "$14.99 ($4.41 / Fl Oz)",
        "listPrice": "",
        "imageUrl": "https://m.media-amazon.com/images/I/419XIseuXGL._SL160_.jpg",
        "detailPageURL": "https://www.amazon.com/dp/B0CFB66L21",
        "rating": "5.0",
        "totalReviews": "15",
        "subtitle": "COSINGKIN",
        "isPrimeEligible": "1"
    },
    {
        "ASIN": "B0CFG5F4TV",
        "title": "Praiasol Super C Serum, Vibrance Vitamin C Serum for Face, Vibrance Vit C Serum for Mature Skin, Serum Vitamina C, Vitamin C Face Serum Targets Age Spots, Wrinkles, Smooths Skin.1 fl oz",
        "price": "$22.99 ($22.99 / Fl Oz)",
        "listPrice": "",
        "imageUrl": "https://m.media-amazon.com/images/I/31c+tttOMfL._SL160_.jpg",
        "detailPageURL": "https://www.amazon.com/dp/B0CFG5F4TV",
        "rating": "4.8",
        "totalReviews": "69",
        "subtitle": "Praiasol",
        "isPrimeEligible": "1"
    },
    {
        "ASIN": "B08FSWVXRD",
        "title": "COSRX Niacinamide 5% + Snail Mucin 74% Dual Essence, Anti aging Face Serum for Dull Skin, Hydrating, Brightening, Repairing, 2.70 fl.oz / 80ml, Sensitive Skin, Not Tested on Animals, Korean Skincare",
        "price": "$27.09 ($10.03 / Fl Oz)",
        "listPrice": "",
        "imageUrl": "https://m.media-amazon.com/images/I/31sT87TQVoL._SL160_.jpg",
        "detailPageURL": "https://www.amazon.com/dp/B08FSWVXRD",
        "rating": "4.6",
        "totalReviews": "2047",
        "subtitle": "COSRX",
        "isPrimeEligible": "1"
    },
    {
        "ASIN": "B0B1WS14XH",
        "title": "PEAUAMIE Travel Face Serum Set Vitamin C Serum,Hyaluronic Acid Serum,Retinol Serum for Dark Spots, Fine Lines and Wrinkles(5ml/3 pack)",
        "price": "$3.99 ($7.98 / Fl Oz)",
        "listPrice": "",
        "imageUrl": "https://m.media-amazon.com/images/I/410+j580ryL._SL160_.jpg",
        "detailPageURL": "https://www.amazon.com/dp/B0B1WS14XH",
        "rating": "4.0",
        "totalReviews": "223",
        "subtitle": "PEAUAMIE",
        "isPrimeEligible": "1"
    },
    {
        "ASIN": "B09VQ6JLGR",
        "title": "47 Skin Hydrating Face Serum for Clearing Acne and Scars, Anti-Blemish & Scar Repair Serum Skincare Treatment with Silver Chitoderm Smooth Skin Moisturiser Serum for All Skin Types 1oz",
        "price": "$44.99",
        "listPrice": "",
        "imageUrl": "https://m.media-amazon.com/images/I/31Ma1JP3MuL._SL160_.jpg",
        "detailPageURL": "https://www.amazon.com/dp/B09VQ6JLGR",
        "rating": "4.1",
        "totalReviews": "118",
        "subtitle": "47 Skin",
        "isPrimeEligible": "1"
    },
    {
        "ASIN": "B0B3C3TJBF",
        "title": "Neutrogena Hydro Boost + Niacinamide Serum for Face with Hyaluronic Acid & Vitamin B3, Multi-Action Face Serum to Hydrate & Improve Skin Complexion & Refine Look of Pores, Fragrance Free, 1 oz",
        "price": "$14.99",
        "listPrice": "$26.79",
        "imageUrl": "https://m.media-amazon.com/images/I/41z4zXHee9L._SL160_.jpg",
        "detailPageURL": "https://www.amazon.com/dp/B0B3C3TJBF",
        "rating": "4.5",
        "totalReviews": "559",
        "subtitle": "Neutrogena",
        "isPrimeEligible": "1"
    },
    {
        "ASIN": "B00DKF7XPW",
        "title": "Mad Hippie Vitamin C Serum for Face with Hyaluronic Acid, Vitamin E & Ferulic Acid - Vitamin C Face Serum for Women/Men, Skin-Brightening Serum, 1.02 Fl Oz",
        "price": "$27.19 ($26.66 / Fl Oz)",
        "listPrice": "",
        "imageUrl": "https://m.media-amazon.com/images/I/51BpJ0KlGLL._SL160_.jpg",
        "detailPageURL": "https://www.amazon.com/dp/B00DKF7XPW",
        "rating": "4.6",
        "totalReviews": "7412",
        "subtitle": "Mad Hippie",
        "isPrimeEligible": "1"
    },
    {
        "ASIN": "B01I7BJD9C",
        "title": "Asterwood Pure Hyaluronic Acid Serum for Face; Plumping Anti-Aging Face Serum, Hydrating Facial Skin Care Product, Fragrance Free, Pairs Well with Vitamin C Serum & Retinol Serum, 29ml/1 oz",
        "price": "$13.99",
        "listPrice": "",
        "imageUrl": "https://m.media-amazon.com/images/I/31dqe9Siv6L._SL160_.jpg",
        "detailPageURL": "https://www.amazon.com/dp/B01I7BJD9C",
        "rating": "4.5",
        "totalReviews": "23944",
        "subtitle": "ASTERWOOD NATURALS",
        "isPrimeEligible": "1"
    },
    {
        "ASIN": "B00387F42G",
        "title": "RoC Retinol Correxion Deep Wrinkle Retinol Face Serum with Ascorbic Acid, Daily Anti-Aging Skin Care Treatment for Fine Lines, Dark Spots, Acne Scars, 1 Ounce (Packaging May Vary)",
        "price": "$20.06",
        "listPrice": "$29.99",
        "imageUrl": "https://m.media-amazon.com/images/I/41Tq6T9lCWL._SL160_.jpg",
        "detailPageURL": "https://www.amazon.com/dp/B00387F42G",
        "rating": "4.4",
        "totalReviews": "11637",
        "subtitle": "RoC",
        "isPrimeEligible": "1"
    },
    {
        "ASIN": "B0CFB66L21",
        "title": "Advanced Snail Mucin 96% Power Repairing Essence, Snail Mucin Serum, Hydrating Serum For Face With Snail Secretion Filtrate For Dull And Damaged Skin, Anti-Aging & Discoloration Correcting 100 ML",
        "price": "$14.99 ($4.41 / Fl Oz)",
        "listPrice": "",
        "imageUrl": "https://m.media-amazon.com/images/I/419XIseuXGL._SL160_.jpg",
        "detailPageURL": "https://www.amazon.com/dp/B0CFB66L21",
        "rating": "5.0",
        "totalReviews": "15",
        "subtitle": "COSINGKIN",
        "isPrimeEligible": "1"
    },
    {
        "ASIN": "B0CFG5F4TV",
        "title": "Praiasol Super C Serum, Vibrance Vitamin C Serum for Face, Vibrance Vit C Serum for Mature Skin, Serum Vitamina C, Vitamin C Face Serum Targets Age Spots, Wrinkles, Smooths Skin.1 fl oz",
        "price": "$22.99 ($22.99 / Fl Oz)",
        "listPrice": "",
        "imageUrl": "https://m.media-amazon.com/images/I/31c+tttOMfL._SL160_.jpg",
        "detailPageURL": "https://www.amazon.com/dp/B0CFG5F4TV",
        "rating": "4.8",
        "totalReviews": "69",
        "subtitle": "Praiasol",
        "isPrimeEligible": "1"
    },
    {
        "ASIN": "B08FSWVXRD",
        "title": "COSRX Niacinamide 5% + Snail Mucin 74% Dual Essence, Anti aging Face Serum for Dull Skin, Hydrating, Brightening, Repairing, 2.70 fl.oz / 80ml, Sensitive Skin, Not Tested on Animals, Korean Skincare",
        "price": "$27.09 ($10.03 / Fl Oz)",
        "listPrice": "",
        "imageUrl": "https://m.media-amazon.com/images/I/31sT87TQVoL._SL160_.jpg",
        "detailPageURL": "https://www.amazon.com/dp/B08FSWVXRD",
        "rating": "4.6",
        "totalReviews": "2047",
        "subtitle": "COSRX",
        "isPrimeEligible": "1"
    },
    {
        "ASIN": "B0B1WS14XH",
        "title": "PEAUAMIE Travel Face Serum Set Vitamin C Serum,Hyaluronic Acid Serum,Retinol Serum for Dark Spots, Fine Lines and Wrinkles(5ml/3 pack)",
        "price": "$3.99 ($7.98 / Fl Oz)",
        "listPrice": "",
        "imageUrl": "https://m.media-amazon.com/images/I/410+j580ryL._SL160_.jpg",
        "detailPageURL": "https://www.amazon.com/dp/B0B1WS14XH",
        "rating": "4.0",
        "totalReviews": "223",
        "subtitle": "PEAUAMIE",
        "isPrimeEligible": "1"
    },
    {
        "ASIN": "B09VQ6JLGR",
        "title": "47 Skin Hydrating Face Serum for Clearing Acne and Scars, Anti-Blemish & Scar Repair Serum Skincare Treatment with Silver Chitoderm Smooth Skin Moisturiser Serum for All Skin Types 1oz",
        "price": "$44.99",
        "listPrice": "",
        "imageUrl": "https://m.media-amazon.com/images/I/31Ma1JP3MuL._SL160_.jpg",
        "detailPageURL": "https://www.amazon.com/dp/B09VQ6JLGR",
        "rating": "4.1",
        "totalReviews": "118",
        "subtitle": "47 Skin",
        "isPrimeEligible": "1"
    },
    {
        "ASIN": "B0B3C3TJBF",
        "title": "Neutrogena Hydro Boost + Niacinamide Serum for Face with Hyaluronic Acid & Vitamin B3, Multi-Action Face Serum to Hydrate & Improve Skin Complexion & Refine Look of Pores, Fragrance Free, 1 oz",
        "price": "$14.99",
        "listPrice": "$26.79",
        "imageUrl": "https://m.media-amazon.com/images/I/41z4zXHee9L._SL160_.jpg",
        "detailPageURL": "https://www.amazon.com/dp/B0B3C3TJBF",
        "rating": "4.5",
        "totalReviews": "559",
        "subtitle": "Neutrogena",
        "isPrimeEligible": "1"
    },
    {
        "ASIN": "B088419TZG",
        "title": "RoC Retinol Correxion Anti-Aging Wrinkle Night Serum, Daily Line Smoothing Skin Care Treatment for Fine Lines, Dark Spots, Post-Acne Scars, 30 Individual Capsules, Unscented, 0.35 Fl Oz",
        "price": "$20.07 ($57.34 / Fl Oz)",
        "listPrice": "$32.99 ($94.26 / Fl Oz)",
        "imageUrl": "https://m.media-amazon.com/images/I/517MUcrlPyL._SL160_.jpg",
        "detailPageURL": "https://www.amazon.com/dp/B088419TZG",
        "rating": "4.5",
        "totalReviews": "17318",
        "subtitle": "RoC",
        "isPrimeEligible": "1"
    },
    {
        "ASIN": "B01I7BJD9C",
        "title": "Asterwood Pure Hyaluronic Acid Serum for Face; Plumping Anti-Aging Face Serum, Hydrating Facial Skin Care Product, Fragrance Free, Pairs Well with Vitamin C Serum & Retinol Serum, 29ml/1 oz",
        "price": "$13.99",
        "listPrice": "",
        "imageUrl": "https://m.media-amazon.com/images/I/31dqe9Siv6L._SL160_.jpg",
        "detailPageURL": "https://www.amazon.com/dp/B01I7BJD9C",
        "rating": "4.5",
        "totalReviews": "23944",
        "subtitle": "ASTERWOOD NATURALS",
        "isPrimeEligible": "1"
    },
    {
        "ASIN": "B00387F42G",
        "title": "RoC Retinol Correxion Deep Wrinkle Retinol Face Serum with Ascorbic Acid, Daily Anti-Aging Skin Care Treatment for Fine Lines, Dark Spots, Acne Scars, 1 Ounce (Packaging May Vary)",
        "price": "$20.06",
        "listPrice": "$29.99",
        "imageUrl": "https://m.media-amazon.com/images/I/41Tq6T9lCWL._SL160_.jpg",
        "detailPageURL": "https://www.amazon.com/dp/B00387F42G",
        "rating": "4.4",
        "totalReviews": "11637",
        "subtitle": "RoC",
        "isPrimeEligible": "1"
    },
    {
        "ASIN": "B0CFB66L21",
        "title": "Advanced Snail Mucin 96% Power Repairing Essence, Snail Mucin Serum, Hydrating Serum For Face With Snail Secretion Filtrate For Dull And Damaged Skin, Anti-Aging & Discoloration Correcting 100 ML",
        "price": "$14.99 ($4.41 / Fl Oz)",
        "listPrice": "",
        "imageUrl": "https://m.media-amazon.com/images/I/419XIseuXGL._SL160_.jpg",
        "detailPageURL": "https://www.amazon.com/dp/B0CFB66L21",
        "rating": "5.0",
        "totalReviews": "15",
        "subtitle": "COSINGKIN",
        "isPrimeEligible": "1"
    },
    {
        "ASIN": "B0CFG5F4TV",
        "title": "Praiasol Super C Serum, Vibrance Vitamin C Serum for Face, Vibrance Vit C Serum for Mature Skin, Serum Vitamina C, Vitamin C Face Serum Targets Age Spots, Wrinkles, Smooths Skin.1 fl oz",
        "price": "$22.99 ($22.99 / Fl Oz)",
        "listPrice": "",
        "imageUrl": "https://m.media-amazon.com/images/I/31c+tttOMfL._SL160_.jpg",
        "detailPageURL": "https://www.amazon.com/dp/B0CFG5F4TV",
        "rating": "4.8",
        "totalReviews": "69",
        "subtitle": "Praiasol",
        "isPrimeEligible": "1"
    },
    {
        "ASIN": "B08FSWVXRD",
        "title": "COSRX Niacinamide 5% + Snail Mucin 74% Dual Essence, Anti aging Face Serum for Dull Skin, Hydrating, Brightening, Repairing, 2.70 fl.oz / 80ml, Sensitive Skin, Not Tested on Animals, Korean Skincare",
        "price": "$27.09 ($10.03 / Fl Oz)",
        "listPrice": "",
        "imageUrl": "https://m.media-amazon.com/images/I/31sT87TQVoL._SL160_.jpg",
        "detailPageURL": "https://www.amazon.com/dp/B08FSWVXRD",
        "rating": "4.6",
        "totalReviews": "2047",
        "subtitle": "COSRX",
        "isPrimeEligible": "1"
    },
    {
        "ASIN": "B0B1WS14XH",
        "title": "PEAUAMIE Travel Face Serum Set Vitamin C Serum,Hyaluronic Acid Serum,Retinol Serum for Dark Spots, Fine Lines and Wrinkles(5ml/3 pack)",
        "price": "$3.99 ($7.98 / Fl Oz)",
        "listPrice": "",
        "imageUrl": "https://m.media-amazon.com/images/I/410+j580ryL._SL160_.jpg",
        "detailPageURL": "https://www.amazon.com/dp/B0B1WS14XH",
        "rating": "4.0",
        "totalReviews": "223",
        "subtitle": "PEAUAMIE",
        "isPrimeEligible": "1"
    },
    {
        "ASIN": "B09VQ6JLGR",
        "title": "47 Skin Hydrating Face Serum for Clearing Acne and Scars, Anti-Blemish & Scar Repair Serum Skincare Treatment with Silver Chitoderm Smooth Skin Moisturiser Serum for All Skin Types 1oz",
        "price": "$44.99",
        "listPrice": "",
        "imageUrl": "https://m.media-amazon.com/images/I/31Ma1JP3MuL._SL160_.jpg",
        "detailPageURL": "https://www.amazon.com/dp/B09VQ6JLGR",
        "rating": "4.1",
        "totalReviews": "118",
        "subtitle": "47 Skin",
        "isPrimeEligible": "1"
    },
    {
        "ASIN": "B0B3C3TJBF",
        "title": "Neutrogena Hydro Boost + Niacinamide Serum for Face with Hyaluronic Acid & Vitamin B3, Multi-Action Face Serum to Hydrate & Improve Skin Complexion & Refine Look of Pores, Fragrance Free, 1 oz",
        "price": "$14.99",
        "listPrice": "$26.79",
        "imageUrl": "https://m.media-amazon.com/images/I/41z4zXHee9L._SL160_.jpg",
        "detailPageURL": "https://www.amazon.com/dp/B0B3C3TJBF",
        "rating": "4.5",
        "totalReviews": "559",
        "subtitle": "Neutrogena",
        "isPrimeEligible": "1"
    },
    {
        "ASIN": "B088419TZG",
        "title": "RoC Retinol Correxion Anti-Aging Wrinkle Night Serum, Daily Line Smoothing Skin Care Treatment for Fine Lines, Dark Spots, Post-Acne Scars, 30 Individual Capsules, Unscented, 0.35 Fl Oz",
        "price": "$20.07 ($57.34 / Fl Oz)",
        "listPrice": "$32.99 ($94.26 / Fl Oz)",
        "imageUrl": "https://m.media-amazon.com/images/I/517MUcrlPyL._SL160_.jpg",
        "detailPageURL": "https://www.amazon.com/dp/B088419TZG",
        "rating": "4.5",
        "totalReviews": "17318",
        "subtitle": "RoC",
        "isPrimeEligible": "1"
    },
    {
        "ASIN": "B08Z2BJ473",
        "title": "Eight Saints Vitamin C Serum For Face, Anti Aging Face Serum, Hyaluronic Acid, Vitamin E, Organic Aloe Vera and Jojoba Oil, Hydrating & Brightening Serum for Dark Spots, Fine Lines and Wrinkles, 1 oz",
        "price": "$38.00 ($38.00 / Fl Oz)",
        "listPrice": "",
        "imageUrl": "https://m.media-amazon.com/images/I/41cokroMa9L._SL160_.jpg",
        "detailPageURL": "https://www.amazon.com/dp/B08Z2BJ473",
        "rating": "4.7",
        "totalReviews": "995",
        "subtitle": "Eight Saints",
        "isPrimeEligible": "1"
    },
    {
        "ASIN": "B00387F42G",
        "title": "RoC Retinol Correxion Deep Wrinkle Retinol Face Serum with Ascorbic Acid, Daily Anti-Aging Skin Care Treatment for Fine Lines, Dark Spots, Acne Scars, 1 Ounce (Packaging May Vary)",
        "price": "$20.06",
        "listPrice": "$29.99",
        "imageUrl": "https://m.media-amazon.com/images/I/41Tq6T9lCWL._SL160_.jpg",
        "detailPageURL": "https://www.amazon.com/dp/B00387F42G",
        "rating": "4.4",
        "totalReviews": "11637",
        "subtitle": "RoC",
        "isPrimeEligible": "1"
    },
    {
        "ASIN": "B0CFB66L21",
        "title": "Advanced Snail Mucin 96% Power Repairing Essence, Snail Mucin Serum, Hydrating Serum For Face With Snail Secretion Filtrate For Dull And Damaged Skin, Anti-Aging & Discoloration Correcting 100 ML",
        "price": "$14.99 ($4.41 / Fl Oz)",
        "listPrice": "",
        "imageUrl": "https://m.media-amazon.com/images/I/419XIseuXGL._SL160_.jpg",
        "detailPageURL": "https://www.amazon.com/dp/B0CFB66L21",
        "rating": "5.0",
        "totalReviews": "15",
        "subtitle": "COSINGKIN",
        "isPrimeEligible": "1"
    },
    {
        "ASIN": "B0CFG5F4TV",
        "title": "Praiasol Super C Serum, Vibrance Vitamin C Serum for Face, Vibrance Vit C Serum for Mature Skin, Serum Vitamina C, Vitamin C Face Serum Targets Age Spots, Wrinkles, Smooths Skin.1 fl oz",
        "price": "$22.99 ($22.99 / Fl Oz)",
        "listPrice": "",
        "imageUrl": "https://m.media-amazon.com/images/I/31c+tttOMfL._SL160_.jpg",
        "detailPageURL": "https://www.amazon.com/dp/B0CFG5F4TV",
        "rating": "4.8",
        "totalReviews": "69",
        "subtitle": "Praiasol",
        "isPrimeEligible": "1"
    },
    {
        "ASIN": "B08FSWVXRD",
        "title": "COSRX Niacinamide 5% + Snail Mucin 74% Dual Essence, Anti aging Face Serum for Dull Skin, Hydrating, Brightening, Repairing, 2.70 fl.oz / 80ml, Sensitive Skin, Not Tested on Animals, Korean Skincare",
        "price": "$27.09 ($10.03 / Fl Oz)",
        "listPrice": "",
        "imageUrl": "https://m.media-amazon.com/images/I/31sT87TQVoL._SL160_.jpg",
        "detailPageURL": "https://www.amazon.com/dp/B08FSWVXRD",
        "rating": "4.6",
        "totalReviews": "2047",
        "subtitle": "COSRX",
        "isPrimeEligible": "1"
    },
    {
        "ASIN": "B0B1WS14XH",
        "title": "PEAUAMIE Travel Face Serum Set Vitamin C Serum,Hyaluronic Acid Serum,Retinol Serum for Dark Spots, Fine Lines and Wrinkles(5ml/3 pack)",
        "price": "$3.99 ($7.98 / Fl Oz)",
        "listPrice": "",
        "imageUrl": "https://m.media-amazon.com/images/I/410+j580ryL._SL160_.jpg",
        "detailPageURL": "https://www.amazon.com/dp/B0B1WS14XH",
        "rating": "4.0",
        "totalReviews": "223",
        "subtitle": "PEAUAMIE",
        "isPrimeEligible": "1"
    },
    {
        "ASIN": "B09VQ6JLGR",
        "title": "47 Skin Hydrating Face Serum for Clearing Acne and Scars, Anti-Blemish & Scar Repair Serum Skincare Treatment with Silver Chitoderm Smooth Skin Moisturiser Serum for All Skin Types 1oz",
        "price": "$44.99",
        "listPrice": "",
        "imageUrl": "https://m.media-amazon.com/images/I/31Ma1JP3MuL._SL160_.jpg",
        "detailPageURL": "https://www.amazon.com/dp/B09VQ6JLGR",
        "rating": "4.1",
        "totalReviews": "118",
        "subtitle": "47 Skin",
        "isPrimeEligible": "1"
    },
    {
        "ASIN": "B0B3C3TJBF",
        "title": "Neutrogena Hydro Boost + Niacinamide Serum for Face with Hyaluronic Acid & Vitamin B3, Multi-Action Face Serum to Hydrate & Improve Skin Complexion & Refine Look of Pores, Fragrance Free, 1 oz",
        "price": "$14.99",
        "listPrice": "$26.79",
        "imageUrl": "https://m.media-amazon.com/images/I/41z4zXHee9L._SL160_.jpg",
        "detailPageURL": "https://www.amazon.com/dp/B0B3C3TJBF",
        "rating": "4.5",
        "totalReviews": "559",
        "subtitle": "Neutrogena",
        "isPrimeEligible": "1"
    },
    {
        "ASIN": "B088419TZG",
        "title": "RoC Retinol Correxion Anti-Aging Wrinkle Night Serum, Daily Line Smoothing Skin Care Treatment for Fine Lines, Dark Spots, Post-Acne Scars, 30 Individual Capsules, Unscented, 0.35 Fl Oz",
        "price": "$20.07 ($57.34 / Fl Oz)",
        "listPrice": "$32.99 ($94.26 / Fl Oz)",
        "imageUrl": "https://m.media-amazon.com/images/I/517MUcrlPyL._SL160_.jpg",
        "detailPageURL": "https://www.amazon.com/dp/B088419TZG",
        "rating": "4.5",
        "totalReviews": "17318",
        "subtitle": "RoC",
        "isPrimeEligible": "1"
    },
    {
        "ASIN": "B08Z2BJ473",
        "title": "Eight Saints Vitamin C Serum For Face, Anti Aging Face Serum, Hyaluronic Acid, Vitamin E, Organic Aloe Vera and Jojoba Oil, Hydrating & Brightening Serum for Dark Spots, Fine Lines and Wrinkles, 1 oz",
        "price": "$38.00 ($38.00 / Fl Oz)",
        "listPrice": "",
        "imageUrl": "https://m.media-amazon.com/images/I/41cokroMa9L._SL160_.jpg",
        "detailPageURL": "https://www.amazon.com/dp/B08Z2BJ473",
        "rating": "4.7",
        "totalReviews": "995",
        "subtitle": "Eight Saints",
        "isPrimeEligible": "1"
    },
    {
        "ASIN": "B0B57PQFB7",
        "title": "Skin 2.0 Hyaluronic Acid and Collagen Face Serum - Locks in Moisture, Skin Firming & Tightening, Anti-aging, Hydrating Facial Serum - Cruelty Free Korean Skincare For All Skin Types - 1.69 Fl. oz",
        "price": "$9.99 ($5.91 / Fl Oz)",
        "listPrice": "",
        "imageUrl": "https://m.media-amazon.com/images/I/51ooE4TDNsL._SL160_.jpg",
        "detailPageURL": "https://www.amazon.com/dp/B0B57PQFB7",
        "rating": "4.5",
        "totalReviews": "326",
        "subtitle": "Skin 2.0",
        "isPrimeEligible": "1"
    },
    {
        "ASIN": "B0CFB66L21",
        "title": "Advanced Snail Mucin 96% Power Repairing Essence, Snail Mucin Serum, Hydrating Serum For Face With Snail Secretion Filtrate For Dull And Damaged Skin, Anti-Aging & Discoloration Correcting 100 ML",
        "price": "$14.99 ($4.41 / Fl Oz)",
        "listPrice": "",
        "imageUrl": "https://m.media-amazon.com/images/I/419XIseuXGL._SL160_.jpg",
        "detailPageURL": "https://www.amazon.com/dp/B0CFB66L21",
        "rating": "5.0",
        "totalReviews": "15",
        "subtitle": "COSINGKIN",
        "isPrimeEligible": "1"
    },
    {
        "ASIN": "B0CFG5F4TV",
        "title": "Praiasol Super C Serum, Vibrance Vitamin C Serum for Face, Vibrance Vit C Serum for Mature Skin, Serum Vitamina C, Vitamin C Face Serum Targets Age Spots, Wrinkles, Smooths Skin.1 fl oz",
        "price": "$22.99 ($22.99 / Fl Oz)",
        "listPrice": "",
        "imageUrl": "https://m.media-amazon.com/images/I/31c+tttOMfL._SL160_.jpg",
        "detailPageURL": "https://www.amazon.com/dp/B0CFG5F4TV",
        "rating": "4.8",
        "totalReviews": "69",
        "subtitle": "Praiasol",
        "isPrimeEligible": "1"
    },
    {
        "ASIN": "B08FSWVXRD",
        "title": "COSRX Niacinamide 5% + Snail Mucin 74% Dual Essence, Anti aging Face Serum for Dull Skin, Hydrating, Brightening, Repairing, 2.70 fl.oz / 80ml, Sensitive Skin, Not Tested on Animals, Korean Skincare",
        "price": "$27.09 ($10.03 / Fl Oz)",
        "listPrice": "",
        "imageUrl": "https://m.media-amazon.com/images/I/31sT87TQVoL._SL160_.jpg",
        "detailPageURL": "https://www.amazon.com/dp/B08FSWVXRD",
        "rating": "4.6",
        "totalReviews": "2047",
        "subtitle": "COSRX",
        "isPrimeEligible": "1"
    },
    {
        "ASIN": "B0B1WS14XH",
        "title": "PEAUAMIE Travel Face Serum Set Vitamin C Serum,Hyaluronic Acid Serum,Retinol Serum for Dark Spots, Fine Lines and Wrinkles(5ml/3 pack)",
        "price": "$3.99 ($7.98 / Fl Oz)",
        "listPrice": "",
        "imageUrl": "https://m.media-amazon.com/images/I/410+j580ryL._SL160_.jpg",
        "detailPageURL": "https://www.amazon.com/dp/B0B1WS14XH",
        "rating": "4.0",
        "totalReviews": "223",
        "subtitle": "PEAUAMIE",
        "isPrimeEligible": "1"
    },
    {
        "ASIN": "B09VQ6JLGR",
        "title": "47 Skin Hydrating Face Serum for Clearing Acne and Scars, Anti-Blemish & Scar Repair Serum Skincare Treatment with Silver Chitoderm Smooth Skin Moisturiser Serum for All Skin Types 1oz",
        "price": "$44.99",
        "listPrice": "",
        "imageUrl": "https://m.media-amazon.com/images/I/31Ma1JP3MuL._SL160_.jpg",
        "detailPageURL": "https://www.amazon.com/dp/B09VQ6JLGR",
        "rating": "4.1",
        "totalReviews": "118",
        "subtitle": "47 Skin",
        "isPrimeEligible": "1"
    },
    {
        "ASIN": "B0B3C3TJBF",
        "title": "Neutrogena Hydro Boost + Niacinamide Serum for Face with Hyaluronic Acid & Vitamin B3, Multi-Action Face Serum to Hydrate & Improve Skin Complexion & Refine Look of Pores, Fragrance Free, 1 oz",
        "price": "$14.99",
        "listPrice": "$26.79",
        "imageUrl": "https://m.media-amazon.com/images/I/41z4zXHee9L._SL160_.jpg",
        "detailPageURL": "https://www.amazon.com/dp/B0B3C3TJBF",
        "rating": "4.5",
        "totalReviews": "559",
        "subtitle": "Neutrogena",
        "isPrimeEligible": "1"
    },
    {
        "ASIN": "B088419TZG",
        "title": "RoC Retinol Correxion Anti-Aging Wrinkle Night Serum, Daily Line Smoothing Skin Care Treatment for Fine Lines, Dark Spots, Post-Acne Scars, 30 Individual Capsules, Unscented, 0.35 Fl Oz",
        "price": "$20.07 ($57.34 / Fl Oz)",
        "listPrice": "$32.99 ($94.26 / Fl Oz)",
        "imageUrl": "https://m.media-amazon.com/images/I/517MUcrlPyL._SL160_.jpg",
        "detailPageURL": "https://www.amazon.com/dp/B088419TZG",
        "rating": "4.5",
        "totalReviews": "17318",
        "subtitle": "RoC",
        "isPrimeEligible": "1"
    },
    {
        "ASIN": "B08Z2BJ473",
        "title": "Eight Saints Vitamin C Serum For Face, Anti Aging Face Serum, Hyaluronic Acid, Vitamin E, Organic Aloe Vera and Jojoba Oil, Hydrating & Brightening Serum for Dark Spots, Fine Lines and Wrinkles, 1 oz",
        "price": "$38.00 ($38.00 / Fl Oz)",
        "listPrice": "",
        "imageUrl": "https://m.media-amazon.com/images/I/41cokroMa9L._SL160_.jpg",
        "detailPageURL": "https://www.amazon.com/dp/B08Z2BJ473",
        "rating": "4.7",
        "totalReviews": "995",
        "subtitle": "Eight Saints",
        "isPrimeEligible": "1"
    },
    {
        "ASIN": "B0B57PQFB7",
        "title": "Skin 2.0 Hyaluronic Acid and Collagen Face Serum - Locks in Moisture, Skin Firming & Tightening, Anti-aging, Hydrating Facial Serum - Cruelty Free Korean Skincare For All Skin Types - 1.69 Fl. oz",
        "price": "$9.99 ($5.91 / Fl Oz)",
        "listPrice": "",
        "imageUrl": "https://m.media-amazon.com/images/I/51ooE4TDNsL._SL160_.jpg",
        "detailPageURL": "https://www.amazon.com/dp/B0B57PQFB7",
        "rating": "4.5",
        "totalReviews": "326",
        "subtitle": "Skin 2.0",
        "isPrimeEligible": "1"
    },
    {
        "ASIN": "B0B994Q4MS",
        "title": "Mad Hippie Corrective Peptide Serum - Anti-Wrinkle Cream for Face, Serum for Women & Men, Skin Tightening Facial Serum, Collagen Boosting Peptides, 1.02 Fl Oz\u00a0",
        "price": "$28.76 ($28.20 / Fl Oz)",
        "listPrice": "",
        "imageUrl": "https://m.media-amazon.com/images/I/51KHUwBgbeL._SL160_.jpg",
        "detailPageURL": "https://www.amazon.com/dp/B0B994Q4MS",
        "rating": "4.7",
        "totalReviews": "86",
        "subtitle": "Mad Hippie",
        "isPrimeEligible": "1"
    },
    {
        "ASIN": "B0CFG5F4TV",
        "title": "Praiasol Super C Serum, Vibrance Vitamin C Serum for Face, Vibrance Vit C Serum for Mature Skin, Serum Vitamina C, Vitamin C Face Serum Targets Age Spots, Wrinkles, Smooths Skin.1 fl oz",
        "price": "$22.99 ($22.99 / Fl Oz)",
        "listPrice": "",
        "imageUrl": "https://m.media-amazon.com/images/I/31c+tttOMfL._SL160_.jpg",
        "detailPageURL": "https://www.amazon.com/dp/B0CFG5F4TV",
        "rating": "4.8",
        "totalReviews": "69",
        "subtitle": "Praiasol",
        "isPrimeEligible": "1"
    },
    {
        "ASIN": "B08FSWVXRD",
        "title": "COSRX Niacinamide 5% + Snail Mucin 74% Dual Essence, Anti aging Face Serum for Dull Skin, Hydrating, Brightening, Repairing, 2.70 fl.oz / 80ml, Sensitive Skin, Not Tested on Animals, Korean Skincare",
        "price": "$27.09 ($10.03 / Fl Oz)",
        "listPrice": "",
        "imageUrl": "https://m.media-amazon.com/images/I/31sT87TQVoL._SL160_.jpg",
        "detailPageURL": "https://www.amazon.com/dp/B08FSWVXRD",
        "rating": "4.6",
        "totalReviews": "2047",
        "subtitle": "COSRX",
        "isPrimeEligible": "1"
    },
    {
        "ASIN": "B0B1WS14XH",
        "title": "PEAUAMIE Travel Face Serum Set Vitamin C Serum,Hyaluronic Acid Serum,Retinol Serum for Dark Spots, Fine Lines and Wrinkles(5ml/3 pack)",
        "price": "$3.99 ($7.98 / Fl Oz)",
        "listPrice": "",
        "imageUrl": "https://m.media-amazon.com/images/I/410+j580ryL._SL160_.jpg",
        "detailPageURL": "https://www.amazon.com/dp/B0B1WS14XH",
        "rating": "4.0",
        "totalReviews": "223",
        "subtitle": "PEAUAMIE",
        "isPrimeEligible": "1"
    },
    {
        "ASIN": "B09VQ6JLGR",
        "title": "47 Skin Hydrating Face Serum for Clearing Acne and Scars, Anti-Blemish & Scar Repair Serum Skincare Treatment with Silver Chitoderm Smooth Skin Moisturiser Serum for All Skin Types 1oz",
        "price": "$44.99",
        "listPrice": "",
        "imageUrl": "https://m.media-amazon.com/images/I/31Ma1JP3MuL._SL160_.jpg",
        "detailPageURL": "https://www.amazon.com/dp/B09VQ6JLGR",
        "rating": "4.1",
        "totalReviews": "118",
        "subtitle": "47 Skin",
        "isPrimeEligible": "1"
    },
    {
        "ASIN": "B0B3C3TJBF",
        "title": "Neutrogena Hydro Boost + Niacinamide Serum for Face with Hyaluronic Acid & Vitamin B3, Multi-Action Face Serum to Hydrate & Improve Skin Complexion & Refine Look of Pores, Fragrance Free, 1 oz",
        "price": "$14.99",
        "listPrice": "$26.79",
        "imageUrl": "https://m.media-amazon.com/images/I/41z4zXHee9L._SL160_.jpg",
        "detailPageURL": "https://www.amazon.com/dp/B0B3C3TJBF",
        "rating": "4.5",
        "totalReviews": "559",
        "subtitle": "Neutrogena",
        "isPrimeEligible": "1"
    },
    {
        "ASIN": "B088419TZG",
        "title": "RoC Retinol Correxion Anti-Aging Wrinkle Night Serum, Daily Line Smoothing Skin Care Treatment for Fine Lines, Dark Spots, Post-Acne Scars, 30 Individual Capsules, Unscented, 0.35 Fl Oz",
        "price": "$20.07 ($57.34 / Fl Oz)",
        "listPrice": "$32.99 ($94.26 / Fl Oz)",
        "imageUrl": "https://m.media-amazon.com/images/I/517MUcrlPyL._SL160_.jpg",
        "detailPageURL": "https://www.amazon.com/dp/B088419TZG",
        "rating": "4.5",
        "totalReviews": "17318",
        "subtitle": "RoC",
        "isPrimeEligible": "1"
    },
    {
        "ASIN": "B08Z2BJ473",
        "title": "Eight Saints Vitamin C Serum For Face, Anti Aging Face Serum, Hyaluronic Acid, Vitamin E, Organic Aloe Vera and Jojoba Oil, Hydrating & Brightening Serum for Dark Spots, Fine Lines and Wrinkles, 1 oz",
        "price": "$38.00 ($38.00 / Fl Oz)",
        "listPrice": "",
        "imageUrl": "https://m.media-amazon.com/images/I/41cokroMa9L._SL160_.jpg",
        "detailPageURL": "https://www.amazon.com/dp/B08Z2BJ473",
        "rating": "4.7",
        "totalReviews": "995",
        "subtitle": "Eight Saints",
        "isPrimeEligible": "1"
    },
    {
        "ASIN": "B0B57PQFB7",
        "title": "Skin 2.0 Hyaluronic Acid and Collagen Face Serum - Locks in Moisture, Skin Firming & Tightening, Anti-aging, Hydrating Facial Serum - Cruelty Free Korean Skincare For All Skin Types - 1.69 Fl. oz",
        "price": "$9.99 ($5.91 / Fl Oz)",
        "listPrice": "",
        "imageUrl": "https://m.media-amazon.com/images/I/51ooE4TDNsL._SL160_.jpg",
        "detailPageURL": "https://www.amazon.com/dp/B0B57PQFB7",
        "rating": "4.5",
        "totalReviews": "326",
        "subtitle": "Skin 2.0",
        "isPrimeEligible": "1"
    },
    {
        "ASIN": "B0B994Q4MS",
        "title": "Mad Hippie Corrective Peptide Serum - Anti-Wrinkle Cream for Face, Serum for Women & Men, Skin Tightening Facial Serum, Collagen Boosting Peptides, 1.02 Fl Oz\u00a0",
        "price": "$28.76 ($28.20 / Fl Oz)",
        "listPrice": "",
        "imageUrl": "https://m.media-amazon.com/images/I/51KHUwBgbeL._SL160_.jpg",
        "detailPageURL": "https://www.amazon.com/dp/B0B994Q4MS",
        "rating": "4.7",
        "totalReviews": "86",
        "subtitle": "Mad Hippie",
        "isPrimeEligible": "1"
    },
    {
        "ASIN": "B07D8H88TM",
        "title": "IMAGE Skincare, VITAL C Hydrating Vitamin A C E Serum, Brightening Complex, 1 fl oz",
        "price": "$74.00",
        "listPrice": "",
        "imageUrl": "https://m.media-amazon.com/images/I/318ILqU03SL._SL160_.jpg",
        "detailPageURL": "https://www.amazon.com/dp/B07D8H88TM",
        "rating": "4.7",
        "totalReviews": "394",
        "subtitle": "",
        "isPrimeEligible": "1"
    },
    {
        "ASIN": "B08FSWVXRD",
        "title": "COSRX Niacinamide 5% + Snail Mucin 74% Dual Essence, Anti aging Face Serum for Dull Skin, Hydrating, Brightening, Repairing, 2.70 fl.oz / 80ml, Sensitive Skin, Not Tested on Animals, Korean Skincare",
        "price": "$27.09 ($10.03 / Fl Oz)",
        "listPrice": "",
        "imageUrl": "https://m.media-amazon.com/images/I/31sT87TQVoL._SL160_.jpg",
        "detailPageURL": "https://www.amazon.com/dp/B08FSWVXRD",
        "rating": "4.6",
        "totalReviews": "2047",
        "subtitle": "COSRX",
        "isPrimeEligible": "1"
    },
    {
        "ASIN": "B0B1WS14XH",
        "title": "PEAUAMIE Travel Face Serum Set Vitamin C Serum,Hyaluronic Acid Serum,Retinol Serum for Dark Spots, Fine Lines and Wrinkles(5ml/3 pack)",
        "price": "$3.99 ($7.98 / Fl Oz)",
        "listPrice": "",
        "imageUrl": "https://m.media-amazon.com/images/I/410+j580ryL._SL160_.jpg",
        "detailPageURL": "https://www.amazon.com/dp/B0B1WS14XH",
        "rating": "4.0",
        "totalReviews": "223",
        "subtitle": "PEAUAMIE",
        "isPrimeEligible": "1"
    },
    {
        "ASIN": "B09VQ6JLGR",
        "title": "47 Skin Hydrating Face Serum for Clearing Acne and Scars, Anti-Blemish & Scar Repair Serum Skincare Treatment with Silver Chitoderm Smooth Skin Moisturiser Serum for All Skin Types 1oz",
        "price": "$44.99",
        "listPrice": "",
        "imageUrl": "https://m.media-amazon.com/images/I/31Ma1JP3MuL._SL160_.jpg",
        "detailPageURL": "https://www.amazon.com/dp/B09VQ6JLGR",
        "rating": "4.1",
        "totalReviews": "118",
        "subtitle": "47 Skin",
        "isPrimeEligible": "1"
    },
    {
        "ASIN": "B0B3C3TJBF",
        "title": "Neutrogena Hydro Boost + Niacinamide Serum for Face with Hyaluronic Acid & Vitamin B3, Multi-Action Face Serum to Hydrate & Improve Skin Complexion & Refine Look of Pores, Fragrance Free, 1 oz",
        "price": "$14.99",
        "listPrice": "$26.79",
        "imageUrl": "https://m.media-amazon.com/images/I/41z4zXHee9L._SL160_.jpg",
        "detailPageURL": "https://www.amazon.com/dp/B0B3C3TJBF",
        "rating": "4.5",
        "totalReviews": "559",
        "subtitle": "Neutrogena",
        "isPrimeEligible": "1"
    },
    {
        "ASIN": "B088419TZG",
        "title": "RoC Retinol Correxion Anti-Aging Wrinkle Night Serum, Daily Line Smoothing Skin Care Treatment for Fine Lines, Dark Spots, Post-Acne Scars, 30 Individual Capsules, Unscented, 0.35 Fl Oz",
        "price": "$20.07 ($57.34 / Fl Oz)",
        "listPrice": "$32.99 ($94.26 / Fl Oz)",
        "imageUrl": "https://m.media-amazon.com/images/I/517MUcrlPyL._SL160_.jpg",
        "detailPageURL": "https://www.amazon.com/dp/B088419TZG",
        "rating": "4.5",
        "totalReviews": "17318",
        "subtitle": "RoC",
        "isPrimeEligible": "1"
    },
    {
        "ASIN": "B08Z2BJ473",
        "title": "Eight Saints Vitamin C Serum For Face, Anti Aging Face Serum, Hyaluronic Acid, Vitamin E, Organic Aloe Vera and Jojoba Oil, Hydrating & Brightening Serum for Dark Spots, Fine Lines and Wrinkles, 1 oz",
        "price": "$38.00 ($38.00 / Fl Oz)",
        "listPrice": "",
        "imageUrl": "https://m.media-amazon.com/images/I/41cokroMa9L._SL160_.jpg",
        "detailPageURL": "https://www.amazon.com/dp/B08Z2BJ473",
        "rating": "4.7",
        "totalReviews": "995",
        "subtitle": "Eight Saints",
        "isPrimeEligible": "1"
    },
    {
        "ASIN": "B0B57PQFB7",
        "title": "Skin 2.0 Hyaluronic Acid and Collagen Face Serum - Locks in Moisture, Skin Firming & Tightening, Anti-aging, Hydrating Facial Serum - Cruelty Free Korean Skincare For All Skin Types - 1.69 Fl. oz",
        "price": "$9.99 ($5.91 / Fl Oz)",
        "listPrice": "",
        "imageUrl": "https://m.media-amazon.com/images/I/51ooE4TDNsL._SL160_.jpg",
        "detailPageURL": "https://www.amazon.com/dp/B0B57PQFB7",
        "rating": "4.5",
        "totalReviews": "326",
        "subtitle": "Skin 2.0",
        "isPrimeEligible": "1"
    },
    {
        "ASIN": "B0B994Q4MS",
        "title": "Mad Hippie Corrective Peptide Serum - Anti-Wrinkle Cream for Face, Serum for Women & Men, Skin Tightening Facial Serum, Collagen Boosting Peptides, 1.02 Fl Oz\u00a0",
        "price": "$28.76 ($28.20 / Fl Oz)",
        "listPrice": "",
        "imageUrl": "https://m.media-amazon.com/images/I/51KHUwBgbeL._SL160_.jpg",
        "detailPageURL": "https://www.amazon.com/dp/B0B994Q4MS",
        "rating": "4.7",
        "totalReviews": "86",
        "subtitle": "Mad Hippie",
        "isPrimeEligible": "1"
    },
    {
        "ASIN": "B07D8H88TM",
        "title": "IMAGE Skincare, VITAL C Hydrating Vitamin A C E Serum, Brightening Complex, 1 fl oz",
        "price": "$74.00",
        "listPrice": "",
        "imageUrl": "https://m.media-amazon.com/images/I/318ILqU03SL._SL160_.jpg",
        "detailPageURL": "https://www.amazon.com/dp/B07D8H88TM",
        "rating": "4.7",
        "totalReviews": "394",
        "subtitle": "",
        "isPrimeEligible": "1"
    },
    {
        "ASIN": "B06Y15D1LH",
        "title": "SKIN1004 Madagascar Centella Asiatica Ampoule Facial Serum 3.38 fl.oz(100ml)",
        "price": "$15.00 ($4.44 / Fl Oz)",
        "listPrice": "$20.00 ($5.92 / Fl Oz)",
        "imageUrl": "https://m.media-amazon.com/images/I/31T3n9WfmlL._SL160_.jpg",
        "detailPageURL": "https://www.amazon.com/dp/B06Y15D1LH",
        "rating": "4.6",
        "totalReviews": "2212",
        "subtitle": "SKIN1004",
        "isPrimeEligible": "1"
    },
    {
        "ASIN": "B0B1WS14XH",
        "title": "PEAUAMIE Travel Face Serum Set Vitamin C Serum,Hyaluronic Acid Serum,Retinol Serum for Dark Spots, Fine Lines and Wrinkles(5ml/3 pack)",
        "price": "$3.99 ($7.98 / Fl Oz)",
        "listPrice": "",
        "imageUrl": "https://m.media-amazon.com/images/I/410+j580ryL._SL160_.jpg",
        "detailPageURL": "https://www.amazon.com/dp/B0B1WS14XH",
        "rating": "4.0",
        "totalReviews": "223",
        "subtitle": "PEAUAMIE",
        "isPrimeEligible": "1"
    },
    {
        "ASIN": "B09VQ6JLGR",
        "title": "47 Skin Hydrating Face Serum for Clearing Acne and Scars, Anti-Blemish & Scar Repair Serum Skincare Treatment with Silver Chitoderm Smooth Skin Moisturiser Serum for All Skin Types 1oz",
        "price": "$44.99",
        "listPrice": "",
        "imageUrl": "https://m.media-amazon.com/images/I/31Ma1JP3MuL._SL160_.jpg",
        "detailPageURL": "https://www.amazon.com/dp/B09VQ6JLGR",
        "rating": "4.1",
        "totalReviews": "118",
        "subtitle": "47 Skin",
        "isPrimeEligible": "1"
    },
    {
        "ASIN": "B0B3C3TJBF",
        "title": "Neutrogena Hydro Boost + Niacinamide Serum for Face with Hyaluronic Acid & Vitamin B3, Multi-Action Face Serum to Hydrate & Improve Skin Complexion & Refine Look of Pores, Fragrance Free, 1 oz",
        "price": "$14.99",
        "listPrice": "$26.79",
        "imageUrl": "https://m.media-amazon.com/images/I/41z4zXHee9L._SL160_.jpg",
        "detailPageURL": "https://www.amazon.com/dp/B0B3C3TJBF",
        "rating": "4.5",
        "totalReviews": "559",
        "subtitle": "Neutrogena",
        "isPrimeEligible": "1"
    },
    {
        "ASIN": "B088419TZG",
        "title": "RoC Retinol Correxion Anti-Aging Wrinkle Night Serum, Daily Line Smoothing Skin Care Treatment for Fine Lines, Dark Spots, Post-Acne Scars, 30 Individual Capsules, Unscented, 0.35 Fl Oz",
        "price": "$20.07 ($57.34 / Fl Oz)",
        "listPrice": "$32.99 ($94.26 / Fl Oz)",
        "imageUrl": "https://m.media-amazon.com/images/I/517MUcrlPyL._SL160_.jpg",
        "detailPageURL": "https://www.amazon.com/dp/B088419TZG",
        "rating": "4.5",
        "totalReviews": "17318",
        "subtitle": "RoC",
        "isPrimeEligible": "1"
    },
    {
        "ASIN": "B08Z2BJ473",
        "title": "Eight Saints Vitamin C Serum For Face, Anti Aging Face Serum, Hyaluronic Acid, Vitamin E, Organic Aloe Vera and Jojoba Oil, Hydrating & Brightening Serum for Dark Spots, Fine Lines and Wrinkles, 1 oz",
        "price": "$38.00 ($38.00 / Fl Oz)",
        "listPrice": "",
        "imageUrl": "https://m.media-amazon.com/images/I/41cokroMa9L._SL160_.jpg",
        "detailPageURL": "https://www.amazon.com/dp/B08Z2BJ473",
        "rating": "4.7",
        "totalReviews": "995",
        "subtitle": "Eight Saints",
        "isPrimeEligible": "1"
    },
    {
        "ASIN": "B0B57PQFB7",
        "title": "Skin 2.0 Hyaluronic Acid and Collagen Face Serum - Locks in Moisture, Skin Firming & Tightening, Anti-aging, Hydrating Facial Serum - Cruelty Free Korean Skincare For All Skin Types - 1.69 Fl. oz",
        "price": "$9.99 ($5.91 / Fl Oz)",
        "listPrice": "",
        "imageUrl": "https://m.media-amazon.com/images/I/51ooE4TDNsL._SL160_.jpg",
        "detailPageURL": "https://www.amazon.com/dp/B0B57PQFB7",
        "rating": "4.5",
        "totalReviews": "326",
        "subtitle": "Skin 2.0",
        "isPrimeEligible": "1"
    },
    {
        "ASIN": "B0B994Q4MS",
        "title": "Mad Hippie Corrective Peptide Serum - Anti-Wrinkle Cream for Face, Serum for Women & Men, Skin Tightening Facial Serum, Collagen Boosting Peptides, 1.02 Fl Oz\u00a0",
        "price": "$28.76 ($28.20 / Fl Oz)",
        "listPrice": "",
        "imageUrl": "https://m.media-amazon.com/images/I/51KHUwBgbeL._SL160_.jpg",
        "detailPageURL": "https://www.amazon.com/dp/B0B994Q4MS",
        "rating": "4.7",
        "totalReviews": "86",
        "subtitle": "Mad Hippie",
        "isPrimeEligible": "1"
    },
    {
        "ASIN": "B07D8H88TM",
        "title": "IMAGE Skincare, VITAL C Hydrating Vitamin A C E Serum, Brightening Complex, 1 fl oz",
        "price": "$74.00",
        "listPrice": "",
        "imageUrl": "https://m.media-amazon.com/images/I/318ILqU03SL._SL160_.jpg",
        "detailPageURL": "https://www.amazon.com/dp/B07D8H88TM",
        "rating": "4.7",
        "totalReviews": "394",
        "subtitle": "",
        "isPrimeEligible": "1"
    },
    {
        "ASIN": "B06Y15D1LH",
        "title": "SKIN1004 Madagascar Centella Asiatica Ampoule Facial Serum 3.38 fl.oz(100ml)",
        "price": "$15.00 ($4.44 / Fl Oz)",
        "listPrice": "$20.00 ($5.92 / Fl Oz)",
        "imageUrl": "https://m.media-amazon.com/images/I/31T3n9WfmlL._SL160_.jpg",
        "detailPageURL": "https://www.amazon.com/dp/B06Y15D1LH",
        "rating": "4.6",
        "totalReviews": "2212",
        "subtitle": "SKIN1004",
        "isPrimeEligible": "1"
    },
    {
        "ASIN": "B0758QB438",
        "title": "Valjean Labs Facial Serum, Hydrate | Hyaluronic Acid + Vitamin B5 | Helps to Hydrate and Plump Skin and Restore Elasticity | Paraben Free, Cruelty Free, Made in USA (1.83 oz)",
        "price": "$13.39 ($7.32 / Fl Oz)",
        "listPrice": "",
        "imageUrl": "https://m.media-amazon.com/images/I/31tMU5FjwuL._SL160_.jpg",
        "detailPageURL": "https://www.amazon.com/dp/B0758QB438",
        "rating": "4.4",
        "totalReviews": "1894",
        "subtitle": "Valjean Labs",
        "isPrimeEligible": "1"
    },
    {
        "ASIN": "B09VQ6JLGR",
        "title": "47 Skin Hydrating Face Serum for Clearing Acne and Scars, Anti-Blemish & Scar Repair Serum Skincare Treatment with Silver Chitoderm Smooth Skin Moisturiser Serum for All Skin Types 1oz",
        "price": "$44.99",
        "listPrice": "",
        "imageUrl": "https://m.media-amazon.com/images/I/31Ma1JP3MuL._SL160_.jpg",
        "detailPageURL": "https://www.amazon.com/dp/B09VQ6JLGR",
        "rating": "4.1",
        "totalReviews": "118",
        "subtitle": "47 Skin",
        "isPrimeEligible": "1"
    },
    {
        "ASIN": "B0B3C3TJBF",
        "title": "Neutrogena Hydro Boost + Niacinamide Serum for Face with Hyaluronic Acid & Vitamin B3, Multi-Action Face Serum to Hydrate & Improve Skin Complexion & Refine Look of Pores, Fragrance Free, 1 oz",
        "price": "$14.99",
        "listPrice": "$26.79",
        "imageUrl": "https://m.media-amazon.com/images/I/41z4zXHee9L._SL160_.jpg",
        "detailPageURL": "https://www.amazon.com/dp/B0B3C3TJBF",
        "rating": "4.5",
        "totalReviews": "559",
        "subtitle": "Neutrogena",
        "isPrimeEligible": "1"
    },
    {
        "ASIN": "B088419TZG",
        "title": "RoC Retinol Correxion Anti-Aging Wrinkle Night Serum, Daily Line Smoothing Skin Care Treatment for Fine Lines, Dark Spots, Post-Acne Scars, 30 Individual Capsules, Unscented, 0.35 Fl Oz",
        "price": "$20.07 ($57.34 / Fl Oz)",
        "listPrice": "$32.99 ($94.26 / Fl Oz)",
        "imageUrl": "https://m.media-amazon.com/images/I/517MUcrlPyL._SL160_.jpg",
        "detailPageURL": "https://www.amazon.com/dp/B088419TZG",
        "rating": "4.5",
        "totalReviews": "17318",
        "subtitle": "RoC",
        "isPrimeEligible": "1"
    },
    {
        "ASIN": "B08Z2BJ473",
        "title": "Eight Saints Vitamin C Serum For Face, Anti Aging Face Serum, Hyaluronic Acid, Vitamin E, Organic Aloe Vera and Jojoba Oil, Hydrating & Brightening Serum for Dark Spots, Fine Lines and Wrinkles, 1 oz",
        "price": "$38.00 ($38.00 / Fl Oz)",
        "listPrice": "",
        "imageUrl": "https://m.media-amazon.com/images/I/41cokroMa9L._SL160_.jpg",
        "detailPageURL": "https://www.amazon.com/dp/B08Z2BJ473",
        "rating": "4.7",
        "totalReviews": "995",
        "subtitle": "Eight Saints",
        "isPrimeEligible": "1"
    },
    {
        "ASIN": "B0B57PQFB7",
        "title": "Skin 2.0 Hyaluronic Acid and Collagen Face Serum - Locks in Moisture, Skin Firming & Tightening, Anti-aging, Hydrating Facial Serum - Cruelty Free Korean Skincare For All Skin Types - 1.69 Fl. oz",
        "price": "$9.99 ($5.91 / Fl Oz)",
        "listPrice": "",
        "imageUrl": "https://m.media-amazon.com/images/I/51ooE4TDNsL._SL160_.jpg",
        "detailPageURL": "https://www.amazon.com/dp/B0B57PQFB7",
        "rating": "4.5",
        "totalReviews": "326",
        "subtitle": "Skin 2.0",
        "isPrimeEligible": "1"
    },
    {
        "ASIN": "B0B994Q4MS",
        "title": "Mad Hippie Corrective Peptide Serum - Anti-Wrinkle Cream for Face, Serum for Women & Men, Skin Tightening Facial Serum, Collagen Boosting Peptides, 1.02 Fl Oz\u00a0",
        "price": "$28.76 ($28.20 / Fl Oz)",
        "listPrice": "",
        "imageUrl": "https://m.media-amazon.com/images/I/51KHUwBgbeL._SL160_.jpg",
        "detailPageURL": "https://www.amazon.com/dp/B0B994Q4MS",
        "rating": "4.7",
        "totalReviews": "86",
        "subtitle": "Mad Hippie",
        "isPrimeEligible": "1"
    },
    {
        "ASIN": "B07D8H88TM",
        "title": "IMAGE Skincare, VITAL C Hydrating Vitamin A C E Serum, Brightening Complex, 1 fl oz",
        "price": "$74.00",
        "listPrice": "",
        "imageUrl": "https://m.media-amazon.com/images/I/318ILqU03SL._SL160_.jpg",
        "detailPageURL": "https://www.amazon.com/dp/B07D8H88TM",
        "rating": "4.7",
        "totalReviews": "394",
        "subtitle": "",
        "isPrimeEligible": "1"
    },
    {
        "ASIN": "B06Y15D1LH",
        "title": "SKIN1004 Madagascar Centella Asiatica Ampoule Facial Serum 3.38 fl.oz(100ml)",
        "price": "$15.00 ($4.44 / Fl Oz)",
        "listPrice": "$20.00 ($5.92 / Fl Oz)",
        "imageUrl": "https://m.media-amazon.com/images/I/31T3n9WfmlL._SL160_.jpg",
        "detailPageURL": "https://www.amazon.com/dp/B06Y15D1LH",
        "rating": "4.6",
        "totalReviews": "2212",
        "subtitle": "SKIN1004",
        "isPrimeEligible": "1"
    },
    {
        "ASIN": "B0758QB438",
        "title": "Valjean Labs Facial Serum, Hydrate | Hyaluronic Acid + Vitamin B5 | Helps to Hydrate and Plump Skin and Restore Elasticity | Paraben Free, Cruelty Free, Made in USA (1.83 oz)",
        "price": "$13.39 ($7.32 / Fl Oz)",
        "listPrice": "",
        "imageUrl": "https://m.media-amazon.com/images/I/31tMU5FjwuL._SL160_.jpg",
        "detailPageURL": "https://www.amazon.com/dp/B0758QB438",
        "rating": "4.4",
        "totalReviews": "1894",
        "subtitle": "Valjean Labs",
        "isPrimeEligible": "1"
    },
    {
        "ASIN": "B09ZY8T55Y",
        "title": "COSRX Pure Vitamin C 23% Serum with Vitamin E & Hyaluronic Acid, Brightening & Hydrating Facial Serum for Dark Spots, Fine Lines, Uneven Skin Tone, 0.67fl.oz/20ml, Animal Testing-Free, Korean Skincare",
        "price": "$18.73 ($27.96 / Fl Oz)",
        "listPrice": "$25.00 ($37.31 / Fl Oz)",
        "imageUrl": "https://m.media-amazon.com/images/I/41avpd70hVL._SL160_.jpg",
        "detailPageURL": "https://www.amazon.com/dp/B09ZY8T55Y",
        "rating": "4.3",
        "totalReviews": "1505",
        "subtitle": "COSRX",
        "isPrimeEligible": "1"
    },
    {
        "ASIN": "B0B3C3TJBF",
        "title": "Neutrogena Hydro Boost + Niacinamide Serum for Face with Hyaluronic Acid & Vitamin B3, Multi-Action Face Serum to Hydrate & Improve Skin Complexion & Refine Look of Pores, Fragrance Free, 1 oz",
        "price": "$14.99",
        "listPrice": "$26.79",
        "imageUrl": "https://m.media-amazon.com/images/I/41z4zXHee9L._SL160_.jpg",
        "detailPageURL": "https://www.amazon.com/dp/B0B3C3TJBF",
        "rating": "4.5",
        "totalReviews": "559",
        "subtitle": "Neutrogena",
        "isPrimeEligible": "1"
    },
    {
        "ASIN": "B088419TZG",
        "title": "RoC Retinol Correxion Anti-Aging Wrinkle Night Serum, Daily Line Smoothing Skin Care Treatment for Fine Lines, Dark Spots, Post-Acne Scars, 30 Individual Capsules, Unscented, 0.35 Fl Oz",
        "price": "$20.07 ($57.34 / Fl Oz)",
        "listPrice": "$32.99 ($94.26 / Fl Oz)",
        "imageUrl": "https://m.media-amazon.com/images/I/517MUcrlPyL._SL160_.jpg",
        "detailPageURL": "https://www.amazon.com/dp/B088419TZG",
        "rating": "4.5",
        "totalReviews": "17318",
        "subtitle": "RoC",
        "isPrimeEligible": "1"
    },
    {
        "ASIN": "B08Z2BJ473",
        "title": "Eight Saints Vitamin C Serum For Face, Anti Aging Face Serum, Hyaluronic Acid, Vitamin E, Organic Aloe Vera and Jojoba Oil, Hydrating & Brightening Serum for Dark Spots, Fine Lines and Wrinkles, 1 oz",
        "price": "$38.00 ($38.00 / Fl Oz)",
        "listPrice": "",
        "imageUrl": "https://m.media-amazon.com/images/I/41cokroMa9L._SL160_.jpg",
        "detailPageURL": "https://www.amazon.com/dp/B08Z2BJ473",
        "rating": "4.7",
        "totalReviews": "995",
        "subtitle": "Eight Saints",
        "isPrimeEligible": "1"
    },
    {
        "ASIN": "B0B57PQFB7",
        "title": "Skin 2.0 Hyaluronic Acid and Collagen Face Serum - Locks in Moisture, Skin Firming & Tightening, Anti-aging, Hydrating Facial Serum - Cruelty Free Korean Skincare For All Skin Types - 1.69 Fl. oz",
        "price": "$9.99 ($5.91 / Fl Oz)",
        "listPrice": "",
        "imageUrl": "https://m.media-amazon.com/images/I/51ooE4TDNsL._SL160_.jpg",
        "detailPageURL": "https://www.amazon.com/dp/B0B57PQFB7",
        "rating": "4.5",
        "totalReviews": "326",
        "subtitle": "Skin 2.0",
        "isPrimeEligible": "1"
    },
    {
        "ASIN": "B0B994Q4MS",
        "title": "Mad Hippie Corrective Peptide Serum - Anti-Wrinkle Cream for Face, Serum for Women & Men, Skin Tightening Facial Serum, Collagen Boosting Peptides, 1.02 Fl Oz\u00a0",
        "price": "$28.76 ($28.20 / Fl Oz)",
        "listPrice": "",
        "imageUrl": "https://m.media-amazon.com/images/I/51KHUwBgbeL._SL160_.jpg",
        "detailPageURL": "https://www.amazon.com/dp/B0B994Q4MS",
        "rating": "4.7",
        "totalReviews": "86",
        "subtitle": "Mad Hippie",
        "isPrimeEligible": "1"
    },
    {
        "ASIN": "B07D8H88TM",
        "title": "IMAGE Skincare, VITAL C Hydrating Vitamin A C E Serum, Brightening Complex, 1 fl oz",
        "price": "$74.00",
        "listPrice": "",
        "imageUrl": "https://m.media-amazon.com/images/I/318ILqU03SL._SL160_.jpg",
        "detailPageURL": "https://www.amazon.com/dp/B07D8H88TM",
        "rating": "4.7",
        "totalReviews": "394",
        "subtitle": "",
        "isPrimeEligible": "1"
    },
    {
        "ASIN": "B06Y15D1LH",
        "title": "SKIN1004 Madagascar Centella Asiatica Ampoule Facial Serum 3.38 fl.oz(100ml)",
        "price": "$15.00 ($4.44 / Fl Oz)",
        "listPrice": "$20.00 ($5.92 / Fl Oz)",
        "imageUrl": "https://m.media-amazon.com/images/I/31T3n9WfmlL._SL160_.jpg",
        "detailPageURL": "https://www.amazon.com/dp/B06Y15D1LH",
        "rating": "4.6",
        "totalReviews": "2212",
        "subtitle": "SKIN1004",
        "isPrimeEligible": "1"
    },
    {
        "ASIN": "B0758QB438",
        "title": "Valjean Labs Facial Serum, Hydrate | Hyaluronic Acid + Vitamin B5 | Helps to Hydrate and Plump Skin and Restore Elasticity | Paraben Free, Cruelty Free, Made in USA (1.83 oz)",
        "price": "$13.39 ($7.32 / Fl Oz)",
        "listPrice": "",
        "imageUrl": "https://m.media-amazon.com/images/I/31tMU5FjwuL._SL160_.jpg",
        "detailPageURL": "https://www.amazon.com/dp/B0758QB438",
        "rating": "4.4",
        "totalReviews": "1894",
        "subtitle": "Valjean Labs",
        "isPrimeEligible": "1"
    },
    {
        "ASIN": "B09ZY8T55Y",
        "title": "COSRX Pure Vitamin C 23% Serum with Vitamin E & Hyaluronic Acid, Brightening & Hydrating Facial Serum for Dark Spots, Fine Lines, Uneven Skin Tone, 0.67fl.oz/20ml, Animal Testing-Free, Korean Skincare",
        "price": "$18.73 ($27.96 / Fl Oz)",
        "listPrice": "$25.00 ($37.31 / Fl Oz)",
        "imageUrl": "https://m.media-amazon.com/images/I/41avpd70hVL._SL160_.jpg",
        "detailPageURL": "https://www.amazon.com/dp/B09ZY8T55Y",
        "rating": "4.3",
        "totalReviews": "1505",
        "subtitle": "COSRX",
        "isPrimeEligible": "1"
    },
    {
        "ASIN": "B08DCD5MRW",
        "title": "TruSkin Face Serum Duo \u2013 Retinol Serum for Face & Vitamin C Serum \u2013 Anti Aging Skin Care Set for Women \u2013 Skin Care for Bright, Smooth, & Firm Skin \u2013 1 fl oz, 2 Bottles",
        "price": "$34.99 ($17.50 / Fl Oz)",
        "listPrice": "",
        "imageUrl": "https://m.media-amazon.com/images/I/51VPFec3HeS._SL160_.jpg",
        "detailPageURL": "https://www.amazon.com/dp/B08DCD5MRW",
        "rating": "4.4",
        "totalReviews": "3058",
        "subtitle": "TruSkin Naturals",
        "isPrimeEligible": "1"
    },
    {
        "ASIN": "B088419TZG",
        "title": "RoC Retinol Correxion Anti-Aging Wrinkle Night Serum, Daily Line Smoothing Skin Care Treatment for Fine Lines, Dark Spots, Post-Acne Scars, 30 Individual Capsules, Unscented, 0.35 Fl Oz",
        "price": "$20.07 ($57.34 / Fl Oz)",
        "listPrice": "$32.99 ($94.26 / Fl Oz)",
        "imageUrl": "https://m.media-amazon.com/images/I/517MUcrlPyL._SL160_.jpg",
        "detailPageURL": "https://www.amazon.com/dp/B088419TZG",
        "rating": "4.5",
        "totalReviews": "17318",
        "subtitle": "RoC",
        "isPrimeEligible": "1"
    },
    {
        "ASIN": "B08Z2BJ473",
        "title": "Eight Saints Vitamin C Serum For Face, Anti Aging Face Serum, Hyaluronic Acid, Vitamin E, Organic Aloe Vera and Jojoba Oil, Hydrating & Brightening Serum for Dark Spots, Fine Lines and Wrinkles, 1 oz",
        "price": "$38.00 ($38.00 / Fl Oz)",
        "listPrice": "",
        "imageUrl": "https://m.media-amazon.com/images/I/41cokroMa9L._SL160_.jpg",
        "detailPageURL": "https://www.amazon.com/dp/B08Z2BJ473",
        "rating": "4.7",
        "totalReviews": "995",
        "subtitle": "Eight Saints",
        "isPrimeEligible": "1"
    },
    {
        "ASIN": "B0B57PQFB7",
        "title": "Skin 2.0 Hyaluronic Acid and Collagen Face Serum - Locks in Moisture, Skin Firming & Tightening, Anti-aging, Hydrating Facial Serum - Cruelty Free Korean Skincare For All Skin Types - 1.69 Fl. oz",
        "price": "$9.99 ($5.91 / Fl Oz)",
        "listPrice": "",
        "imageUrl": "https://m.media-amazon.com/images/I/51ooE4TDNsL._SL160_.jpg",
        "detailPageURL": "https://www.amazon.com/dp/B0B57PQFB7",
        "rating": "4.5",
        "totalReviews": "326",
        "subtitle": "Skin 2.0",
        "isPrimeEligible": "1"
    },
    {
        "ASIN": "B0B994Q4MS",
        "title": "Mad Hippie Corrective Peptide Serum - Anti-Wrinkle Cream for Face, Serum for Women & Men, Skin Tightening Facial Serum, Collagen Boosting Peptides, 1.02 Fl Oz\u00a0",
        "price": "$28.76 ($28.20 / Fl Oz)",
        "listPrice": "",
        "imageUrl": "https://m.media-amazon.com/images/I/51KHUwBgbeL._SL160_.jpg",
        "detailPageURL": "https://www.amazon.com/dp/B0B994Q4MS",
        "rating": "4.7",
        "totalReviews": "86",
        "subtitle": "Mad Hippie",
        "isPrimeEligible": "1"
    },
    {
        "ASIN": "B07D8H88TM",
        "title": "IMAGE Skincare, VITAL C Hydrating Vitamin A C E Serum, Brightening Complex, 1 fl oz",
        "price": "$74.00",
        "listPrice": "",
        "imageUrl": "https://m.media-amazon.com/images/I/318ILqU03SL._SL160_.jpg",
        "detailPageURL": "https://www.amazon.com/dp/B07D8H88TM",
        "rating": "4.7",
        "totalReviews": "394",
        "subtitle": "",
        "isPrimeEligible": "1"
    },
    {
        "ASIN": "B06Y15D1LH",
        "title": "SKIN1004 Madagascar Centella Asiatica Ampoule Facial Serum 3.38 fl.oz(100ml)",
        "price": "$15.00 ($4.44 / Fl Oz)",
        "listPrice": "$20.00 ($5.92 / Fl Oz)",
        "imageUrl": "https://m.media-amazon.com/images/I/31T3n9WfmlL._SL160_.jpg",
        "detailPageURL": "https://www.amazon.com/dp/B06Y15D1LH",
        "rating": "4.6",
        "totalReviews": "2212",
        "subtitle": "SKIN1004",
        "isPrimeEligible": "1"
    },
    {
        "ASIN": "B0758QB438",
        "title": "Valjean Labs Facial Serum, Hydrate | Hyaluronic Acid + Vitamin B5 | Helps to Hydrate and Plump Skin and Restore Elasticity | Paraben Free, Cruelty Free, Made in USA (1.83 oz)",
        "price": "$13.39 ($7.32 / Fl Oz)",
        "listPrice": "",
        "imageUrl": "https://m.media-amazon.com/images/I/31tMU5FjwuL._SL160_.jpg",
        "detailPageURL": "https://www.amazon.com/dp/B0758QB438",
        "rating": "4.4",
        "totalReviews": "1894",
        "subtitle": "Valjean Labs",
        "isPrimeEligible": "1"
    },
    {
        "ASIN": "B09ZY8T55Y",
        "title": "COSRX Pure Vitamin C 23% Serum with Vitamin E & Hyaluronic Acid, Brightening & Hydrating Facial Serum for Dark Spots, Fine Lines, Uneven Skin Tone, 0.67fl.oz/20ml, Animal Testing-Free, Korean Skincare",
        "price": "$18.73 ($27.96 / Fl Oz)",
        "listPrice": "$25.00 ($37.31 / Fl Oz)",
        "imageUrl": "https://m.media-amazon.com/images/I/41avpd70hVL._SL160_.jpg",
        "detailPageURL": "https://www.amazon.com/dp/B09ZY8T55Y",
        "rating": "4.3",
        "totalReviews": "1505",
        "subtitle": "COSRX",
        "isPrimeEligible": "1"
    },
    {
        "ASIN": "B08DCD5MRW",
        "title": "TruSkin Face Serum Duo \u2013 Retinol Serum for Face & Vitamin C Serum \u2013 Anti Aging Skin Care Set for Women \u2013 Skin Care for Bright, Smooth, & Firm Skin \u2013 1 fl oz, 2 Bottles",
        "price": "$34.99 ($17.50 / Fl Oz)",
        "listPrice": "",
        "imageUrl": "https://m.media-amazon.com/images/I/51VPFec3HeS._SL160_.jpg",
        "detailPageURL": "https://www.amazon.com/dp/B08DCD5MRW",
        "rating": "4.4",
        "totalReviews": "3058",
        "subtitle": "TruSkin Naturals",
        "isPrimeEligible": "1"
    },
    {
        "ASIN": "B07YZMMH8Q",
        "title": "Olay Regenerist Micro-Sculpting Serum, 2-Pack, Ultra-Lightweight Anti-Aging Moisturizer, 100ml (3.4 FL OZ) Total",
        "price": "$40.95 ($6.02 / Fl Oz)",
        "listPrice": "$52.95 ($7.79 / Fl Oz)",
        "imageUrl": "https://m.media-amazon.com/images/I/41lZbfejY2L._SL160_.jpg",
        "detailPageURL": "https://www.amazon.com/dp/B07YZMMH8Q",
        "rating": "4.7",
        "totalReviews": "1113",
        "subtitle": "Olay",
        "isPrimeEligible": "1"
    },
    {
        "ASIN": "B08Z2BJ473",
        "title": "Eight Saints Vitamin C Serum For Face, Anti Aging Face Serum, Hyaluronic Acid, Vitamin E, Organic Aloe Vera and Jojoba Oil, Hydrating & Brightening Serum for Dark Spots, Fine Lines and Wrinkles, 1 oz",
        "price": "$38.00 ($38.00 / Fl Oz)",
        "listPrice": "",
        "imageUrl": "https://m.media-amazon.com/images/I/41cokroMa9L._SL160_.jpg",
        "detailPageURL": "https://www.amazon.com/dp/B08Z2BJ473",
        "rating": "4.7",
        "totalReviews": "995",
        "subtitle": "Eight Saints",
        "isPrimeEligible": "1"
    },
    {
        "ASIN": "B0B57PQFB7",
        "title": "Skin 2.0 Hyaluronic Acid and Collagen Face Serum - Locks in Moisture, Skin Firming & Tightening, Anti-aging, Hydrating Facial Serum - Cruelty Free Korean Skincare For All Skin Types - 1.69 Fl. oz",
        "price": "$9.99 ($5.91 / Fl Oz)",
        "listPrice": "",
        "imageUrl": "https://m.media-amazon.com/images/I/51ooE4TDNsL._SL160_.jpg",
        "detailPageURL": "https://www.amazon.com/dp/B0B57PQFB7",
        "rating": "4.5",
        "totalReviews": "326",
        "subtitle": "Skin 2.0",
        "isPrimeEligible": "1"
    },
    {
        "ASIN": "B0B994Q4MS",
        "title": "Mad Hippie Corrective Peptide Serum - Anti-Wrinkle Cream for Face, Serum for Women & Men, Skin Tightening Facial Serum, Collagen Boosting Peptides, 1.02 Fl Oz\u00a0",
        "price": "$28.76 ($28.20 / Fl Oz)",
        "listPrice": "",
        "imageUrl": "https://m.media-amazon.com/images/I/51KHUwBgbeL._SL160_.jpg",
        "detailPageURL": "https://www.amazon.com/dp/B0B994Q4MS",
        "rating": "4.7",
        "totalReviews": "86",
        "subtitle": "Mad Hippie",
        "isPrimeEligible": "1"
    },
    {
        "ASIN": "B07D8H88TM",
        "title": "IMAGE Skincare, VITAL C Hydrating Vitamin A C E Serum, Brightening Complex, 1 fl oz",
        "price": "$74.00",
        "listPrice": "",
        "imageUrl": "https://m.media-amazon.com/images/I/318ILqU03SL._SL160_.jpg",
        "detailPageURL": "https://www.amazon.com/dp/B07D8H88TM",
        "rating": "4.7",
        "totalReviews": "394",
        "subtitle": "",
        "isPrimeEligible": "1"
    },
    {
        "ASIN": "B06Y15D1LH",
        "title": "SKIN1004 Madagascar Centella Asiatica Ampoule Facial Serum 3.38 fl.oz(100ml)",
        "price": "$15.00 ($4.44 / Fl Oz)",
        "listPrice": "$20.00 ($5.92 / Fl Oz)",
        "imageUrl": "https://m.media-amazon.com/images/I/31T3n9WfmlL._SL160_.jpg",
        "detailPageURL": "https://www.amazon.com/dp/B06Y15D1LH",
        "rating": "4.6",
        "totalReviews": "2212",
        "subtitle": "SKIN1004",
        "isPrimeEligible": "1"
    },
    {
        "ASIN": "B0758QB438",
        "title": "Valjean Labs Facial Serum, Hydrate | Hyaluronic Acid + Vitamin B5 | Helps to Hydrate and Plump Skin and Restore Elasticity | Paraben Free, Cruelty Free, Made in USA (1.83 oz)",
        "price": "$13.39 ($7.32 / Fl Oz)",
        "listPrice": "",
        "imageUrl": "https://m.media-amazon.com/images/I/31tMU5FjwuL._SL160_.jpg",
        "detailPageURL": "https://www.amazon.com/dp/B0758QB438",
        "rating": "4.4",
        "totalReviews": "1894",
        "subtitle": "Valjean Labs",
        "isPrimeEligible": "1"
    },
    {
        "ASIN": "B09ZY8T55Y",
        "title": "COSRX Pure Vitamin C 23% Serum with Vitamin E & Hyaluronic Acid, Brightening & Hydrating Facial Serum for Dark Spots, Fine Lines, Uneven Skin Tone, 0.67fl.oz/20ml, Animal Testing-Free, Korean Skincare",
        "price": "$18.73 ($27.96 / Fl Oz)",
        "listPrice": "$25.00 ($37.31 / Fl Oz)",
        "imageUrl": "https://m.media-amazon.com/images/I/41avpd70hVL._SL160_.jpg",
        "detailPageURL": "https://www.amazon.com/dp/B09ZY8T55Y",
        "rating": "4.3",
        "totalReviews": "1505",
        "subtitle": "COSRX",
        "isPrimeEligible": "1"
    },
    {
        "ASIN": "B08DCD5MRW",
        "title": "TruSkin Face Serum Duo \u2013 Retinol Serum for Face & Vitamin C Serum \u2013 Anti Aging Skin Care Set for Women \u2013 Skin Care for Bright, Smooth, & Firm Skin \u2013 1 fl oz, 2 Bottles",
        "price": "$34.99 ($17.50 / Fl Oz)",
        "listPrice": "",
        "imageUrl": "https://m.media-amazon.com/images/I/51VPFec3HeS._SL160_.jpg",
        "detailPageURL": "https://www.amazon.com/dp/B08DCD5MRW",
        "rating": "4.4",
        "totalReviews": "3058",
        "subtitle": "TruSkin Naturals",
        "isPrimeEligible": "1"
    },
    {
        "ASIN": "B07YZMMH8Q",
        "title": "Olay Regenerist Micro-Sculpting Serum, 2-Pack, Ultra-Lightweight Anti-Aging Moisturizer, 100ml (3.4 FL OZ) Total",
        "price": "$40.95 ($6.02 / Fl Oz)",
        "listPrice": "$52.95 ($7.79 / Fl Oz)",
        "imageUrl": "https://m.media-amazon.com/images/I/41lZbfejY2L._SL160_.jpg",
        "detailPageURL": "https://www.amazon.com/dp/B07YZMMH8Q",
        "rating": "4.7",
        "totalReviews": "1113",
        "subtitle": "Olay",
        "isPrimeEligible": "1"
    },
    {
        "ASIN": "B08Z2BTJST",
        "title": "Eight Saints Pure Hyaluronic Acid Serum for Face Plumping, Natural and Organic Face Serum with Vitamin C and Vitamin E for Fine Lines, Reduces Wrinkles, Firming, Hydrating, Anti-Aging, 1 Oz",
        "price": "$39.00",
        "listPrice": "",
        "imageUrl": "https://m.media-amazon.com/images/I/41-ThTjks2L._SL160_.jpg",
        "detailPageURL": "https://www.amazon.com/dp/B08Z2BTJST",
        "rating": "4.7",
        "totalReviews": "900",
        "subtitle": "Eight Saints",
        "isPrimeEligible": "1"
    },
    {
        "ASIN": "B0B57PQFB7",
        "title": "Skin 2.0 Hyaluronic Acid and Collagen Face Serum - Locks in Moisture, Skin Firming & Tightening, Anti-aging, Hydrating Facial Serum - Cruelty Free Korean Skincare For All Skin Types - 1.69 Fl. oz",
        "price": "$9.99 ($5.91 / Fl Oz)",
        "listPrice": "",
        "imageUrl": "https://m.media-amazon.com/images/I/51ooE4TDNsL._SL160_.jpg",
        "detailPageURL": "https://www.amazon.com/dp/B0B57PQFB7",
        "rating": "4.5",
        "totalReviews": "326",
        "subtitle": "Skin 2.0",
        "isPrimeEligible": "1"
    },
    {
        "ASIN": "B0B994Q4MS",
        "title": "Mad Hippie Corrective Peptide Serum - Anti-Wrinkle Cream for Face, Serum for Women & Men, Skin Tightening Facial Serum, Collagen Boosting Peptides, 1.02 Fl Oz\u00a0",
        "price": "$28.76 ($28.20 / Fl Oz)",
        "listPrice": "",
        "imageUrl": "https://m.media-amazon.com/images/I/51KHUwBgbeL._SL160_.jpg",
        "detailPageURL": "https://www.amazon.com/dp/B0B994Q4MS",
        "rating": "4.7",
        "totalReviews": "86",
        "subtitle": "Mad Hippie",
        "isPrimeEligible": "1"
    },
    {
        "ASIN": "B07D8H88TM",
        "title": "IMAGE Skincare, VITAL C Hydrating Vitamin A C E Serum, Brightening Complex, 1 fl oz",
        "price": "$74.00",
        "listPrice": "",
        "imageUrl": "https://m.media-amazon.com/images/I/318ILqU03SL._SL160_.jpg",
        "detailPageURL": "https://www.amazon.com/dp/B07D8H88TM",
        "rating": "4.7",
        "totalReviews": "394",
        "subtitle": "",
        "isPrimeEligible": "1"
    },
    {
        "ASIN": "B06Y15D1LH",
        "title": "SKIN1004 Madagascar Centella Asiatica Ampoule Facial Serum 3.38 fl.oz(100ml)",
        "price": "$15.00 ($4.44 / Fl Oz)",
        "listPrice": "$20.00 ($5.92 / Fl Oz)",
        "imageUrl": "https://m.media-amazon.com/images/I/31T3n9WfmlL._SL160_.jpg",
        "detailPageURL": "https://www.amazon.com/dp/B06Y15D1LH",
        "rating": "4.6",
        "totalReviews": "2212",
        "subtitle": "SKIN1004",
        "isPrimeEligible": "1"
    },
    {
        "ASIN": "B0758QB438",
        "title": "Valjean Labs Facial Serum, Hydrate | Hyaluronic Acid + Vitamin B5 | Helps to Hydrate and Plump Skin and Restore Elasticity | Paraben Free, Cruelty Free, Made in USA (1.83 oz)",
        "price": "$13.39 ($7.32 / Fl Oz)",
        "listPrice": "",
        "imageUrl": "https://m.media-amazon.com/images/I/31tMU5FjwuL._SL160_.jpg",
        "detailPageURL": "https://www.amazon.com/dp/B0758QB438",
        "rating": "4.4",
        "totalReviews": "1894",
        "subtitle": "Valjean Labs",
        "isPrimeEligible": "1"
    },
    {
        "ASIN": "B09ZY8T55Y",
        "title": "COSRX Pure Vitamin C 23% Serum with Vitamin E & Hyaluronic Acid, Brightening & Hydrating Facial Serum for Dark Spots, Fine Lines, Uneven Skin Tone, 0.67fl.oz/20ml, Animal Testing-Free, Korean Skincare",
        "price": "$18.73 ($27.96 / Fl Oz)",
        "listPrice": "$25.00 ($37.31 / Fl Oz)",
        "imageUrl": "https://m.media-amazon.com/images/I/41avpd70hVL._SL160_.jpg",
        "detailPageURL": "https://www.amazon.com/dp/B09ZY8T55Y",
        "rating": "4.3",
        "totalReviews": "1505",
        "subtitle": "COSRX",
        "isPrimeEligible": "1"
    },
    {
        "ASIN": "B08DCD5MRW",
        "title": "TruSkin Face Serum Duo \u2013 Retinol Serum for Face & Vitamin C Serum \u2013 Anti Aging Skin Care Set for Women \u2013 Skin Care for Bright, Smooth, & Firm Skin \u2013 1 fl oz, 2 Bottles",
        "price": "$34.99 ($17.50 / Fl Oz)",
        "listPrice": "",
        "imageUrl": "https://m.media-amazon.com/images/I/51VPFec3HeS._SL160_.jpg",
        "detailPageURL": "https://www.amazon.com/dp/B08DCD5MRW",
        "rating": "4.4",
        "totalReviews": "3058",
        "subtitle": "TruSkin Naturals",
        "isPrimeEligible": "1"
    },
    {
        "ASIN": "B07YZMMH8Q",
        "title": "Olay Regenerist Micro-Sculpting Serum, 2-Pack, Ultra-Lightweight Anti-Aging Moisturizer, 100ml (3.4 FL OZ) Total",
        "price": "$40.95 ($6.02 / Fl Oz)",
        "listPrice": "$52.95 ($7.79 / Fl Oz)",
        "imageUrl": "https://m.media-amazon.com/images/I/41lZbfejY2L._SL160_.jpg",
        "detailPageURL": "https://www.amazon.com/dp/B07YZMMH8Q",
        "rating": "4.7",
        "totalReviews": "1113",
        "subtitle": "Olay",
        "isPrimeEligible": "1"
    },
    {
        "ASIN": "B08Z2BTJST",
        "title": "Eight Saints Pure Hyaluronic Acid Serum for Face Plumping, Natural and Organic Face Serum with Vitamin C and Vitamin E for Fine Lines, Reduces Wrinkles, Firming, Hydrating, Anti-Aging, 1 Oz",
        "price": "$39.00",
        "listPrice": "",
        "imageUrl": "https://m.media-amazon.com/images/I/41-ThTjks2L._SL160_.jpg",
        "detailPageURL": "https://www.amazon.com/dp/B08Z2BTJST",
        "rating": "4.7",
        "totalReviews": "900",
        "subtitle": "Eight Saints",
        "isPrimeEligible": "1"
    },
    {
        "ASIN": "B0B8SMVN44",
        "title": "Act+Acre Cold Processed Apple Stem Cell Scalp Serum - Promotes Growth and Lessens Hair Loss - Soothes and Hydrates the Scalp - Sulphate and Paraben Free - Aloe Vera for Improved Scalp Health.",
        "price": "$86.00 ($39.09 / Fl Oz)",
        "listPrice": "",
        "imageUrl": "https://m.media-amazon.com/images/I/31udXsg6i4L._SL160_.jpg",
        "detailPageURL": "https://www.amazon.com/dp/B0B8SMVN44",
        "rating": "4.1",
        "totalReviews": "172",
        "subtitle": "ACT+ ACRE",
        "isPrimeEligible": "1"
    },
    {
        "ASIN": "B0B994Q4MS",
        "title": "Mad Hippie Corrective Peptide Serum - Anti-Wrinkle Cream for Face, Serum for Women & Men, Skin Tightening Facial Serum, Collagen Boosting Peptides, 1.02 Fl Oz\u00a0",
        "price": "$28.76 ($28.20 / Fl Oz)",
        "listPrice": "",
        "imageUrl": "https://m.media-amazon.com/images/I/51KHUwBgbeL._SL160_.jpg",
        "detailPageURL": "https://www.amazon.com/dp/B0B994Q4MS",
        "rating": "4.7",
        "totalReviews": "86",
        "subtitle": "Mad Hippie",
        "isPrimeEligible": "1"
    },
    {
        "ASIN": "B07D8H88TM",
        "title": "IMAGE Skincare, VITAL C Hydrating Vitamin A C E Serum, Brightening Complex, 1 fl oz",
        "price": "$74.00",
        "listPrice": "",
        "imageUrl": "https://m.media-amazon.com/images/I/318ILqU03SL._SL160_.jpg",
        "detailPageURL": "https://www.amazon.com/dp/B07D8H88TM",
        "rating": "4.7",
        "totalReviews": "394",
        "subtitle": "",
        "isPrimeEligible": "1"
    },
    {
        "ASIN": "B06Y15D1LH",
        "title": "SKIN1004 Madagascar Centella Asiatica Ampoule Facial Serum 3.38 fl.oz(100ml)",
        "price": "$15.00 ($4.44 / Fl Oz)",
        "listPrice": "$20.00 ($5.92 / Fl Oz)",
        "imageUrl": "https://m.media-amazon.com/images/I/31T3n9WfmlL._SL160_.jpg",
        "detailPageURL": "https://www.amazon.com/dp/B06Y15D1LH",
        "rating": "4.6",
        "totalReviews": "2212",
        "subtitle": "SKIN1004",
        "isPrimeEligible": "1"
    },
    {
        "ASIN": "B0758QB438",
        "title": "Valjean Labs Facial Serum, Hydrate | Hyaluronic Acid + Vitamin B5 | Helps to Hydrate and Plump Skin and Restore Elasticity | Paraben Free, Cruelty Free, Made in USA (1.83 oz)",
        "price": "$13.39 ($7.32 / Fl Oz)",
        "listPrice": "",
        "imageUrl": "https://m.media-amazon.com/images/I/31tMU5FjwuL._SL160_.jpg",
        "detailPageURL": "https://www.amazon.com/dp/B0758QB438",
        "rating": "4.4",
        "totalReviews": "1894",
        "subtitle": "Valjean Labs",
        "isPrimeEligible": "1"
    },
    {
        "ASIN": "B09ZY8T55Y",
        "title": "COSRX Pure Vitamin C 23% Serum with Vitamin E & Hyaluronic Acid, Brightening & Hydrating Facial Serum for Dark Spots, Fine Lines, Uneven Skin Tone, 0.67fl.oz/20ml, Animal Testing-Free, Korean Skincare",
        "price": "$18.73 ($27.96 / Fl Oz)",
        "listPrice": "$25.00 ($37.31 / Fl Oz)",
        "imageUrl": "https://m.media-amazon.com/images/I/41avpd70hVL._SL160_.jpg",
        "detailPageURL": "https://www.amazon.com/dp/B09ZY8T55Y",
        "rating": "4.3",
        "totalReviews": "1505",
        "subtitle": "COSRX",
        "isPrimeEligible": "1"
    },
    {
        "ASIN": "B08DCD5MRW",
        "title": "TruSkin Face Serum Duo \u2013 Retinol Serum for Face & Vitamin C Serum \u2013 Anti Aging Skin Care Set for Women \u2013 Skin Care for Bright, Smooth, & Firm Skin \u2013 1 fl oz, 2 Bottles",
        "price": "$34.99 ($17.50 / Fl Oz)",
        "listPrice": "",
        "imageUrl": "https://m.media-amazon.com/images/I/51VPFec3HeS._SL160_.jpg",
        "detailPageURL": "https://www.amazon.com/dp/B08DCD5MRW",
        "rating": "4.4",
        "totalReviews": "3058",
        "subtitle": "TruSkin Naturals",
        "isPrimeEligible": "1"
    },
    {
        "ASIN": "B07YZMMH8Q",
        "title": "Olay Regenerist Micro-Sculpting Serum, 2-Pack, Ultra-Lightweight Anti-Aging Moisturizer, 100ml (3.4 FL OZ) Total",
        "price": "$40.95 ($6.02 / Fl Oz)",
        "listPrice": "$52.95 ($7.79 / Fl Oz)",
        "imageUrl": "https://m.media-amazon.com/images/I/41lZbfejY2L._SL160_.jpg",
        "detailPageURL": "https://www.amazon.com/dp/B07YZMMH8Q",
        "rating": "4.7",
        "totalReviews": "1113",
        "subtitle": "Olay",
        "isPrimeEligible": "1"
    },
    {
        "ASIN": "B08Z2BTJST",
        "title": "Eight Saints Pure Hyaluronic Acid Serum for Face Plumping, Natural and Organic Face Serum with Vitamin C and Vitamin E for Fine Lines, Reduces Wrinkles, Firming, Hydrating, Anti-Aging, 1 Oz",
        "price": "$39.00",
        "listPrice": "",
        "imageUrl": "https://m.media-amazon.com/images/I/41-ThTjks2L._SL160_.jpg",
        "detailPageURL": "https://www.amazon.com/dp/B08Z2BTJST",
        "rating": "4.7",
        "totalReviews": "900",
        "subtitle": "Eight Saints",
        "isPrimeEligible": "1"
    },
    {
        "ASIN": "B0B8SMVN44",
        "title": "Act+Acre Cold Processed Apple Stem Cell Scalp Serum - Promotes Growth and Lessens Hair Loss - Soothes and Hydrates the Scalp - Sulphate and Paraben Free - Aloe Vera for Improved Scalp Health.",
        "price": "$86.00 ($39.09 / Fl Oz)",
        "listPrice": "",
        "imageUrl": "https://m.media-amazon.com/images/I/31udXsg6i4L._SL160_.jpg",
        "detailPageURL": "https://www.amazon.com/dp/B0B8SMVN44",
        "rating": "4.1",
        "totalReviews": "172",
        "subtitle": "ACT+ ACRE",
        "isPrimeEligible": "1"
    },
    {
        "ASIN": "B003WHBIRC",
        "title": "Eminence Strawberry Rhubarb Hyaluronic Serum, 1 Ounce",
        "price": "$33.50",
        "listPrice": "$42.00",
        "imageUrl": "https://m.media-amazon.com/images/I/31BDD41PGFL._SL160_.jpg",
        "detailPageURL": "https://www.amazon.com/dp/B003WHBIRC",
        "rating": "4.6",
        "totalReviews": "920",
        "subtitle": "Eminence",
        "isPrimeEligible": "1"
    },
    {
        "ASIN": "B0B57PQFB7",
        "title": "Skin 2.0 Hyaluronic Acid and Collagen Face Serum - Locks in Moisture, Skin Firming & Tightening, Anti-aging, Hydrating Facial Serum - Cruelty Free Korean Skincare For All Skin Types - 1.69 Fl. oz",
        "price": "$9.99 ($5.91 / Fl Oz)",
        "listPrice": "",
        "imageUrl": "https://m.media-amazon.com/images/I/51ooE4TDNsL._SL160_.jpg",
        "detailPageURL": "https://www.amazon.com/dp/B0B57PQFB7",
        "rating": "4.5",
        "totalReviews": "326",
        "subtitle": "Skin 2.0",
        "isPrimeEligible": "1"
    },
    {
        "ASIN": "B0B994Q4MS",
        "title": "Mad Hippie Corrective Peptide Serum - Anti-Wrinkle Cream for Face, Serum for Women & Men, Skin Tightening Facial Serum, Collagen Boosting Peptides, 1.02 Fl Oz\u00a0",
        "price": "$28.76 ($28.20 / Fl Oz)",
        "listPrice": "",
        "imageUrl": "https://m.media-amazon.com/images/I/51KHUwBgbeL._SL160_.jpg",
        "detailPageURL": "https://www.amazon.com/dp/B0B994Q4MS",
        "rating": "4.7",
        "totalReviews": "86",
        "subtitle": "Mad Hippie",
        "isPrimeEligible": "1"
    },
    {
        "ASIN": "B08DCD5MRW",
        "title": "TruSkin Face Serum Duo \u2013 Retinol Serum for Face & Vitamin C Serum \u2013 Anti Aging Skin Care Set for Women \u2013 Skin Care for Bright, Smooth, & Firm Skin \u2013 1 fl oz, 2 Bottles",
        "price": "$34.99 ($17.50 / Fl Oz)",
        "listPrice": "",
        "imageUrl": "https://m.media-amazon.com/images/I/51VPFec3HeS._SL160_.jpg",
        "detailPageURL": "https://www.amazon.com/dp/B08DCD5MRW",
        "rating": "4.4",
        "totalReviews": "3058",
        "subtitle": "TruSkin Naturals",
        "isPrimeEligible": "1"
    },
    {
        "ASIN": "B06Y15D1LH",
        "title": "SKIN1004 Madagascar Centella Asiatica Ampoule Facial Serum 3.38 fl.oz(100ml)",
        "price": "$15.00 ($4.44 / Fl Oz)",
        "listPrice": "$20.00 ($5.92 / Fl Oz)",
        "imageUrl": "https://m.media-amazon.com/images/I/31T3n9WfmlL._SL160_.jpg",
        "detailPageURL": "https://www.amazon.com/dp/B06Y15D1LH",
        "rating": "4.6",
        "totalReviews": "2212",
        "subtitle": "SKIN1004",
        "isPrimeEligible": "1"
    },
    {
        "ASIN": "B003WHBIRC",
        "title": "Eminence Strawberry Rhubarb Hyaluronic Serum, 1 Ounce",
        "price": "$33.50",
        "listPrice": "$42.00",
        "imageUrl": "https://m.media-amazon.com/images/I/31BDD41PGFL._SL160_.jpg",
        "detailPageURL": "https://www.amazon.com/dp/B003WHBIRC",
        "rating": "4.6",
        "totalReviews": "920",
        "subtitle": "Eminence",
        "isPrimeEligible": "1"
    },
    {
        "ASIN": "B08Z2BTJST",
        "title": "Eight Saints Pure Hyaluronic Acid Serum for Face Plumping, Natural and Organic Face Serum with Vitamin C and Vitamin E for Fine Lines, Reduces Wrinkles, Firming, Hydrating, Anti-Aging, 1 Oz",
        "price": "$39.00",
        "listPrice": "",
        "imageUrl": "https://m.media-amazon.com/images/I/41-ThTjks2L._SL160_.jpg",
        "detailPageURL": "https://www.amazon.com/dp/B08Z2BTJST",
        "rating": "4.7",
        "totalReviews": "900",
        "subtitle": "Eight Saints",
        "isPrimeEligible": "1"
    },
    {
        "ASIN": "B09CQHJB4M",
        "title": "innisfree Green Tea Hyaluronic Acid Hydrating Serum: Hydrate, Visibly Soothe and Support the Moisture Barrier",
        "price": "$30.00 ($11.11 / Fl Oz)",
        "listPrice": "",
        "imageUrl": "https://m.media-amazon.com/images/I/31w5zpnkz2L._SL160_.jpg",
        "detailPageURL": "https://www.amazon.com/dp/B09CQHJB4M",
        "rating": "4.7",
        "totalReviews": "924",
        "subtitle": "",
        "isPrimeEligible": "1"
    },
    {
        "ASIN": "B0B645WSPG",
        "title": "L'Oreal Paris Revitalift 12% Pure Vitamin C Serum, Vitamin E, Salicylic Acid, Brightening 1 oz + Moisturizer Sample",
        "price": "$25.97",
        "listPrice": "$27.99",
        "imageUrl": "https://m.media-amazon.com/images/I/41t0SjWn6qL._SL160_.jpg",
        "detailPageURL": "https://www.amazon.com/dp/B0B645WSPG",
        "rating": "4.4",
        "totalReviews": "1131",
        "subtitle": "L\u2019Or\u00e9al Paris",
        "isPrimeEligible": "1"
    },
    {
        "ASIN": "B07GDS1NY7",
        "title": "Caudalie Vinopure Natural Salicylic Acid Pore Minimizing Serum (Full size)",
        "price": "$52.00 ($51.49 / Ounce)",
        "listPrice": "",
        "imageUrl": "https://m.media-amazon.com/images/I/211Qqcp0LtL._SL160_.jpg",
        "detailPageURL": "https://www.amazon.com/dp/B07GDS1NY7",
        "rating": "4.5",
        "totalReviews": "727",
        "subtitle": "",
        "isPrimeEligible": "1"
    },
    {
        "ASIN": "B07D8H88TM",
        "title": "IMAGE Skincare, VITAL C Hydrating Vitamin A C E Serum, Brightening Complex, 1 fl oz",
        "price": "$74.00",
        "listPrice": "",
        "imageUrl": "https://m.media-amazon.com/images/I/318ILqU03SL._SL160_.jpg",
        "detailPageURL": "https://www.amazon.com/dp/B07D8H88TM",
        "rating": "4.7",
        "totalReviews": "394",
        "subtitle": "",
        "isPrimeEligible": "1"
    },
    {
        "ASIN": "B0B994Q4MS",
        "title": "Mad Hippie Corrective Peptide Serum - Anti-Wrinkle Cream for Face, Serum for Women & Men, Skin Tightening Facial Serum, Collagen Boosting Peptides, 1.02 Fl Oz\u00a0",
        "price": "$28.76 ($28.20 / Fl Oz)",
        "listPrice": "",
        "imageUrl": "https://m.media-amazon.com/images/I/51KHUwBgbeL._SL160_.jpg",
        "detailPageURL": "https://www.amazon.com/dp/B0B994Q4MS",
        "rating": "4.7",
        "totalReviews": "86",
        "subtitle": "Mad Hippie",
        "isPrimeEligible": "1"
    },
    {
        "ASIN": "B08DCD5MRW",
        "title": "TruSkin Face Serum Duo \u2013 Retinol Serum for Face & Vitamin C Serum \u2013 Anti Aging Skin Care Set for Women \u2013 Skin Care for Bright, Smooth, & Firm Skin \u2013 1 fl oz, 2 Bottles",
        "price": "$34.99 ($17.50 / Fl Oz)",
        "listPrice": "",
        "imageUrl": "https://m.media-amazon.com/images/I/51VPFec3HeS._SL160_.jpg",
        "detailPageURL": "https://www.amazon.com/dp/B08DCD5MRW",
        "rating": "4.4",
        "totalReviews": "3058",
        "subtitle": "TruSkin Naturals",
        "isPrimeEligible": "1"
    },
    {
        "ASIN": "B06Y15D1LH",
        "title": "SKIN1004 Madagascar Centella Asiatica Ampoule Facial Serum 3.38 fl.oz(100ml)",
        "price": "$15.00 ($4.44 / Fl Oz)",
        "listPrice": "$20.00 ($5.92 / Fl Oz)",
        "imageUrl": "https://m.media-amazon.com/images/I/31T3n9WfmlL._SL160_.jpg",
        "detailPageURL": "https://www.amazon.com/dp/B06Y15D1LH",
        "rating": "4.6",
        "totalReviews": "2212",
        "subtitle": "SKIN1004",
        "isPrimeEligible": "1"
    },
    {
        "ASIN": "B003WHBIRC",
        "title": "Eminence Strawberry Rhubarb Hyaluronic Serum, 1 Ounce",
        "price": "$33.50",
        "listPrice": "$42.00",
        "imageUrl": "https://m.media-amazon.com/images/I/31BDD41PGFL._SL160_.jpg",
        "detailPageURL": "https://www.amazon.com/dp/B003WHBIRC",
        "rating": "4.6",
        "totalReviews": "920",
        "subtitle": "Eminence",
        "isPrimeEligible": "1"
    },
    {
        "ASIN": "B08Z2BTJST",
        "title": "Eight Saints Pure Hyaluronic Acid Serum for Face Plumping, Natural and Organic Face Serum with Vitamin C and Vitamin E for Fine Lines, Reduces Wrinkles, Firming, Hydrating, Anti-Aging, 1 Oz",
        "price": "$39.00",
        "listPrice": "",
        "imageUrl": "https://m.media-amazon.com/images/I/41-ThTjks2L._SL160_.jpg",
        "detailPageURL": "https://www.amazon.com/dp/B08Z2BTJST",
        "rating": "4.7",
        "totalReviews": "900",
        "subtitle": "Eight Saints",
        "isPrimeEligible": "1"
    },
    {
        "ASIN": "B09CQHJB4M",
        "title": "innisfree Green Tea Hyaluronic Acid Hydrating Serum: Hydrate, Visibly Soothe and Support the Moisture Barrier",
        "price": "$30.00 ($11.11 / Fl Oz)",
        "listPrice": "",
        "imageUrl": "https://m.media-amazon.com/images/I/31w5zpnkz2L._SL160_.jpg",
        "detailPageURL": "https://www.amazon.com/dp/B09CQHJB4M",
        "rating": "4.7",
        "totalReviews": "924",
        "subtitle": "",
        "isPrimeEligible": "1"
    },
    {
        "ASIN": "B0B645WSPG",
        "title": "L'Oreal Paris Revitalift 12% Pure Vitamin C Serum, Vitamin E, Salicylic Acid, Brightening 1 oz + Moisturizer Sample",
        "price": "$25.97",
        "listPrice": "$27.99",
        "imageUrl": "https://m.media-amazon.com/images/I/41t0SjWn6qL._SL160_.jpg",
        "detailPageURL": "https://www.amazon.com/dp/B0B645WSPG",
        "rating": "4.4",
        "totalReviews": "1131",
        "subtitle": "L\u2019Or\u00e9al Paris",
        "isPrimeEligible": "1"
    },
    {
        "ASIN": "B07GDS1NY7",
        "title": "Caudalie Vinopure Natural Salicylic Acid Pore Minimizing Serum (Full size)",
        "price": "$52.00 ($51.49 / Ounce)",
        "listPrice": "",
        "imageUrl": "https://m.media-amazon.com/images/I/211Qqcp0LtL._SL160_.jpg",
        "detailPageURL": "https://www.amazon.com/dp/B07GDS1NY7",
        "rating": "4.5",
        "totalReviews": "727",
        "subtitle": "",
        "isPrimeEligible": "1"
    },
    {
        "ASIN": "B07D8H88TM",
        "title": "IMAGE Skincare, VITAL C Hydrating Vitamin A C E Serum, Brightening Complex, 1 fl oz",
        "price": "$74.00",
        "listPrice": "",
        "imageUrl": "https://m.media-amazon.com/images/I/318ILqU03SL._SL160_.jpg",
        "detailPageURL": "https://www.amazon.com/dp/B07D8H88TM",
        "rating": "4.7",
        "totalReviews": "394",
        "subtitle": "",
        "isPrimeEligible": "1"
    },
    {
        "ASIN": "B09ZY8T55Y",
        "title": "COSRX Pure Vitamin C 23% Serum with Vitamin E & Hyaluronic Acid, Brightening & Hydrating Facial Serum for Dark Spots, Fine Lines, Uneven Skin Tone, 0.67fl.oz/20ml, Animal Testing-Free, Korean Skincare",
        "price": "$18.73 ($27.96 / Fl Oz)",
        "listPrice": "$25.00 ($37.31 / Fl Oz)",
        "imageUrl": "https://m.media-amazon.com/images/I/41avpd70hVL._SL160_.jpg",
        "detailPageURL": "https://www.amazon.com/dp/B09ZY8T55Y",
        "rating": "4.3",
        "totalReviews": "1505",
        "subtitle": "COSRX",
        "isPrimeEligible": "1"
    },
    {
        "ASIN": "B08DCD5MRW",
        "title": "TruSkin Face Serum Duo \u2013 Retinol Serum for Face & Vitamin C Serum \u2013 Anti Aging Skin Care Set for Women \u2013 Skin Care for Bright, Smooth, & Firm Skin \u2013 1 fl oz, 2 Bottles",
        "price": "$34.99 ($17.50 / Fl Oz)",
        "listPrice": "",
        "imageUrl": "https://m.media-amazon.com/images/I/51VPFec3HeS._SL160_.jpg",
        "detailPageURL": "https://www.amazon.com/dp/B08DCD5MRW",
        "rating": "4.4",
        "totalReviews": "3058",
        "subtitle": "TruSkin Naturals",
        "isPrimeEligible": "1"
    },
    {
        "ASIN": "B06Y15D1LH",
        "title": "SKIN1004 Madagascar Centella Asiatica Ampoule Facial Serum 3.38 fl.oz(100ml)",
        "price": "$15.00 ($4.44 / Fl Oz)",
        "listPrice": "$20.00 ($5.92 / Fl Oz)",
        "imageUrl": "https://m.media-amazon.com/images/I/31T3n9WfmlL._SL160_.jpg",
        "detailPageURL": "https://www.amazon.com/dp/B06Y15D1LH",
        "rating": "4.6",
        "totalReviews": "2212",
        "subtitle": "SKIN1004",
        "isPrimeEligible": "1"
    },
    {
        "ASIN": "B003WHBIRC",
        "title": "Eminence Strawberry Rhubarb Hyaluronic Serum, 1 Ounce",
        "price": "$33.50",
        "listPrice": "$42.00",
        "imageUrl": "https://m.media-amazon.com/images/I/31BDD41PGFL._SL160_.jpg",
        "detailPageURL": "https://www.amazon.com/dp/B003WHBIRC",
        "rating": "4.6",
        "totalReviews": "920",
        "subtitle": "Eminence",
        "isPrimeEligible": "1"
    },
    {
        "ASIN": "B08Z2BTJST",
        "title": "Eight Saints Pure Hyaluronic Acid Serum for Face Plumping, Natural and Organic Face Serum with Vitamin C and Vitamin E for Fine Lines, Reduces Wrinkles, Firming, Hydrating, Anti-Aging, 1 Oz",
        "price": "$39.00",
        "listPrice": "",
        "imageUrl": "https://m.media-amazon.com/images/I/41-ThTjks2L._SL160_.jpg",
        "detailPageURL": "https://www.amazon.com/dp/B08Z2BTJST",
        "rating": "4.7",
        "totalReviews": "900",
        "subtitle": "Eight Saints",
        "isPrimeEligible": "1"
    },
    {
        "ASIN": "B09CQHJB4M",
        "title": "innisfree Green Tea Hyaluronic Acid Hydrating Serum: Hydrate, Visibly Soothe and Support the Moisture Barrier",
        "price": "$30.00 ($11.11 / Fl Oz)",
        "listPrice": "",
        "imageUrl": "https://m.media-amazon.com/images/I/31w5zpnkz2L._SL160_.jpg",
        "detailPageURL": "https://www.amazon.com/dp/B09CQHJB4M",
        "rating": "4.7",
        "totalReviews": "924",
        "subtitle": "",
        "isPrimeEligible": "1"
    },
    {
        "ASIN": "B0B645WSPG",
        "title": "L'Oreal Paris Revitalift 12% Pure Vitamin C Serum, Vitamin E, Salicylic Acid, Brightening 1 oz + Moisturizer Sample",
        "price": "$25.97",
        "listPrice": "$27.99",
        "imageUrl": "https://m.media-amazon.com/images/I/41t0SjWn6qL._SL160_.jpg",
        "detailPageURL": "https://www.amazon.com/dp/B0B645WSPG",
        "rating": "4.4",
        "totalReviews": "1131",
        "subtitle": "L\u2019Or\u00e9al Paris",
        "isPrimeEligible": "1"
    },
    {
        "ASIN": "B07GDS1NY7",
        "title": "Caudalie Vinopure Natural Salicylic Acid Pore Minimizing Serum (Full size)",
        "price": "$52.00 ($51.49 / Ounce)",
        "listPrice": "",
        "imageUrl": "https://m.media-amazon.com/images/I/211Qqcp0LtL._SL160_.jpg",
        "detailPageURL": "https://www.amazon.com/dp/B07GDS1NY7",
        "rating": "4.5",
        "totalReviews": "727",
        "subtitle": "",
        "isPrimeEligible": "1"
    },
    {
        "ASIN": "B07D8H88TM",
        "title": "IMAGE Skincare, VITAL C Hydrating Vitamin A C E Serum, Brightening Complex, 1 fl oz",
        "price": "$74.00",
        "listPrice": "",
        "imageUrl": "https://m.media-amazon.com/images/I/318ILqU03SL._SL160_.jpg",
        "detailPageURL": "https://www.amazon.com/dp/B07D8H88TM",
        "rating": "4.7",
        "totalReviews": "394",
        "subtitle": "",
        "isPrimeEligible": "1"
    },
    {
        "ASIN": "B09ZY8T55Y",
        "title": "COSRX Pure Vitamin C 23% Serum with Vitamin E & Hyaluronic Acid, Brightening & Hydrating Facial Serum for Dark Spots, Fine Lines, Uneven Skin Tone, 0.67fl.oz/20ml, Animal Testing-Free, Korean Skincare",
        "price": "$18.73 ($27.96 / Fl Oz)",
        "listPrice": "$25.00 ($37.31 / Fl Oz)",
        "imageUrl": "https://m.media-amazon.com/images/I/41avpd70hVL._SL160_.jpg",
        "detailPageURL": "https://www.amazon.com/dp/B09ZY8T55Y",
        "rating": "4.3",
        "totalReviews": "1505",
        "subtitle": "COSRX",
        "isPrimeEligible": "1"
    },
    {
        "ASIN": "B07YZMMH8Q",
        "title": "Olay Regenerist Micro-Sculpting Serum, 2-Pack, Ultra-Lightweight Anti-Aging Moisturizer, 100ml (3.4 FL OZ) Total",
        "price": "$40.95 ($6.02 / Fl Oz)",
        "listPrice": "$52.95 ($7.79 / Fl Oz)",
        "imageUrl": "https://m.media-amazon.com/images/I/41lZbfejY2L._SL160_.jpg",
        "detailPageURL": "https://www.amazon.com/dp/B07YZMMH8Q",
        "rating": "4.7",
        "totalReviews": "1113",
        "subtitle": "Olay",
        "isPrimeEligible": "1"
    },
    {
        "ASIN": "B06Y15D1LH",
        "title": "SKIN1004 Madagascar Centella Asiatica Ampoule Facial Serum 3.38 fl.oz(100ml)",
        "price": "$15.00 ($4.44 / Fl Oz)",
        "listPrice": "$20.00 ($5.92 / Fl Oz)",
        "imageUrl": "https://m.media-amazon.com/images/I/31T3n9WfmlL._SL160_.jpg",
        "detailPageURL": "https://www.amazon.com/dp/B06Y15D1LH",
        "rating": "4.6",
        "totalReviews": "2212",
        "subtitle": "SKIN1004",
        "isPrimeEligible": "1"
    },
    {
        "ASIN": "B003WHBIRC",
        "title": "Eminence Strawberry Rhubarb Hyaluronic Serum, 1 Ounce",
        "price": "$33.50",
        "listPrice": "$42.00",
        "imageUrl": "https://m.media-amazon.com/images/I/31BDD41PGFL._SL160_.jpg",
        "detailPageURL": "https://www.amazon.com/dp/B003WHBIRC",
        "rating": "4.6",
        "totalReviews": "920",
        "subtitle": "Eminence",
        "isPrimeEligible": "1"
    },
    {
        "ASIN": "B08Z2BTJST",
        "title": "Eight Saints Pure Hyaluronic Acid Serum for Face Plumping, Natural and Organic Face Serum with Vitamin C and Vitamin E for Fine Lines, Reduces Wrinkles, Firming, Hydrating, Anti-Aging, 1 Oz",
        "price": "$39.00",
        "listPrice": "",
        "imageUrl": "https://m.media-amazon.com/images/I/41-ThTjks2L._SL160_.jpg",
        "detailPageURL": "https://www.amazon.com/dp/B08Z2BTJST",
        "rating": "4.7",
        "totalReviews": "900",
        "subtitle": "Eight Saints",
        "isPrimeEligible": "1"
    },
    {
        "ASIN": "B09CQHJB4M",
        "title": "innisfree Green Tea Hyaluronic Acid Hydrating Serum: Hydrate, Visibly Soothe and Support the Moisture Barrier",
        "price": "$30.00 ($11.11 / Fl Oz)",
        "listPrice": "",
        "imageUrl": "https://m.media-amazon.com/images/I/31w5zpnkz2L._SL160_.jpg",
        "detailPageURL": "https://www.amazon.com/dp/B09CQHJB4M",
        "rating": "4.7",
        "totalReviews": "924",
        "subtitle": "",
        "isPrimeEligible": "1"
    },
    {
        "ASIN": "B0B645WSPG",
        "title": "L'Oreal Paris Revitalift 12% Pure Vitamin C Serum, Vitamin E, Salicylic Acid, Brightening 1 oz + Moisturizer Sample",
        "price": "$25.97",
        "listPrice": "$27.99",
        "imageUrl": "https://m.media-amazon.com/images/I/41t0SjWn6qL._SL160_.jpg",
        "detailPageURL": "https://www.amazon.com/dp/B0B645WSPG",
        "rating": "4.4",
        "totalReviews": "1131",
        "subtitle": "L\u2019Or\u00e9al Paris",
        "isPrimeEligible": "1"
    },
    {
        "ASIN": "B07GDS1NY7",
        "title": "Caudalie Vinopure Natural Salicylic Acid Pore Minimizing Serum (Full size)",
        "price": "$52.00 ($51.49 / Ounce)",
        "listPrice": "",
        "imageUrl": "https://m.media-amazon.com/images/I/211Qqcp0LtL._SL160_.jpg",
        "detailPageURL": "https://www.amazon.com/dp/B07GDS1NY7",
        "rating": "4.5",
        "totalReviews": "727",
        "subtitle": "",
        "isPrimeEligible": "1"
    },
    {
        "ASIN": "B07D8H88TM",
        "title": "IMAGE Skincare, VITAL C Hydrating Vitamin A C E Serum, Brightening Complex, 1 fl oz",
        "price": "$74.00",
        "listPrice": "",
        "imageUrl": "https://m.media-amazon.com/images/I/318ILqU03SL._SL160_.jpg",
        "detailPageURL": "https://www.amazon.com/dp/B07D8H88TM",
        "rating": "4.7",
        "totalReviews": "394",
        "subtitle": "",
        "isPrimeEligible": "1"
    },
    {
        "ASIN": "B09ZY8T55Y",
        "title": "COSRX Pure Vitamin C 23% Serum with Vitamin E & Hyaluronic Acid, Brightening & Hydrating Facial Serum for Dark Spots, Fine Lines, Uneven Skin Tone, 0.67fl.oz/20ml, Animal Testing-Free, Korean Skincare",
        "price": "$18.73 ($27.96 / Fl Oz)",
        "listPrice": "$25.00 ($37.31 / Fl Oz)",
        "imageUrl": "https://m.media-amazon.com/images/I/41avpd70hVL._SL160_.jpg",
        "detailPageURL": "https://www.amazon.com/dp/B09ZY8T55Y",
        "rating": "4.3",
        "totalReviews": "1505",
        "subtitle": "COSRX",
        "isPrimeEligible": "1"
    },
    {
        "ASIN": "B07YZMMH8Q",
        "title": "Olay Regenerist Micro-Sculpting Serum, 2-Pack, Ultra-Lightweight Anti-Aging Moisturizer, 100ml (3.4 FL OZ) Total",
        "price": "$40.95 ($6.02 / Fl Oz)",
        "listPrice": "$52.95 ($7.79 / Fl Oz)",
        "imageUrl": "https://m.media-amazon.com/images/I/41lZbfejY2L._SL160_.jpg",
        "detailPageURL": "https://www.amazon.com/dp/B07YZMMH8Q",
        "rating": "4.7",
        "totalReviews": "1113",
        "subtitle": "Olay",
        "isPrimeEligible": "1"
    },
    {
        "ASIN": "B0BS8M8Q5L",
        "title": "COSRX Pure Vitamin C 13% Serum with Vitamin E & Hyaluronic Acid, Brightening & Hydrating Facial Serum for Dark Spots, Fine Lines, Uneven Skin tone, 0.67fl.oz/20ml, Animal Testing-Free, Korean Skincare",
        "price": "$18.90 ($28.21 / Fl Oz)",
        "listPrice": "$21.00 ($31.34 / Fl Oz)",
        "imageUrl": "https://m.media-amazon.com/images/I/41brvj6wdCL._SL160_.jpg",
        "detailPageURL": "https://www.amazon.com/dp/B0BS8M8Q5L",
        "rating": "4.4",
        "totalReviews": "130",
        "subtitle": "COSRX",
        "isPrimeEligible": "1"
    },
    {
        "ASIN": "B003WHBIRC",
        "title": "Eminence Strawberry Rhubarb Hyaluronic Serum, 1 Ounce",
        "price": "$33.50",
        "listPrice": "$42.00",
        "imageUrl": "https://m.media-amazon.com/images/I/31BDD41PGFL._SL160_.jpg",
        "detailPageURL": "https://www.amazon.com/dp/B003WHBIRC",
        "rating": "4.6",
        "totalReviews": "920",
        "subtitle": "Eminence",
        "isPrimeEligible": "1"
    },
    {
        "ASIN": "B08Z2BTJST",
        "title": "Eight Saints Pure Hyaluronic Acid Serum for Face Plumping, Natural and Organic Face Serum with Vitamin C and Vitamin E for Fine Lines, Reduces Wrinkles, Firming, Hydrating, Anti-Aging, 1 Oz",
        "price": "$39.00",
        "listPrice": "",
        "imageUrl": "https://m.media-amazon.com/images/I/41-ThTjks2L._SL160_.jpg",
        "detailPageURL": "https://www.amazon.com/dp/B08Z2BTJST",
        "rating": "4.7",
        "totalReviews": "900",
        "subtitle": "Eight Saints",
        "isPrimeEligible": "1"
    },
    {
        "ASIN": "B09CQHJB4M",
        "title": "innisfree Green Tea Hyaluronic Acid Hydrating Serum: Hydrate, Visibly Soothe and Support the Moisture Barrier",
        "price": "$30.00 ($11.11 / Fl Oz)",
        "listPrice": "",
        "imageUrl": "https://m.media-amazon.com/images/I/31w5zpnkz2L._SL160_.jpg",
        "detailPageURL": "https://www.amazon.com/dp/B09CQHJB4M",
        "rating": "4.7",
        "totalReviews": "924",
        "subtitle": "",
        "isPrimeEligible": "1"
    },
    {
        "ASIN": "B0B645WSPG",
        "title": "L'Oreal Paris Revitalift 12% Pure Vitamin C Serum, Vitamin E, Salicylic Acid, Brightening 1 oz + Moisturizer Sample",
        "price": "$25.97",
        "listPrice": "$27.99",
        "imageUrl": "https://m.media-amazon.com/images/I/41t0SjWn6qL._SL160_.jpg",
        "detailPageURL": "https://www.amazon.com/dp/B0B645WSPG",
        "rating": "4.4",
        "totalReviews": "1131",
        "subtitle": "L\u2019Or\u00e9al Paris",
        "isPrimeEligible": "1"
    },
    {
        "ASIN": "B07GDS1NY7",
        "title": "Caudalie Vinopure Natural Salicylic Acid Pore Minimizing Serum (Full size)",
        "price": "$52.00 ($51.49 / Ounce)",
        "listPrice": "",
        "imageUrl": "https://m.media-amazon.com/images/I/211Qqcp0LtL._SL160_.jpg",
        "detailPageURL": "https://www.amazon.com/dp/B07GDS1NY7",
        "rating": "4.5",
        "totalReviews": "727",
        "subtitle": "",
        "isPrimeEligible": "1"
    },
    {
        "ASIN": "B07D8H88TM",
        "title": "IMAGE Skincare, VITAL C Hydrating Vitamin A C E Serum, Brightening Complex, 1 fl oz",
        "price": "$74.00",
        "listPrice": "",
        "imageUrl": "https://m.media-amazon.com/images/I/318ILqU03SL._SL160_.jpg",
        "detailPageURL": "https://www.amazon.com/dp/B07D8H88TM",
        "rating": "4.7",
        "totalReviews": "394",
        "subtitle": "",
        "isPrimeEligible": "1"
    },
    {
        "ASIN": "B09ZY8T55Y",
        "title": "COSRX Pure Vitamin C 23% Serum with Vitamin E & Hyaluronic Acid, Brightening & Hydrating Facial Serum for Dark Spots, Fine Lines, Uneven Skin Tone, 0.67fl.oz/20ml, Animal Testing-Free, Korean Skincare",
        "price": "$18.73 ($27.96 / Fl Oz)",
        "listPrice": "$25.00 ($37.31 / Fl Oz)",
        "imageUrl": "https://m.media-amazon.com/images/I/41avpd70hVL._SL160_.jpg",
        "detailPageURL": "https://www.amazon.com/dp/B09ZY8T55Y",
        "rating": "4.3",
        "totalReviews": "1505",
        "subtitle": "COSRX",
        "isPrimeEligible": "1"
    },
    {
        "ASIN": "B07YZMMH8Q",
        "title": "Olay Regenerist Micro-Sculpting Serum, 2-Pack, Ultra-Lightweight Anti-Aging Moisturizer, 100ml (3.4 FL OZ) Total",
        "price": "$40.95 ($6.02 / Fl Oz)",
        "listPrice": "$52.95 ($7.79 / Fl Oz)",
        "imageUrl": "https://m.media-amazon.com/images/I/41lZbfejY2L._SL160_.jpg",
        "detailPageURL": "https://www.amazon.com/dp/B07YZMMH8Q",
        "rating": "4.7",
        "totalReviews": "1113",
        "subtitle": "Olay",
        "isPrimeEligible": "1"
    },
    {
        "ASIN": "B0BS8M8Q5L",
        "title": "COSRX Pure Vitamin C 13% Serum with Vitamin E & Hyaluronic Acid, Brightening & Hydrating Facial Serum for Dark Spots, Fine Lines, Uneven Skin tone, 0.67fl.oz/20ml, Animal Testing-Free, Korean Skincare",
        "price": "$18.90 ($28.21 / Fl Oz)",
        "listPrice": "$21.00 ($31.34 / Fl Oz)",
        "imageUrl": "https://m.media-amazon.com/images/I/41brvj6wdCL._SL160_.jpg",
        "detailPageURL": "https://www.amazon.com/dp/B0BS8M8Q5L",
        "rating": "4.4",
        "totalReviews": "130",
        "subtitle": "COSRX",
        "isPrimeEligible": "1"
    },
    {
        "ASIN": "B0B8SMVN44",
        "title": "Act+Acre Cold Processed Apple Stem Cell Scalp Serum - Promotes Growth and Lessens Hair Loss - Soothes and Hydrates the Scalp - Sulphate and Paraben Free - Aloe Vera for Improved Scalp Health.",
        "price": "$86.00 ($39.09 / Fl Oz)",
        "listPrice": "",
        "imageUrl": "https://m.media-amazon.com/images/I/31udXsg6i4L._SL160_.jpg",
        "detailPageURL": "https://www.amazon.com/dp/B0B8SMVN44",
        "rating": "4.1",
        "totalReviews": "172",
        "subtitle": "ACT+ ACRE",
        "isPrimeEligible": "1"
    },
    {
        "ASIN": "B08Z2BTJST",
        "title": "Eight Saints Pure Hyaluronic Acid Serum for Face Plumping, Natural and Organic Face Serum with Vitamin C and Vitamin E for Fine Lines, Reduces Wrinkles, Firming, Hydrating, Anti-Aging, 1 Oz",
        "price": "$39.00",
        "listPrice": "",
        "imageUrl": "https://m.media-amazon.com/images/I/41-ThTjks2L._SL160_.jpg",
        "detailPageURL": "https://www.amazon.com/dp/B08Z2BTJST",
        "rating": "4.7",
        "totalReviews": "900",
        "subtitle": "Eight Saints",
        "isPrimeEligible": "1"
    },
    {
        "ASIN": "B09CQHJB4M",
        "title": "innisfree Green Tea Hyaluronic Acid Hydrating Serum: Hydrate, Visibly Soothe and Support the Moisture Barrier",
        "price": "$30.00 ($11.11 / Fl Oz)",
        "listPrice": "",
        "imageUrl": "https://m.media-amazon.com/images/I/31w5zpnkz2L._SL160_.jpg",
        "detailPageURL": "https://www.amazon.com/dp/B09CQHJB4M",
        "rating": "4.7",
        "totalReviews": "924",
        "subtitle": "",
        "isPrimeEligible": "1"
    },
    {
        "ASIN": "B0B645WSPG",
        "title": "L'Oreal Paris Revitalift 12% Pure Vitamin C Serum, Vitamin E, Salicylic Acid, Brightening 1 oz + Moisturizer Sample",
        "price": "$25.97",
        "listPrice": "$27.99",
        "imageUrl": "https://m.media-amazon.com/images/I/41t0SjWn6qL._SL160_.jpg",
        "detailPageURL": "https://www.amazon.com/dp/B0B645WSPG",
        "rating": "4.4",
        "totalReviews": "1131",
        "subtitle": "L\u2019Or\u00e9al Paris",
        "isPrimeEligible": "1"
    },
    {
        "ASIN": "B07GDS1NY7",
        "title": "Caudalie Vinopure Natural Salicylic Acid Pore Minimizing Serum (Full size)",
        "price": "$52.00 ($51.49 / Ounce)",
        "listPrice": "",
        "imageUrl": "https://m.media-amazon.com/images/I/211Qqcp0LtL._SL160_.jpg",
        "detailPageURL": "https://www.amazon.com/dp/B07GDS1NY7",
        "rating": "4.5",
        "totalReviews": "727",
        "subtitle": "",
        "isPrimeEligible": "1"
    },
    {
        "ASIN": "B07D8H88TM",
        "title": "IMAGE Skincare, VITAL C Hydrating Vitamin A C E Serum, Brightening Complex, 1 fl oz",
        "price": "$74.00",
        "listPrice": "",
        "imageUrl": "https://m.media-amazon.com/images/I/318ILqU03SL._SL160_.jpg",
        "detailPageURL": "https://www.amazon.com/dp/B07D8H88TM",
        "rating": "4.7",
        "totalReviews": "394",
        "subtitle": "",
        "isPrimeEligible": "1"
    },
    {
        "ASIN": "B09ZY8T55Y",
        "title": "COSRX Pure Vitamin C 23% Serum with Vitamin E & Hyaluronic Acid, Brightening & Hydrating Facial Serum for Dark Spots, Fine Lines, Uneven Skin Tone, 0.67fl.oz/20ml, Animal Testing-Free, Korean Skincare",
        "price": "$18.73 ($27.96 / Fl Oz)",
        "listPrice": "$25.00 ($37.31 / Fl Oz)",
        "imageUrl": "https://m.media-amazon.com/images/I/41avpd70hVL._SL160_.jpg",
        "detailPageURL": "https://www.amazon.com/dp/B09ZY8T55Y",
        "rating": "4.3",
        "totalReviews": "1505",
        "subtitle": "COSRX",
        "isPrimeEligible": "1"
    },
    {
        "ASIN": "B07YZMMH8Q",
        "title": "Olay Regenerist Micro-Sculpting Serum, 2-Pack, Ultra-Lightweight Anti-Aging Moisturizer, 100ml (3.4 FL OZ) Total",
        "price": "$40.95 ($6.02 / Fl Oz)",
        "listPrice": "$52.95 ($7.79 / Fl Oz)",
        "imageUrl": "https://m.media-amazon.com/images/I/41lZbfejY2L._SL160_.jpg",
        "detailPageURL": "https://www.amazon.com/dp/B07YZMMH8Q",
        "rating": "4.7",
        "totalReviews": "1113",
        "subtitle": "Olay",
        "isPrimeEligible": "1"
    },
    {
        "ASIN": "B0BS8M8Q5L",
        "title": "COSRX Pure Vitamin C 13% Serum with Vitamin E & Hyaluronic Acid, Brightening & Hydrating Facial Serum for Dark Spots, Fine Lines, Uneven Skin tone, 0.67fl.oz/20ml, Animal Testing-Free, Korean Skincare",
        "price": "$18.90 ($28.21 / Fl Oz)",
        "listPrice": "$21.00 ($31.34 / Fl Oz)",
        "imageUrl": "https://m.media-amazon.com/images/I/41brvj6wdCL._SL160_.jpg",
        "detailPageURL": "https://www.amazon.com/dp/B0BS8M8Q5L",
        "rating": "4.4",
        "totalReviews": "130",
        "subtitle": "COSRX",
        "isPrimeEligible": "1"
    },
    {
        "ASIN": "B0B8SMVN44",
        "title": "Act+Acre Cold Processed Apple Stem Cell Scalp Serum - Promotes Growth and Lessens Hair Loss - Soothes and Hydrates the Scalp - Sulphate and Paraben Free - Aloe Vera for Improved Scalp Health.",
        "price": "$86.00 ($39.09 / Fl Oz)",
        "listPrice": "",
        "imageUrl": "https://m.media-amazon.com/images/I/31udXsg6i4L._SL160_.jpg",
        "detailPageURL": "https://www.amazon.com/dp/B0B8SMVN44",
        "rating": "4.1",
        "totalReviews": "172",
        "subtitle": "ACT+ ACRE",
        "isPrimeEligible": "1"
    },
    {
        "ASIN": "B0758QB438",
        "title": "Valjean Labs Facial Serum, Hydrate | Hyaluronic Acid + Vitamin B5 | Helps to Hydrate and Plump Skin and Restore Elasticity | Paraben Free, Cruelty Free, Made in USA (1.83 oz)",
        "price": "$13.39 ($7.32 / Fl Oz)",
        "listPrice": "",
        "imageUrl": "https://m.media-amazon.com/images/I/31tMU5FjwuL._SL160_.jpg",
        "detailPageURL": "https://www.amazon.com/dp/B0758QB438",
        "rating": "4.4",
        "totalReviews": "1894",
        "subtitle": "Valjean Labs",
        "isPrimeEligible": "1"
    },
    {
        "ASIN": "B09CQHJB4M",
        "title": "innisfree Green Tea Hyaluronic Acid Hydrating Serum: Hydrate, Visibly Soothe and Support the Moisture Barrier",
        "price": "$30.00 ($11.11 / Fl Oz)",
        "listPrice": "",
        "imageUrl": "https://m.media-amazon.com/images/I/31w5zpnkz2L._SL160_.jpg",
        "detailPageURL": "https://www.amazon.com/dp/B09CQHJB4M",
        "rating": "4.7",
        "totalReviews": "924",
        "subtitle": "",
        "isPrimeEligible": "1"
    },
    {
        "ASIN": "B0B645WSPG",
        "title": "L'Oreal Paris Revitalift 12% Pure Vitamin C Serum, Vitamin E, Salicylic Acid, Brightening 1 oz + Moisturizer Sample",
        "price": "$25.97",
        "listPrice": "$27.99",
        "imageUrl": "https://m.media-amazon.com/images/I/41t0SjWn6qL._SL160_.jpg",
        "detailPageURL": "https://www.amazon.com/dp/B0B645WSPG",
        "rating": "4.4",
        "totalReviews": "1131",
        "subtitle": "L\u2019Or\u00e9al Paris",
        "isPrimeEligible": "1"
    },
    {
        "ASIN": "B07GDS1NY7",
        "title": "Caudalie Vinopure Natural Salicylic Acid Pore Minimizing Serum (Full size)",
        "price": "$52.00 ($51.49 / Ounce)",
        "listPrice": "",
        "imageUrl": "https://m.media-amazon.com/images/I/211Qqcp0LtL._SL160_.jpg",
        "detailPageURL": "https://www.amazon.com/dp/B07GDS1NY7",
        "rating": "4.5",
        "totalReviews": "727",
        "subtitle": "",
        "isPrimeEligible": "1"
    },
    {
        "ASIN": "B07D8H88TM",
        "title": "IMAGE Skincare, VITAL C Hydrating Vitamin A C E Serum, Brightening Complex, 1 fl oz",
        "price": "$74.00",
        "listPrice": "",
        "imageUrl": "https://m.media-amazon.com/images/I/318ILqU03SL._SL160_.jpg",
        "detailPageURL": "https://www.amazon.com/dp/B07D8H88TM",
        "rating": "4.7",
        "totalReviews": "394",
        "subtitle": "",
        "isPrimeEligible": "1"
    },
    {
        "ASIN": "B09ZY8T55Y",
        "title": "COSRX Pure Vitamin C 23% Serum with Vitamin E & Hyaluronic Acid, Brightening & Hydrating Facial Serum for Dark Spots, Fine Lines, Uneven Skin Tone, 0.67fl.oz/20ml, Animal Testing-Free, Korean Skincare",
        "price": "$18.73 ($27.96 / Fl Oz)",
        "listPrice": "$25.00 ($37.31 / Fl Oz)",
        "imageUrl": "https://m.media-amazon.com/images/I/41avpd70hVL._SL160_.jpg",
        "detailPageURL": "https://www.amazon.com/dp/B09ZY8T55Y",
        "rating": "4.3",
        "totalReviews": "1505",
        "subtitle": "COSRX",
        "isPrimeEligible": "1"
    },
    {
        "ASIN": "B07YZMMH8Q",
        "title": "Olay Regenerist Micro-Sculpting Serum, 2-Pack, Ultra-Lightweight Anti-Aging Moisturizer, 100ml (3.4 FL OZ) Total",
        "price": "$40.95 ($6.02 / Fl Oz)",
        "listPrice": "$52.95 ($7.79 / Fl Oz)",
        "imageUrl": "https://m.media-amazon.com/images/I/41lZbfejY2L._SL160_.jpg",
        "detailPageURL": "https://www.amazon.com/dp/B07YZMMH8Q",
        "rating": "4.7",
        "totalReviews": "1113",
        "subtitle": "Olay",
        "isPrimeEligible": "1"
    },
    {
        "ASIN": "B0BS8M8Q5L",
        "title": "COSRX Pure Vitamin C 13% Serum with Vitamin E & Hyaluronic Acid, Brightening & Hydrating Facial Serum for Dark Spots, Fine Lines, Uneven Skin tone, 0.67fl.oz/20ml, Animal Testing-Free, Korean Skincare",
        "price": "$18.90 ($28.21 / Fl Oz)",
        "listPrice": "$21.00 ($31.34 / Fl Oz)",
        "imageUrl": "https://m.media-amazon.com/images/I/41brvj6wdCL._SL160_.jpg",
        "detailPageURL": "https://www.amazon.com/dp/B0BS8M8Q5L",
        "rating": "4.4",
        "totalReviews": "130",
        "subtitle": "COSRX",
        "isPrimeEligible": "1"
    },
    {
        "ASIN": "B0B8SMVN44",
        "title": "Act+Acre Cold Processed Apple Stem Cell Scalp Serum - Promotes Growth and Lessens Hair Loss - Soothes and Hydrates the Scalp - Sulphate and Paraben Free - Aloe Vera for Improved Scalp Health.",
        "price": "$86.00 ($39.09 / Fl Oz)",
        "listPrice": "",
        "imageUrl": "https://m.media-amazon.com/images/I/31udXsg6i4L._SL160_.jpg",
        "detailPageURL": "https://www.amazon.com/dp/B0B8SMVN44",
        "rating": "4.1",
        "totalReviews": "172",
        "subtitle": "ACT+ ACRE",
        "isPrimeEligible": "1"
    },
    {
        "ASIN": "B0758QB438",
        "title": "Valjean Labs Facial Serum, Hydrate | Hyaluronic Acid + Vitamin B5 | Helps to Hydrate and Plump Skin and Restore Elasticity | Paraben Free, Cruelty Free, Made in USA (1.83 oz)",
        "price": "$13.39 ($7.32 / Fl Oz)",
        "listPrice": "",
        "imageUrl": "https://m.media-amazon.com/images/I/31tMU5FjwuL._SL160_.jpg",
        "detailPageURL": "https://www.amazon.com/dp/B0758QB438",
        "rating": "4.4",
        "totalReviews": "1894",
        "subtitle": "Valjean Labs",
        "isPrimeEligible": "1"
    },
    {
        "ASIN": "B09734TG8N",
        "title": "3-PACK Face Serums Set - Vitamin C Serum for Face, Hyaluronic Acid Serum for Face, Retinol Serum for Face - Facial Serum Care Set Anti Aging Face Serum for Women, Serums for Skin Care",
        "price": "$24.99 ($24.99 / Fl Oz)",
        "listPrice": "$28.99 ($28.99 / Fl Oz)",
        "imageUrl": "https://m.media-amazon.com/images/I/61Zgpk04l9L._SL160_.jpg",
        "detailPageURL": "https://www.amazon.com/dp/B09734TG8N",
        "rating": "4.3",
        "totalReviews": "8960",
        "subtitle": "Eclat Skincare",
        "isPrimeEligible": "1"
    },
    {
        "ASIN": "B0B645WSPG",
        "title": "L'Oreal Paris Revitalift 12% Pure Vitamin C Serum, Vitamin E, Salicylic Acid, Brightening 1 oz + Moisturizer Sample",
        "price": "$25.97",
        "listPrice": "$27.99",
        "imageUrl": "https://m.media-amazon.com/images/I/41t0SjWn6qL._SL160_.jpg",
        "detailPageURL": "https://www.amazon.com/dp/B0B645WSPG",
        "rating": "4.4",
        "totalReviews": "1131",
        "subtitle": "L\u2019Or\u00e9al Paris",
        "isPrimeEligible": "1"
    },
    {
        "ASIN": "B07GDS1NY7",
        "title": "Caudalie Vinopure Natural Salicylic Acid Pore Minimizing Serum (Full size)",
        "price": "$52.00 ($51.49 / Ounce)",
        "listPrice": "",
        "imageUrl": "https://m.media-amazon.com/images/I/211Qqcp0LtL._SL160_.jpg",
        "detailPageURL": "https://www.amazon.com/dp/B07GDS1NY7",
        "rating": "4.5",
        "totalReviews": "727",
        "subtitle": "",
        "isPrimeEligible": "1"
    },
    {
        "ASIN": "B07D8H88TM",
        "title": "IMAGE Skincare, VITAL C Hydrating Vitamin A C E Serum, Brightening Complex, 1 fl oz",
        "price": "$74.00",
        "listPrice": "",
        "imageUrl": "https://m.media-amazon.com/images/I/318ILqU03SL._SL160_.jpg",
        "detailPageURL": "https://www.amazon.com/dp/B07D8H88TM",
        "rating": "4.7",
        "totalReviews": "394",
        "subtitle": "",
        "isPrimeEligible": "1"
    },
    {
        "ASIN": "B09ZY8T55Y",
        "title": "COSRX Pure Vitamin C 23% Serum with Vitamin E & Hyaluronic Acid, Brightening & Hydrating Facial Serum for Dark Spots, Fine Lines, Uneven Skin Tone, 0.67fl.oz/20ml, Animal Testing-Free, Korean Skincare",
        "price": "$18.73 ($27.96 / Fl Oz)",
        "listPrice": "$25.00 ($37.31 / Fl Oz)",
        "imageUrl": "https://m.media-amazon.com/images/I/41avpd70hVL._SL160_.jpg",
        "detailPageURL": "https://www.amazon.com/dp/B09ZY8T55Y",
        "rating": "4.3",
        "totalReviews": "1505",
        "subtitle": "COSRX",
        "isPrimeEligible": "1"
    },
    {
        "ASIN": "B07YZMMH8Q",
        "title": "Olay Regenerist Micro-Sculpting Serum, 2-Pack, Ultra-Lightweight Anti-Aging Moisturizer, 100ml (3.4 FL OZ) Total",
        "price": "$40.95 ($6.02 / Fl Oz)",
        "listPrice": "$52.95 ($7.79 / Fl Oz)",
        "imageUrl": "https://m.media-amazon.com/images/I/41lZbfejY2L._SL160_.jpg",
        "detailPageURL": "https://www.amazon.com/dp/B07YZMMH8Q",
        "rating": "4.7",
        "totalReviews": "1113",
        "subtitle": "Olay",
        "isPrimeEligible": "1"
    },
    {
        "ASIN": "B0BS8M8Q5L",
        "title": "COSRX Pure Vitamin C 13% Serum with Vitamin E & Hyaluronic Acid, Brightening & Hydrating Facial Serum for Dark Spots, Fine Lines, Uneven Skin tone, 0.67fl.oz/20ml, Animal Testing-Free, Korean Skincare",
        "price": "$18.90 ($28.21 / Fl Oz)",
        "listPrice": "$21.00 ($31.34 / Fl Oz)",
        "imageUrl": "https://m.media-amazon.com/images/I/41brvj6wdCL._SL160_.jpg",
        "detailPageURL": "https://www.amazon.com/dp/B0BS8M8Q5L",
        "rating": "4.4",
        "totalReviews": "130",
        "subtitle": "COSRX",
        "isPrimeEligible": "1"
    },
    {
        "ASIN": "B0B8SMVN44",
        "title": "Act+Acre Cold Processed Apple Stem Cell Scalp Serum - Promotes Growth and Lessens Hair Loss - Soothes and Hydrates the Scalp - Sulphate and Paraben Free - Aloe Vera for Improved Scalp Health.",
        "price": "$86.00 ($39.09 / Fl Oz)",
        "listPrice": "",
        "imageUrl": "https://m.media-amazon.com/images/I/31udXsg6i4L._SL160_.jpg",
        "detailPageURL": "https://www.amazon.com/dp/B0B8SMVN44",
        "rating": "4.1",
        "totalReviews": "172",
        "subtitle": "ACT+ ACRE",
        "isPrimeEligible": "1"
    },
    {
        "ASIN": "B0758QB438",
        "title": "Valjean Labs Facial Serum, Hydrate | Hyaluronic Acid + Vitamin B5 | Helps to Hydrate and Plump Skin and Restore Elasticity | Paraben Free, Cruelty Free, Made in USA (1.83 oz)",
        "price": "$13.39 ($7.32 / Fl Oz)",
        "listPrice": "",
        "imageUrl": "https://m.media-amazon.com/images/I/31tMU5FjwuL._SL160_.jpg",
        "detailPageURL": "https://www.amazon.com/dp/B0758QB438",
        "rating": "4.4",
        "totalReviews": "1894",
        "subtitle": "Valjean Labs",
        "isPrimeEligible": "1"
    },
    {
        "ASIN": "B09734TG8N",
        "title": "3-PACK Face Serums Set - Vitamin C Serum for Face, Hyaluronic Acid Serum for Face, Retinol Serum for Face - Facial Serum Care Set Anti Aging Face Serum for Women, Serums for Skin Care",
        "price": "$24.99 ($24.99 / Fl Oz)",
        "listPrice": "$28.99 ($28.99 / Fl Oz)",
        "imageUrl": "https://m.media-amazon.com/images/I/61Zgpk04l9L._SL160_.jpg",
        "detailPageURL": "https://www.amazon.com/dp/B09734TG8N",
        "rating": "4.3",
        "totalReviews": "8960",
        "subtitle": "Eclat Skincare",
        "isPrimeEligible": "1"
    },
    {
        "ASIN": "B07QSF1LK3",
        "title": "JUMISO All Day Vitamin Serum, Brightening & Balancing Facial Serum, Mother's Day, Gift, Vitamin C, A, B, D, E , Serum with Vitamin, Korean Skincare, Skin brightening, soothing, Vegan serum, Vitamin tree extract 86.14%, Niacinamide 20,000ppm,1.01 fl oz (serum)",
        "price": "$14.03 ($13.89 / Fl Oz)",
        "listPrice": "$19.00 ($18.81 / Fl Oz)",
        "imageUrl": "https://m.media-amazon.com/images/I/31+qe3-i6lL._SL160_.jpg",
        "detailPageURL": "https://www.amazon.com/dp/B07QSF1LK3",
        "rating": "4.4",
        "totalReviews": "1126",
        "subtitle": "JUMISO",
        "isPrimeEligible": "1"
    },
    {
        "ASIN": "B07GDS1NY7",
        "title": "Caudalie Vinopure Natural Salicylic Acid Pore Minimizing Serum (Full size)",
        "price": "$52.00 ($51.49 / Ounce)",
        "listPrice": "",
        "imageUrl": "https://m.media-amazon.com/images/I/211Qqcp0LtL._SL160_.jpg",
        "detailPageURL": "https://www.amazon.com/dp/B07GDS1NY7",
        "rating": "4.5",
        "totalReviews": "727",
        "subtitle": "",
        "isPrimeEligible": "1"
    },
    {
        "ASIN": "B07D8H88TM",
        "title": "IMAGE Skincare, VITAL C Hydrating Vitamin A C E Serum, Brightening Complex, 1 fl oz",
        "price": "$74.00",
        "listPrice": "",
        "imageUrl": "https://m.media-amazon.com/images/I/318ILqU03SL._SL160_.jpg",
        "detailPageURL": "https://www.amazon.com/dp/B07D8H88TM",
        "rating": "4.7",
        "totalReviews": "394",
        "subtitle": "",
        "isPrimeEligible": "1"
    },
    {
        "ASIN": "B09ZY8T55Y",
        "title": "COSRX Pure Vitamin C 23% Serum with Vitamin E & Hyaluronic Acid, Brightening & Hydrating Facial Serum for Dark Spots, Fine Lines, Uneven Skin Tone, 0.67fl.oz/20ml, Animal Testing-Free, Korean Skincare",
        "price": "$18.73 ($27.96 / Fl Oz)",
        "listPrice": "$25.00 ($37.31 / Fl Oz)",
        "imageUrl": "https://m.media-amazon.com/images/I/41avpd70hVL._SL160_.jpg",
        "detailPageURL": "https://www.amazon.com/dp/B09ZY8T55Y",
        "rating": "4.3",
        "totalReviews": "1505",
        "subtitle": "COSRX",
        "isPrimeEligible": "1"
    },
    {
        "ASIN": "B07YZMMH8Q",
        "title": "Olay Regenerist Micro-Sculpting Serum, 2-Pack, Ultra-Lightweight Anti-Aging Moisturizer, 100ml (3.4 FL OZ) Total",
        "price": "$40.95 ($6.02 / Fl Oz)",
        "listPrice": "$52.95 ($7.79 / Fl Oz)",
        "imageUrl": "https://m.media-amazon.com/images/I/41lZbfejY2L._SL160_.jpg",
        "detailPageURL": "https://www.amazon.com/dp/B07YZMMH8Q",
        "rating": "4.7",
        "totalReviews": "1113",
        "subtitle": "Olay",
        "isPrimeEligible": "1"
    },
    {
        "ASIN": "B0BS8M8Q5L",
        "title": "COSRX Pure Vitamin C 13% Serum with Vitamin E & Hyaluronic Acid, Brightening & Hydrating Facial Serum for Dark Spots, Fine Lines, Uneven Skin tone, 0.67fl.oz/20ml, Animal Testing-Free, Korean Skincare",
        "price": "$18.90 ($28.21 / Fl Oz)",
        "listPrice": "$21.00 ($31.34 / Fl Oz)",
        "imageUrl": "https://m.media-amazon.com/images/I/41brvj6wdCL._SL160_.jpg",
        "detailPageURL": "https://www.amazon.com/dp/B0BS8M8Q5L",
        "rating": "4.4",
        "totalReviews": "130",
        "subtitle": "COSRX",
        "isPrimeEligible": "1"
    },
    {
        "ASIN": "B0B8SMVN44",
        "title": "Act+Acre Cold Processed Apple Stem Cell Scalp Serum - Promotes Growth and Lessens Hair Loss - Soothes and Hydrates the Scalp - Sulphate and Paraben Free - Aloe Vera for Improved Scalp Health.",
        "price": "$86.00 ($39.09 / Fl Oz)",
        "listPrice": "",
        "imageUrl": "https://m.media-amazon.com/images/I/31udXsg6i4L._SL160_.jpg",
        "detailPageURL": "https://www.amazon.com/dp/B0B8SMVN44",
        "rating": "4.1",
        "totalReviews": "172",
        "subtitle": "ACT+ ACRE",
        "isPrimeEligible": "1"
    },
    {
        "ASIN": "B0758QB438",
        "title": "Valjean Labs Facial Serum, Hydrate | Hyaluronic Acid + Vitamin B5 | Helps to Hydrate and Plump Skin and Restore Elasticity | Paraben Free, Cruelty Free, Made in USA (1.83 oz)",
        "price": "$13.39 ($7.32 / Fl Oz)",
        "listPrice": "",
        "imageUrl": "https://m.media-amazon.com/images/I/31tMU5FjwuL._SL160_.jpg",
        "detailPageURL": "https://www.amazon.com/dp/B0758QB438",
        "rating": "4.4",
        "totalReviews": "1894",
        "subtitle": "Valjean Labs",
        "isPrimeEligible": "1"
    },
    {
        "ASIN": "B09734TG8N",
        "title": "3-PACK Face Serums Set - Vitamin C Serum for Face, Hyaluronic Acid Serum for Face, Retinol Serum for Face - Facial Serum Care Set Anti Aging Face Serum for Women, Serums for Skin Care",
        "price": "$24.99 ($24.99 / Fl Oz)",
        "listPrice": "$28.99 ($28.99 / Fl Oz)",
        "imageUrl": "https://m.media-amazon.com/images/I/61Zgpk04l9L._SL160_.jpg",
        "detailPageURL": "https://www.amazon.com/dp/B09734TG8N",
        "rating": "4.3",
        "totalReviews": "8960",
        "subtitle": "Eclat Skincare",
        "isPrimeEligible": "1"
    },
    {
        "ASIN": "B07QSF1LK3",
        "title": "JUMISO All Day Vitamin Serum, Brightening & Balancing Facial Serum, Mother's Day, Gift, Vitamin C, A, B, D, E , Serum with Vitamin, Korean Skincare, Skin brightening, soothing, Vegan serum, Vitamin tree extract 86.14%, Niacinamide 20,000ppm,1.01 fl oz (serum)",
        "price": "$14.03 ($13.89 / Fl Oz)",
        "listPrice": "$19.00 ($18.81 / Fl Oz)",
        "imageUrl": "https://m.media-amazon.com/images/I/31+qe3-i6lL._SL160_.jpg",
        "detailPageURL": "https://www.amazon.com/dp/B07QSF1LK3",
        "rating": "4.4",
        "totalReviews": "1126",
        "subtitle": "JUMISO",
        "isPrimeEligible": "1"
    },
    {
        "ASIN": "B014RFUHE2",
        "title": "Supergoop! City Serum, 2 fl oz - SPF 30 PA+++ Anti-Aging Morning Lotion - Lightweight, Antioxidant-Rich Formula - Hydrating Vitamin Serum for Face - Prep & Protect with Vitamin E & B5 - Great for Guys",
        "price": "$44.00 ($22.00 / Fl Oz)",
        "listPrice": "",
        "imageUrl": "https://m.media-amazon.com/images/I/31bx9u4UeGL._SL160_.jpg",
        "detailPageURL": "https://www.amazon.com/dp/B014RFUHE2",
        "rating": "4.5",
        "totalReviews": "796",
        "subtitle": "Supergoop!",
        "isPrimeEligible": "1"
    },
    {
        "ASIN": "B07D8H88TM",
        "title": "IMAGE Skincare, VITAL C Hydrating Vitamin A C E Serum, Brightening Complex, 1 fl oz",
        "price": "$74.00",
        "listPrice": "",
        "imageUrl": "https://m.media-amazon.com/images/I/318ILqU03SL._SL160_.jpg",
        "detailPageURL": "https://www.amazon.com/dp/B07D8H88TM",
        "rating": "4.7",
        "totalReviews": "394",
        "subtitle": "",
        "isPrimeEligible": "1"
    },
    {
        "ASIN": "B09ZY8T55Y",
        "title": "COSRX Pure Vitamin C 23% Serum with Vitamin E & Hyaluronic Acid, Brightening & Hydrating Facial Serum for Dark Spots, Fine Lines, Uneven Skin Tone, 0.67fl.oz/20ml, Animal Testing-Free, Korean Skincare",
        "price": "$18.73 ($27.96 / Fl Oz)",
        "listPrice": "$25.00 ($37.31 / Fl Oz)",
        "imageUrl": "https://m.media-amazon.com/images/I/41avpd70hVL._SL160_.jpg",
        "detailPageURL": "https://www.amazon.com/dp/B09ZY8T55Y",
        "rating": "4.3",
        "totalReviews": "1505",
        "subtitle": "COSRX",
        "isPrimeEligible": "1"
    },
    {
        "ASIN": "B07YZMMH8Q",
        "title": "Olay Regenerist Micro-Sculpting Serum, 2-Pack, Ultra-Lightweight Anti-Aging Moisturizer, 100ml (3.4 FL OZ) Total",
        "price": "$40.95 ($6.02 / Fl Oz)",
        "listPrice": "$52.95 ($7.79 / Fl Oz)",
        "imageUrl": "https://m.media-amazon.com/images/I/41lZbfejY2L._SL160_.jpg",
        "detailPageURL": "https://www.amazon.com/dp/B07YZMMH8Q",
        "rating": "4.7",
        "totalReviews": "1113",
        "subtitle": "Olay",
        "isPrimeEligible": "1"
    },
    {
        "ASIN": "B0BS8M8Q5L",
        "title": "COSRX Pure Vitamin C 13% Serum with Vitamin E & Hyaluronic Acid, Brightening & Hydrating Facial Serum for Dark Spots, Fine Lines, Uneven Skin tone, 0.67fl.oz/20ml, Animal Testing-Free, Korean Skincare",
        "price": "$18.90 ($28.21 / Fl Oz)",
        "listPrice": "$21.00 ($31.34 / Fl Oz)",
        "imageUrl": "https://m.media-amazon.com/images/I/41brvj6wdCL._SL160_.jpg",
        "detailPageURL": "https://www.amazon.com/dp/B0BS8M8Q5L",
        "rating": "4.4",
        "totalReviews": "130",
        "subtitle": "COSRX",
        "isPrimeEligible": "1"
    },
    {
        "ASIN": "B0B8SMVN44",
        "title": "Act+Acre Cold Processed Apple Stem Cell Scalp Serum - Promotes Growth and Lessens Hair Loss - Soothes and Hydrates the Scalp - Sulphate and Paraben Free - Aloe Vera for Improved Scalp Health.",
        "price": "$86.00 ($39.09 / Fl Oz)",
        "listPrice": "",
        "imageUrl": "https://m.media-amazon.com/images/I/31udXsg6i4L._SL160_.jpg",
        "detailPageURL": "https://www.amazon.com/dp/B0B8SMVN44",
        "rating": "4.1",
        "totalReviews": "172",
        "subtitle": "ACT+ ACRE",
        "isPrimeEligible": "1"
    },
    {
        "ASIN": "B0758QB438",
        "title": "Valjean Labs Facial Serum, Hydrate | Hyaluronic Acid + Vitamin B5 | Helps to Hydrate and Plump Skin and Restore Elasticity | Paraben Free, Cruelty Free, Made in USA (1.83 oz)",
        "price": "$13.39 ($7.32 / Fl Oz)",
        "listPrice": "",
        "imageUrl": "https://m.media-amazon.com/images/I/31tMU5FjwuL._SL160_.jpg",
        "detailPageURL": "https://www.amazon.com/dp/B0758QB438",
        "rating": "4.4",
        "totalReviews": "1894",
        "subtitle": "Valjean Labs",
        "isPrimeEligible": "1"
    },
    {
        "ASIN": "B09734TG8N",
        "title": "3-PACK Face Serums Set - Vitamin C Serum for Face, Hyaluronic Acid Serum for Face, Retinol Serum for Face - Facial Serum Care Set Anti Aging Face Serum for Women, Serums for Skin Care",
        "price": "$24.99 ($24.99 / Fl Oz)",
        "listPrice": "$28.99 ($28.99 / Fl Oz)",
        "imageUrl": "https://m.media-amazon.com/images/I/61Zgpk04l9L._SL160_.jpg",
        "detailPageURL": "https://www.amazon.com/dp/B09734TG8N",
        "rating": "4.3",
        "totalReviews": "8960",
        "subtitle": "Eclat Skincare",
        "isPrimeEligible": "1"
    },
    {
        "ASIN": "B07QSF1LK3",
        "title": "JUMISO All Day Vitamin Serum, Brightening & Balancing Facial Serum, Mother's Day, Gift, Vitamin C, A, B, D, E , Serum with Vitamin, Korean Skincare, Skin brightening, soothing, Vegan serum, Vitamin tree extract 86.14%, Niacinamide 20,000ppm,1.01 fl oz (serum)",
        "price": "$14.03 ($13.89 / Fl Oz)",
        "listPrice": "$19.00 ($18.81 / Fl Oz)",
        "imageUrl": "https://m.media-amazon.com/images/I/31+qe3-i6lL._SL160_.jpg",
        "detailPageURL": "https://www.amazon.com/dp/B07QSF1LK3",
        "rating": "4.4",
        "totalReviews": "1126",
        "subtitle": "JUMISO",
        "isPrimeEligible": "1"
    },
    {
        "ASIN": "B014RFUHE2",
        "title": "Supergoop! City Serum, 2 fl oz - SPF 30 PA+++ Anti-Aging Morning Lotion - Lightweight, Antioxidant-Rich Formula - Hydrating Vitamin Serum for Face - Prep & Protect with Vitamin E & B5 - Great for Guys",
        "price": "$44.00 ($22.00 / Fl Oz)",
        "listPrice": "",
        "imageUrl": "https://m.media-amazon.com/images/I/31bx9u4UeGL._SL160_.jpg",
        "detailPageURL": "https://www.amazon.com/dp/B014RFUHE2",
        "rating": "4.5",
        "totalReviews": "796",
        "subtitle": "Supergoop!",
        "isPrimeEligible": "1"
    },
    {
        "ASIN": "B07SCJ445R",
        "title": "SkinMedica TNS Advanced+ Serum Our Premium Facial Skin Care Product, the Secret to Flawless Skin. Age-Defying Face Serum for Women is Proven to Address Wrinkles and Fine Lines for Glowing Skin, 1 Oz",
        "price": "$295.00",
        "listPrice": "",
        "imageUrl": "https://m.media-amazon.com/images/I/21dtgmsSpIL._SL160_.jpg",
        "detailPageURL": "https://www.amazon.com/dp/B07SCJ445R",
        "rating": "4.2",
        "totalReviews": "638",
        "subtitle": "",
        "isPrimeEligible": "1"
    }
]