[
    {
        "ASIN": "B005IHT94S",
        "title": "Neutrogena Ultra Sheer Dry-Touch Water Resistant and Non-Greasy Sunscreen Lotion with Broad Spectrum SPF 70, 3 Fl Oz (Pack of 1)",
        "price": "$8.33 ($2.78 / Fl Oz)",
        "listPrice": "$9.59 ($3.20 / Fl Oz)",
        "imageUrl": "https://m.media-amazon.com/images/I/31e5LYel1fL._SL160_.jpg",
        "detailPageURL": "https://www.amazon.com/dp/B005IHT94S",
        "rating": "4.6",
        "totalReviews": "34366",
        "subtitle": "Neutrogena",
        "isPrimeEligible": "1"
    },
    {
        "ASIN": "B002MSN3QQ",
        "title": "EltaMD UV Clear Face Sunscreen, SPF 46 Oil Free Sunscreen with Zinc Oxide, Protects and Calms Sensitive Skin and Acne-Prone Skin, Lightweight, Silky, Dermatologist Recommended, 1.7 oz Pump",
        "price": "$41.00 ($24.12 / Ounce)",
        "listPrice": "",
        "imageUrl": "https://m.media-amazon.com/images/I/41-VkXLhFQL._SL160_.jpg",
        "detailPageURL": "https://www.amazon.com/dp/B002MSN3QQ",
        "rating": "4.7",
        "totalReviews": "38499",
        "subtitle": "",
        "isPrimeEligible": "1"
    },
    {
        "ASIN": "B078BC1NJ6",
        "title": "Coppertone SPORT Sunscreen Spray SPF 50 5.5 Oz, Water Resistant , Broad Spectrum , Bulk Pack, Pack of 3",
        "price": "$20.63 ($1.25 / Ounce)",
        "listPrice": "$27.59 ($1.67 / Ounce)",
        "imageUrl": "https://m.media-amazon.com/images/I/51V4LMN2zEL._SL160_.jpg",
        "detailPageURL": "https://www.amazon.com/dp/B078BC1NJ6",
        "rating": "4.8",
        "totalReviews": "8709",
        "subtitle": "Coppertone",
        "isPrimeEligible": "1"
    },
    {
        "ASIN": "B07YGVSGMW",
        "title": "La Roche-Posay Anthelios Melt-in Milk Body & Face Sunscreen Lotion Broad Spectrum SPF 100, Oxybenzone & Octinoxate Free, Sunscreen for Kids, Adults & Sun Sensitive Skin, Unscented, 3 Fl oz",
        "price": "$26.99 ($9.00 / Fl Oz)",
        "listPrice": "",
        "imageUrl": "https://m.media-amazon.com/images/I/412MFjmYQDL._SL160_.jpg",
        "detailPageURL": "https://www.amazon.com/dp/B07YGVSGMW",
        "rating": "4.7",
        "totalReviews": "7614",
        "subtitle": "",
        "isPrimeEligible": "1"
    },
    {
        "ASIN": "B074W9HR72",
        "title": "Coppertone SPORT Sunscreen Spray SPF 30, Water Resistant Spray Sunscreen, Broad Spectrum SPF 30 Sunscreen Pack, 5.5 Oz Spray, Pack of 2",
        "price": "$11.78 ($1.07 / Ounce)",
        "listPrice": "$13.89 ($1.26 / Ounce)",
        "imageUrl": "https://m.media-amazon.com/images/I/41X2bu9GahL._SL160_.jpg",
        "detailPageURL": "https://www.amazon.com/dp/B074W9HR72",
        "rating": "4.7",
        "totalReviews": "14984",
        "subtitle": "Coppertone",
        "isPrimeEligible": "1"
    },
    {
        "ASIN": "B074WBHHYY",
        "title": "Coppertone SPORT Sunscreen Spray SPF 50, Water Resistant Spray Sunscreen, Broad Spectrum SPF 50 Sunscreen Pack, 5.5 Oz Spray, Pack of 2",
        "price": "$14.85 ($1.35 / Ounce)",
        "listPrice": "",
        "imageUrl": "https://m.media-amazon.com/images/I/41uIcq6eNrL._SL160_.jpg",
        "detailPageURL": "https://www.amazon.com/dp/B074WBHHYY",
        "rating": "4.8",
        "totalReviews": "9127",
        "subtitle": "Coppertone",
        "isPrimeEligible": "1"
    },
    {
        "ASIN": "B08WZS7LVN",
        "title": "innisfree Daily UV Defense Sunscreen Broad Spectrum SPF 36 Face Lotion, 1.69 Fl Oz (Pack of 1)",
        "price": "$16.00 ($9.47 / Fl Oz)",
        "listPrice": "",
        "imageUrl": "https://m.media-amazon.com/images/I/31utV1X28VL._SL160_.jpg",
        "detailPageURL": "https://www.amazon.com/dp/B08WZS7LVN",
        "rating": "4.7",
        "totalReviews": "4301",
        "subtitle": "",
        "isPrimeEligible": "1"
    },
    {
        "ASIN": "B076GZX3KL",
        "title": "Neutrogena Ultra Sheer Body Mist SPF 70 Sunscreen Spray, Broad Spectrum UVA/UVB Protection, Lightweight, Non-Greasy Water Resistant Body Sunscreen Mist, Non-Comedogenic, 5 oz",
        "price": "$28.74 ($1.92 / Ounce)",
        "listPrice": "",
        "imageUrl": "https://m.media-amazon.com/images/I/41BQoEZMuTL._SL160_.jpg",
        "detailPageURL": "https://www.amazon.com/dp/B076GZX3KL",
        "rating": "4.7",
        "totalReviews": "4936",
        "subtitle": "Neutrogena",
        "isPrimeEligible": "1"
    },
    {
        "ASIN": "B08CFVM1TT",
        "title": "Supergoop! Unseen Sunscreen - SPF 40-1.7 fl oz - Invisible, Broad Spectrum Face Sunscreen - Weightless, Scentless, and Oil Free - For All Skin Types and Skin Tones",
        "price": "$38.00 ($22.35 / Fl Oz)",
        "listPrice": "",
        "imageUrl": "https://m.media-amazon.com/images/I/31WJhkICW5L._SL160_.jpg",
        "detailPageURL": "https://www.amazon.com/dp/B08CFVM1TT",
        "rating": "4.6",
        "totalReviews": "14089",
        "subtitle": "Supergoop!",
        "isPrimeEligible": "1"
    },
    {
        "ASIN": "B007WIVV10",
        "title": "Bior\u00e9 Japan Aqua Rich Watery Essence Sunblock Sunscreen Blue Spf50+ Pa+++",
        "price": "$9.99 ($5.71 / Ounce)",
        "listPrice": "$17.00 ($9.71 / Ounce)",
        "imageUrl": "https://m.media-amazon.com/images/I/512bc-GRZtL._SL160_.jpg",
        "detailPageURL": "https://www.amazon.com/dp/B007WIVV10",
        "rating": "4.5",
        "totalReviews": "2196",
        "subtitle": "Bior\u00e9",
        "isPrimeEligible": "1"
    },
    {
        "ASIN": "B002MSN3QQ",
        "title": "EltaMD UV Clear Face Sunscreen, SPF 46 Oil Free Sunscreen with Zinc Oxide, Protects and Calms Sensitive Skin and Acne-Prone Skin, Lightweight, Silky, Dermatologist Recommended, 1.7 oz Pump",
        "price": "$41.00 ($24.12 / Ounce)",
        "listPrice": "",
        "imageUrl": "https://m.media-amazon.com/images/I/41-VkXLhFQL._SL160_.jpg",
        "detailPageURL": "https://www.amazon.com/dp/B002MSN3QQ",
        "rating": "4.7",
        "totalReviews": "38499",
        "subtitle": "",
        "isPrimeEligible": "1"
    },
    {
        "ASIN": "B078BC1NJ6",
        "title": "Coppertone SPORT Sunscreen Spray SPF 50 5.5 Oz, Water Resistant , Broad Spectrum , Bulk Pack, Pack of 3",
        "price": "$20.63 ($1.25 / Ounce)",
        "listPrice": "$27.59 ($1.67 / Ounce)",
        "imageUrl": "https://m.media-amazon.com/images/I/51V4LMN2zEL._SL160_.jpg",
        "detailPageURL": "https://www.amazon.com/dp/B078BC1NJ6",
        "rating": "4.8",
        "totalReviews": "8709",
        "subtitle": "Coppertone",
        "isPrimeEligible": "1"
    },
    {
        "ASIN": "B07YGVSGMW",
        "title": "La Roche-Posay Anthelios Melt-in Milk Body & Face Sunscreen Lotion Broad Spectrum SPF 100, Oxybenzone & Octinoxate Free, Sunscreen for Kids, Adults & Sun Sensitive Skin, Unscented, 3 Fl oz",
        "price": "$26.99 ($9.00 / Fl Oz)",
        "listPrice": "",
        "imageUrl": "https://m.media-amazon.com/images/I/412MFjmYQDL._SL160_.jpg",
        "detailPageURL": "https://www.amazon.com/dp/B07YGVSGMW",
        "rating": "4.7",
        "totalReviews": "7614",
        "subtitle": "",
        "isPrimeEligible": "1"
    },
    {
        "ASIN": "B074W9HR72",
        "title": "Coppertone SPORT Sunscreen Spray SPF 30, Water Resistant Spray Sunscreen, Broad Spectrum SPF 30 Sunscreen Pack, 5.5 Oz Spray, Pack of 2",
        "price": "$11.78 ($1.07 / Ounce)",
        "listPrice": "$13.89 ($1.26 / Ounce)",
        "imageUrl": "https://m.media-amazon.com/images/I/41X2bu9GahL._SL160_.jpg",
        "detailPageURL": "https://www.amazon.com/dp/B074W9HR72",
        "rating": "4.7",
        "totalReviews": "14984",
        "subtitle": "Coppertone",
        "isPrimeEligible": "1"
    },
    {
        "ASIN": "B074WBHHYY",
        "title": "Coppertone SPORT Sunscreen Spray SPF 50, Water Resistant Spray Sunscreen, Broad Spectrum SPF 50 Sunscreen Pack, 5.5 Oz Spray, Pack of 2",
        "price": "$14.85 ($1.35 / Ounce)",
        "listPrice": "",
        "imageUrl": "https://m.media-amazon.com/images/I/41uIcq6eNrL._SL160_.jpg",
        "detailPageURL": "https://www.amazon.com/dp/B074WBHHYY",
        "rating": "4.8",
        "totalReviews": "9127",
        "subtitle": "Coppertone",
        "isPrimeEligible": "1"
    },
    {
        "ASIN": "B08WZS7LVN",
        "title": "innisfree Daily UV Defense Sunscreen Broad Spectrum SPF 36 Face Lotion, 1.69 Fl Oz (Pack of 1)",
        "price": "$16.00 ($9.47 / Fl Oz)",
        "listPrice": "",
        "imageUrl": "https://m.media-amazon.com/images/I/31utV1X28VL._SL160_.jpg",
        "detailPageURL": "https://www.amazon.com/dp/B08WZS7LVN",
        "rating": "4.7",
        "totalReviews": "4301",
        "subtitle": "",
        "isPrimeEligible": "1"
    },
    {
        "ASIN": "B076GZX3KL",
        "title": "Neutrogena Ultra Sheer Body Mist SPF 70 Sunscreen Spray, Broad Spectrum UVA/UVB Protection, Lightweight, Non-Greasy Water Resistant Body Sunscreen Mist, Non-Comedogenic, 5 oz",
        "price": "$28.74 ($1.92 / Ounce)",
        "listPrice": "",
        "imageUrl": "https://m.media-amazon.com/images/I/41BQoEZMuTL._SL160_.jpg",
        "detailPageURL": "https://www.amazon.com/dp/B076GZX3KL",
        "rating": "4.7",
        "totalReviews": "4936",
        "subtitle": "Neutrogena",
        "isPrimeEligible": "1"
    },
    {
        "ASIN": "B08CFVM1TT",
        "title": "Supergoop! Unseen Sunscreen - SPF 40-1.7 fl oz - Invisible, Broad Spectrum Face Sunscreen - Weightless, Scentless, and Oil Free - For All Skin Types and Skin Tones",
        "price": "$38.00 ($22.35 / Fl Oz)",
        "listPrice": "",
        "imageUrl": "https://m.media-amazon.com/images/I/31WJhkICW5L._SL160_.jpg",
        "detailPageURL": "https://www.amazon.com/dp/B08CFVM1TT",
        "rating": "4.6",
        "totalReviews": "14089",
        "subtitle": "Supergoop!",
        "isPrimeEligible": "1"
    },
    {
        "ASIN": "B007WIVV10",
        "title": "Bior\u00e9 Japan Aqua Rich Watery Essence Sunblock Sunscreen Blue Spf50+ Pa+++",
        "price": "$9.99 ($5.71 / Ounce)",
        "listPrice": "$17.00 ($9.71 / Ounce)",
        "imageUrl": "https://m.media-amazon.com/images/I/512bc-GRZtL._SL160_.jpg",
        "detailPageURL": "https://www.amazon.com/dp/B007WIVV10",
        "rating": "4.5",
        "totalReviews": "2196",
        "subtitle": "Bior\u00e9",
        "isPrimeEligible": "1"
    },
    {
        "ASIN": "B00AEN4QZ8",
        "title": "Neutrogena Beach Defense Water-Resistant Face & Body SPF 70 Sunscreen Lotion with Broad Spectrum UVA/UVB Protection, Oil-Free Fast-Absorbing Sunscreen Lotion, Oxybenzone-Free, 6.7 oz",
        "price": "$8.65 ($1.29 / Fl Oz)",
        "listPrice": "$9.59 ($1.43 / Fl Oz)",
        "imageUrl": "https://m.media-amazon.com/images/I/41jo8M1fchL._SL160_.jpg",
        "detailPageURL": "https://www.amazon.com/dp/B00AEN4QZ8",
        "rating": "4.7",
        "totalReviews": "17464",
        "subtitle": "Neutrogena",
        "isPrimeEligible": "1"
    },
    {
        "ASIN": "B078BC1NJ6",
        "title": "Coppertone SPORT Sunscreen Spray SPF 50 5.5 Oz, Water Resistant , Broad Spectrum , Bulk Pack, Pack of 3",
        "price": "$20.63 ($1.25 / Ounce)",
        "listPrice": "$27.59 ($1.67 / Ounce)",
        "imageUrl": "https://m.media-amazon.com/images/I/51V4LMN2zEL._SL160_.jpg",
        "detailPageURL": "https://www.amazon.com/dp/B078BC1NJ6",
        "rating": "4.8",
        "totalReviews": "8709",
        "subtitle": "Coppertone",
        "isPrimeEligible": "1"
    },
    {
        "ASIN": "B07YGVSGMW",
        "title": "La Roche-Posay Anthelios Melt-in Milk Body & Face Sunscreen Lotion Broad Spectrum SPF 100, Oxybenzone & Octinoxate Free, Sunscreen for Kids, Adults & Sun Sensitive Skin, Unscented, 3 Fl oz",
        "price": "$26.99 ($9.00 / Fl Oz)",
        "listPrice": "",
        "imageUrl": "https://m.media-amazon.com/images/I/412MFjmYQDL._SL160_.jpg",
        "detailPageURL": "https://www.amazon.com/dp/B07YGVSGMW",
        "rating": "4.7",
        "totalReviews": "7614",
        "subtitle": "",
        "isPrimeEligible": "1"
    },
    {
        "ASIN": "B074W9HR72",
        "title": "Coppertone SPORT Sunscreen Spray SPF 30, Water Resistant Spray Sunscreen, Broad Spectrum SPF 30 Sunscreen Pack, 5.5 Oz Spray, Pack of 2",
        "price": "$11.78 ($1.07 / Ounce)",
        "listPrice": "$13.89 ($1.26 / Ounce)",
        "imageUrl": "https://m.media-amazon.com/images/I/41X2bu9GahL._SL160_.jpg",
        "detailPageURL": "https://www.amazon.com/dp/B074W9HR72",
        "rating": "4.7",
        "totalReviews": "14984",
        "subtitle": "Coppertone",
        "isPrimeEligible": "1"
    },
    {
        "ASIN": "B074WBHHYY",
        "title": "Coppertone SPORT Sunscreen Spray SPF 50, Water Resistant Spray Sunscreen, Broad Spectrum SPF 50 Sunscreen Pack, 5.5 Oz Spray, Pack of 2",
        "price": "$14.85 ($1.35 / Ounce)",
        "listPrice": "",
        "imageUrl": "https://m.media-amazon.com/images/I/41uIcq6eNrL._SL160_.jpg",
        "detailPageURL": "https://www.amazon.com/dp/B074WBHHYY",
        "rating": "4.8",
        "totalReviews": "9127",
        "subtitle": "Coppertone",
        "isPrimeEligible": "1"
    },
    {
        "ASIN": "B08WZS7LVN",
        "title": "innisfree Daily UV Defense Sunscreen Broad Spectrum SPF 36 Face Lotion, 1.69 Fl Oz (Pack of 1)",
        "price": "$16.00 ($9.47 / Fl Oz)",
        "listPrice": "",
        "imageUrl": "https://m.media-amazon.com/images/I/31utV1X28VL._SL160_.jpg",
        "detailPageURL": "https://www.amazon.com/dp/B08WZS7LVN",
        "rating": "4.7",
        "totalReviews": "4301",
        "subtitle": "",
        "isPrimeEligible": "1"
    },
    {
        "ASIN": "B076GZX3KL",
        "title": "Neutrogena Ultra Sheer Body Mist SPF 70 Sunscreen Spray, Broad Spectrum UVA/UVB Protection, Lightweight, Non-Greasy Water Resistant Body Sunscreen Mist, Non-Comedogenic, 5 oz",
        "price": "$28.74 ($1.92 / Ounce)",
        "listPrice": "",
        "imageUrl": "https://m.media-amazon.com/images/I/41BQoEZMuTL._SL160_.jpg",
        "detailPageURL": "https://www.amazon.com/dp/B076GZX3KL",
        "rating": "4.7",
        "totalReviews": "4936",
        "subtitle": "Neutrogena",
        "isPrimeEligible": "1"
    },
    {
        "ASIN": "B08CFVM1TT",
        "title": "Supergoop! Unseen Sunscreen - SPF 40-1.7 fl oz - Invisible, Broad Spectrum Face Sunscreen - Weightless, Scentless, and Oil Free - For All Skin Types and Skin Tones",
        "price": "$38.00 ($22.35 / Fl Oz)",
        "listPrice": "",
        "imageUrl": "https://m.media-amazon.com/images/I/31WJhkICW5L._SL160_.jpg",
        "detailPageURL": "https://www.amazon.com/dp/B08CFVM1TT",
        "rating": "4.6",
        "totalReviews": "14089",
        "subtitle": "Supergoop!",
        "isPrimeEligible": "1"
    },
    {
        "ASIN": "B007WIVV10",
        "title": "Bior\u00e9 Japan Aqua Rich Watery Essence Sunblock Sunscreen Blue Spf50+ Pa+++",
        "price": "$9.99 ($5.71 / Ounce)",
        "listPrice": "$17.00 ($9.71 / Ounce)",
        "imageUrl": "https://m.media-amazon.com/images/I/512bc-GRZtL._SL160_.jpg",
        "detailPageURL": "https://www.amazon.com/dp/B007WIVV10",
        "rating": "4.5",
        "totalReviews": "2196",
        "subtitle": "Bior\u00e9",
        "isPrimeEligible": "1"
    },
    {
        "ASIN": "B00AEN4QZ8",
        "title": "Neutrogena Beach Defense Water-Resistant Face & Body SPF 70 Sunscreen Lotion with Broad Spectrum UVA/UVB Protection, Oil-Free Fast-Absorbing Sunscreen Lotion, Oxybenzone-Free, 6.7 oz",
        "price": "$8.65 ($1.29 / Fl Oz)",
        "listPrice": "$9.59 ($1.43 / Fl Oz)",
        "imageUrl": "https://m.media-amazon.com/images/I/41jo8M1fchL._SL160_.jpg",
        "detailPageURL": "https://www.amazon.com/dp/B00AEN4QZ8",
        "rating": "4.7",
        "totalReviews": "17464",
        "subtitle": "Neutrogena",
        "isPrimeEligible": "1"
    },
    {
        "ASIN": "B002CML1VG",
        "title": "La Roche-Posay Anthelios Melt-In Milk Body & Face Sunscreen SPF 60, Oil Free Sunscreen for Sensitive Skin, Sport Sunscreen Lotion, Sun Protection & Sun Skin Care, Oxybenzone Free",
        "price": "$36.99 ($7.40 / Fl Oz)",
        "listPrice": "",
        "imageUrl": "https://m.media-amazon.com/images/I/41ufC4L5QQL._SL160_.jpg",
        "detailPageURL": "https://www.amazon.com/dp/B002CML1VG",
        "rating": "4.6",
        "totalReviews": "12200",
        "subtitle": "",
        "isPrimeEligible": "1"
    },
    {
        "ASIN": "B07YGVSGMW",
        "title": "La Roche-Posay Anthelios Melt-in Milk Body & Face Sunscreen Lotion Broad Spectrum SPF 100, Oxybenzone & Octinoxate Free, Sunscreen for Kids, Adults & Sun Sensitive Skin, Unscented, 3 Fl oz",
        "price": "$26.99 ($9.00 / Fl Oz)",
        "listPrice": "",
        "imageUrl": "https://m.media-amazon.com/images/I/412MFjmYQDL._SL160_.jpg",
        "detailPageURL": "https://www.amazon.com/dp/B07YGVSGMW",
        "rating": "4.7",
        "totalReviews": "7614",
        "subtitle": "",
        "isPrimeEligible": "1"
    },
    {
        "ASIN": "B074W9HR72",
        "title": "Coppertone SPORT Sunscreen Spray SPF 30, Water Resistant Spray Sunscreen, Broad Spectrum SPF 30 Sunscreen Pack, 5.5 Oz Spray, Pack of 2",
        "price": "$11.78 ($1.07 / Ounce)",
        "listPrice": "$13.89 ($1.26 / Ounce)",
        "imageUrl": "https://m.media-amazon.com/images/I/41X2bu9GahL._SL160_.jpg",
        "detailPageURL": "https://www.amazon.com/dp/B074W9HR72",
        "rating": "4.7",
        "totalReviews": "14984",
        "subtitle": "Coppertone",
        "isPrimeEligible": "1"
    },
    {
        "ASIN": "B074WBHHYY",
        "title": "Coppertone SPORT Sunscreen Spray SPF 50, Water Resistant Spray Sunscreen, Broad Spectrum SPF 50 Sunscreen Pack, 5.5 Oz Spray, Pack of 2",
        "price": "$14.85 ($1.35 / Ounce)",
        "listPrice": "",
        "imageUrl": "https://m.media-amazon.com/images/I/41uIcq6eNrL._SL160_.jpg",
        "detailPageURL": "https://www.amazon.com/dp/B074WBHHYY",
        "rating": "4.8",
        "totalReviews": "9127",
        "subtitle": "Coppertone",
        "isPrimeEligible": "1"
    },
    {
        "ASIN": "B08WZS7LVN",
        "title": "innisfree Daily UV Defense Sunscreen Broad Spectrum SPF 36 Face Lotion, 1.69 Fl Oz (Pack of 1)",
        "price": "$16.00 ($9.47 / Fl Oz)",
        "listPrice": "",
        "imageUrl": "https://m.media-amazon.com/images/I/31utV1X28VL._SL160_.jpg",
        "detailPageURL": "https://www.amazon.com/dp/B08WZS7LVN",
        "rating": "4.7",
        "totalReviews": "4301",
        "subtitle": "",
        "isPrimeEligible": "1"
    },
    {
        "ASIN": "B076GZX3KL",
        "title": "Neutrogena Ultra Sheer Body Mist SPF 70 Sunscreen Spray, Broad Spectrum UVA/UVB Protection, Lightweight, Non-Greasy Water Resistant Body Sunscreen Mist, Non-Comedogenic, 5 oz",
        "price": "$28.74 ($1.92 / Ounce)",
        "listPrice": "",
        "imageUrl": "https://m.media-amazon.com/images/I/41BQoEZMuTL._SL160_.jpg",
        "detailPageURL": "https://www.amazon.com/dp/B076GZX3KL",
        "rating": "4.7",
        "totalReviews": "4936",
        "subtitle": "Neutrogena",
        "isPrimeEligible": "1"
    },
    {
        "ASIN": "B08CFVM1TT",
        "title": "Supergoop! Unseen Sunscreen - SPF 40-1.7 fl oz - Invisible, Broad Spectrum Face Sunscreen - Weightless, Scentless, and Oil Free - For All Skin Types and Skin Tones",
        "price": "$38.00 ($22.35 / Fl Oz)",
        "listPrice": "",
        "imageUrl": "https://m.media-amazon.com/images/I/31WJhkICW5L._SL160_.jpg",
        "detailPageURL": "https://www.amazon.com/dp/B08CFVM1TT",
        "rating": "4.6",
        "totalReviews": "14089",
        "subtitle": "Supergoop!",
        "isPrimeEligible": "1"
    },
    {
        "ASIN": "B007WIVV10",
        "title": "Bior\u00e9 Japan Aqua Rich Watery Essence Sunblock Sunscreen Blue Spf50+ Pa+++",
        "price": "$9.99 ($5.71 / Ounce)",
        "listPrice": "$17.00 ($9.71 / Ounce)",
        "imageUrl": "https://m.media-amazon.com/images/I/512bc-GRZtL._SL160_.jpg",
        "detailPageURL": "https://www.amazon.com/dp/B007WIVV10",
        "rating": "4.5",
        "totalReviews": "2196",
        "subtitle": "Bior\u00e9",
        "isPrimeEligible": "1"
    },
    {
        "ASIN": "B00AEN4QZ8",
        "title": "Neutrogena Beach Defense Water-Resistant Face & Body SPF 70 Sunscreen Lotion with Broad Spectrum UVA/UVB Protection, Oil-Free Fast-Absorbing Sunscreen Lotion, Oxybenzone-Free, 6.7 oz",
        "price": "$8.65 ($1.29 / Fl Oz)",
        "listPrice": "$9.59 ($1.43 / Fl Oz)",
        "imageUrl": "https://m.media-amazon.com/images/I/41jo8M1fchL._SL160_.jpg",
        "detailPageURL": "https://www.amazon.com/dp/B00AEN4QZ8",
        "rating": "4.7",
        "totalReviews": "17464",
        "subtitle": "Neutrogena",
        "isPrimeEligible": "1"
    },
    {
        "ASIN": "B002CML1VG",
        "title": "La Roche-Posay Anthelios Melt-In Milk Body & Face Sunscreen SPF 60, Oil Free Sunscreen for Sensitive Skin, Sport Sunscreen Lotion, Sun Protection & Sun Skin Care, Oxybenzone Free",
        "price": "$36.99 ($7.40 / Fl Oz)",
        "listPrice": "",
        "imageUrl": "https://m.media-amazon.com/images/I/41ufC4L5QQL._SL160_.jpg",
        "detailPageURL": "https://www.amazon.com/dp/B002CML1VG",
        "rating": "4.6",
        "totalReviews": "12200",
        "subtitle": "",
        "isPrimeEligible": "1"
    },
    {
        "ASIN": "B0173G3AY6",
        "title": "Coppertone SPORT Sunscreen SPF 50 Lotion, Water Resistant Sunscreen, Body Sunscreen Lotion, 7 Fl Oz",
        "price": "$7.24 ($1.03 / Fl Oz)",
        "listPrice": "$9.25 ($1.32 / Fl Oz)",
        "imageUrl": "https://m.media-amazon.com/images/I/41df1VF01YL._SL160_.jpg",
        "detailPageURL": "https://www.amazon.com/dp/B0173G3AY6",
        "rating": "4.7",
        "totalReviews": "1527",
        "subtitle": "Coppertone",
        "isPrimeEligible": "1"
    },
    {
        "ASIN": "B074W9HR72",
        "title": "Coppertone SPORT Sunscreen Spray SPF 30, Water Resistant Spray Sunscreen, Broad Spectrum SPF 30 Sunscreen Pack, 5.5 Oz Spray, Pack of 2",
        "price": "$11.78 ($1.07 / Ounce)",
        "listPrice": "$13.89 ($1.26 / Ounce)",
        "imageUrl": "https://m.media-amazon.com/images/I/41X2bu9GahL._SL160_.jpg",
        "detailPageURL": "https://www.amazon.com/dp/B074W9HR72",
        "rating": "4.7",
        "totalReviews": "14984",
        "subtitle": "Coppertone",
        "isPrimeEligible": "1"
    },
    {
        "ASIN": "B074WBHHYY",
        "title": "Coppertone SPORT Sunscreen Spray SPF 50, Water Resistant Spray Sunscreen, Broad Spectrum SPF 50 Sunscreen Pack, 5.5 Oz Spray, Pack of 2",
        "price": "$14.85 ($1.35 / Ounce)",
        "listPrice": "",
        "imageUrl": "https://m.media-amazon.com/images/I/41uIcq6eNrL._SL160_.jpg",
        "detailPageURL": "https://www.amazon.com/dp/B074WBHHYY",
        "rating": "4.8",
        "totalReviews": "9127",
        "subtitle": "Coppertone",
        "isPrimeEligible": "1"
    },
    {
        "ASIN": "B08WZS7LVN",
        "title": "innisfree Daily UV Defense Sunscreen Broad Spectrum SPF 36 Face Lotion, 1.69 Fl Oz (Pack of 1)",
        "price": "$16.00 ($9.47 / Fl Oz)",
        "listPrice": "",
        "imageUrl": "https://m.media-amazon.com/images/I/31utV1X28VL._SL160_.jpg",
        "detailPageURL": "https://www.amazon.com/dp/B08WZS7LVN",
        "rating": "4.7",
        "totalReviews": "4301",
        "subtitle": "",
        "isPrimeEligible": "1"
    },
    {
        "ASIN": "B076GZX3KL",
        "title": "Neutrogena Ultra Sheer Body Mist SPF 70 Sunscreen Spray, Broad Spectrum UVA/UVB Protection, Lightweight, Non-Greasy Water Resistant Body Sunscreen Mist, Non-Comedogenic, 5 oz",
        "price": "$28.74 ($1.92 / Ounce)",
        "listPrice": "",
        "imageUrl": "https://m.media-amazon.com/images/I/41BQoEZMuTL._SL160_.jpg",
        "detailPageURL": "https://www.amazon.com/dp/B076GZX3KL",
        "rating": "4.7",
        "totalReviews": "4936",
        "subtitle": "Neutrogena",
        "isPrimeEligible": "1"
    },
    {
        "ASIN": "B08CFVM1TT",
        "title": "Supergoop! Unseen Sunscreen - SPF 40-1.7 fl oz - Invisible, Broad Spectrum Face Sunscreen - Weightless, Scentless, and Oil Free - For All Skin Types and Skin Tones",
        "price": "$38.00 ($22.35 / Fl Oz)",
        "listPrice": "",
        "imageUrl": "https://m.media-amazon.com/images/I/31WJhkICW5L._SL160_.jpg",
        "detailPageURL": "https://www.amazon.com/dp/B08CFVM1TT",
        "rating": "4.6",
        "totalReviews": "14089",
        "subtitle": "Supergoop!",
        "isPrimeEligible": "1"
    },
    {
        "ASIN": "B007WIVV10",
        "title": "Bior\u00e9 Japan Aqua Rich Watery Essence Sunblock Sunscreen Blue Spf50+ Pa+++",
        "price": "$9.99 ($5.71 / Ounce)",
        "listPrice": "$17.00 ($9.71 / Ounce)",
        "imageUrl": "https://m.media-amazon.com/images/I/512bc-GRZtL._SL160_.jpg",
        "detailPageURL": "https://www.amazon.com/dp/B007WIVV10",
        "rating": "4.5",
        "totalReviews": "2196",
        "subtitle": "Bior\u00e9",
        "isPrimeEligible": "1"
    },
    {
        "ASIN": "B00AEN4QZ8",
        "title": "Neutrogena Beach Defense Water-Resistant Face & Body SPF 70 Sunscreen Lotion with Broad Spectrum UVA/UVB Protection, Oil-Free Fast-Absorbing Sunscreen Lotion, Oxybenzone-Free, 6.7 oz",
        "price": "$8.65 ($1.29 / Fl Oz)",
        "listPrice": "$9.59 ($1.43 / Fl Oz)",
        "imageUrl": "https://m.media-amazon.com/images/I/41jo8M1fchL._SL160_.jpg",
        "detailPageURL": "https://www.amazon.com/dp/B00AEN4QZ8",
        "rating": "4.7",
        "totalReviews": "17464",
        "subtitle": "Neutrogena",
        "isPrimeEligible": "1"
    },
    {
        "ASIN": "B002CML1VG",
        "title": "La Roche-Posay Anthelios Melt-In Milk Body & Face Sunscreen SPF 60, Oil Free Sunscreen for Sensitive Skin, Sport Sunscreen Lotion, Sun Protection & Sun Skin Care, Oxybenzone Free",
        "price": "$36.99 ($7.40 / Fl Oz)",
        "listPrice": "",
        "imageUrl": "https://m.media-amazon.com/images/I/41ufC4L5QQL._SL160_.jpg",
        "detailPageURL": "https://www.amazon.com/dp/B002CML1VG",
        "rating": "4.6",
        "totalReviews": "12200",
        "subtitle": "",
        "isPrimeEligible": "1"
    },
    {
        "ASIN": "B0173G3AY6",
        "title": "Coppertone SPORT Sunscreen SPF 50 Lotion, Water Resistant Sunscreen, Body Sunscreen Lotion, 7 Fl Oz",
        "price": "$7.24 ($1.03 / Fl Oz)",
        "listPrice": "$9.25 ($1.32 / Fl Oz)",
        "imageUrl": "https://m.media-amazon.com/images/I/41df1VF01YL._SL160_.jpg",
        "detailPageURL": "https://www.amazon.com/dp/B0173G3AY6",
        "rating": "4.7",
        "totalReviews": "1527",
        "subtitle": "Coppertone",
        "isPrimeEligible": "1"
    },
    {
        "ASIN": "B004CDV7EY",
        "title": "Banana Boat Sport Ultra SPF 50 Sunscreen Lotion, 12oz | Banana Boat Sunscreen SPF 50 Lotion, Oxybenzone Free Sunscreen, Sunblock Lotion, Family Size Sunscreen SPF 50, 12oz",
        "price": "$10.97 ($0.91 / Fl Oz)",
        "listPrice": "$12.99 ($1.08 / Fl Oz)",
        "imageUrl": "https://m.media-amazon.com/images/I/41tTwTi8GdL._SL160_.jpg",
        "detailPageURL": "https://www.amazon.com/dp/B004CDV7EY",
        "rating": "4.7",
        "totalReviews": "28593",
        "subtitle": "Banana Boat",
        "isPrimeEligible": "1"
    },
    {
        "ASIN": "B074WBHHYY",
        "title": "Coppertone SPORT Sunscreen Spray SPF 50, Water Resistant Spray Sunscreen, Broad Spectrum SPF 50 Sunscreen Pack, 5.5 Oz Spray, Pack of 2",
        "price": "$14.85 ($1.35 / Ounce)",
        "listPrice": "",
        "imageUrl": "https://m.media-amazon.com/images/I/41uIcq6eNrL._SL160_.jpg",
        "detailPageURL": "https://www.amazon.com/dp/B074WBHHYY",
        "rating": "4.8",
        "totalReviews": "9127",
        "subtitle": "Coppertone",
        "isPrimeEligible": "1"
    },
    {
        "ASIN": "B08WZS7LVN",
        "title": "innisfree Daily UV Defense Sunscreen Broad Spectrum SPF 36 Face Lotion, 1.69 Fl Oz (Pack of 1)",
        "price": "$16.00 ($9.47 / Fl Oz)",
        "listPrice": "",
        "imageUrl": "https://m.media-amazon.com/images/I/31utV1X28VL._SL160_.jpg",
        "detailPageURL": "https://www.amazon.com/dp/B08WZS7LVN",
        "rating": "4.7",
        "totalReviews": "4301",
        "subtitle": "",
        "isPrimeEligible": "1"
    },
    {
        "ASIN": "B076GZX3KL",
        "title": "Neutrogena Ultra Sheer Body Mist SPF 70 Sunscreen Spray, Broad Spectrum UVA/UVB Protection, Lightweight, Non-Greasy Water Resistant Body Sunscreen Mist, Non-Comedogenic, 5 oz",
        "price": "$28.74 ($1.92 / Ounce)",
        "listPrice": "",
        "imageUrl": "https://m.media-amazon.com/images/I/41BQoEZMuTL._SL160_.jpg",
        "detailPageURL": "https://www.amazon.com/dp/B076GZX3KL",
        "rating": "4.7",
        "totalReviews": "4936",
        "subtitle": "Neutrogena",
        "isPrimeEligible": "1"
    },
    {
        "ASIN": "B08CFVM1TT",
        "title": "Supergoop! Unseen Sunscreen - SPF 40-1.7 fl oz - Invisible, Broad Spectrum Face Sunscreen - Weightless, Scentless, and Oil Free - For All Skin Types and Skin Tones",
        "price": "$38.00 ($22.35 / Fl Oz)",
        "listPrice": "",
        "imageUrl": "https://m.media-amazon.com/images/I/31WJhkICW5L._SL160_.jpg",
        "detailPageURL": "https://www.amazon.com/dp/B08CFVM1TT",
        "rating": "4.6",
        "totalReviews": "14089",
        "subtitle": "Supergoop!",
        "isPrimeEligible": "1"
    },
    {
        "ASIN": "B007WIVV10",
        "title": "Bior\u00e9 Japan Aqua Rich Watery Essence Sunblock Sunscreen Blue Spf50+ Pa+++",
        "price": "$9.99 ($5.71 / Ounce)",
        "listPrice": "$17.00 ($9.71 / Ounce)",
        "imageUrl": "https://m.media-amazon.com/images/I/512bc-GRZtL._SL160_.jpg",
        "detailPageURL": "https://www.amazon.com/dp/B007WIVV10",
        "rating": "4.5",
        "totalReviews": "2196",
        "subtitle": "Bior\u00e9",
        "isPrimeEligible": "1"
    },
    {
        "ASIN": "B00AEN4QZ8",
        "title": "Neutrogena Beach Defense Water-Resistant Face & Body SPF 70 Sunscreen Lotion with Broad Spectrum UVA/UVB Protection, Oil-Free Fast-Absorbing Sunscreen Lotion, Oxybenzone-Free, 6.7 oz",
        "price": "$8.65 ($1.29 / Fl Oz)",
        "listPrice": "$9.59 ($1.43 / Fl Oz)",
        "imageUrl": "https://m.media-amazon.com/images/I/41jo8M1fchL._SL160_.jpg",
        "detailPageURL": "https://www.amazon.com/dp/B00AEN4QZ8",
        "rating": "4.7",
        "totalReviews": "17464",
        "subtitle": "Neutrogena",
        "isPrimeEligible": "1"
    },
    {
        "ASIN": "B002CML1VG",
        "title": "La Roche-Posay Anthelios Melt-In Milk Body & Face Sunscreen SPF 60, Oil Free Sunscreen for Sensitive Skin, Sport Sunscreen Lotion, Sun Protection & Sun Skin Care, Oxybenzone Free",
        "price": "$36.99 ($7.40 / Fl Oz)",
        "listPrice": "",
        "imageUrl": "https://m.media-amazon.com/images/I/41ufC4L5QQL._SL160_.jpg",
        "detailPageURL": "https://www.amazon.com/dp/B002CML1VG",
        "rating": "4.6",
        "totalReviews": "12200",
        "subtitle": "",
        "isPrimeEligible": "1"
    },
    {
        "ASIN": "B0173G3AY6",
        "title": "Coppertone SPORT Sunscreen SPF 50 Lotion, Water Resistant Sunscreen, Body Sunscreen Lotion, 7 Fl Oz",
        "price": "$7.24 ($1.03 / Fl Oz)",
        "listPrice": "$9.25 ($1.32 / Fl Oz)",
        "imageUrl": "https://m.media-amazon.com/images/I/41df1VF01YL._SL160_.jpg",
        "detailPageURL": "https://www.amazon.com/dp/B0173G3AY6",
        "rating": "4.7",
        "totalReviews": "1527",
        "subtitle": "Coppertone",
        "isPrimeEligible": "1"
    },
    {
        "ASIN": "B004CDV7EY",
        "title": "Banana Boat Sport Ultra SPF 50 Sunscreen Lotion, 12oz | Banana Boat Sunscreen SPF 50 Lotion, Oxybenzone Free Sunscreen, Sunblock Lotion, Family Size Sunscreen SPF 50, 12oz",
        "price": "$10.97 ($0.91 / Fl Oz)",
        "listPrice": "$12.99 ($1.08 / Fl Oz)",
        "imageUrl": "https://m.media-amazon.com/images/I/41tTwTi8GdL._SL160_.jpg",
        "detailPageURL": "https://www.amazon.com/dp/B004CDV7EY",
        "rating": "4.7",
        "totalReviews": "28593",
        "subtitle": "Banana Boat",
        "isPrimeEligible": "1"
    },
    {
        "ASIN": "B004XGLDTY",
        "title": "Sun Bum Original SPF 50 Sunscreen Spray |Vegan and Hawaii 104 Reef Act Compliant (Octinoxate & Oxybenzone Free) Broad Spectrum Moisturizing UVA/UVB Sunscreen with Vitamin E | 6 oz",
        "price": "$16.61 ($2.77 / Ounce)",
        "listPrice": "$18.49 ($3.08 / Ounce)",
        "imageUrl": "https://m.media-amazon.com/images/I/31ri12DT9IL._SL160_.jpg",
        "detailPageURL": "https://www.amazon.com/dp/B004XGLDTY",
        "rating": "4.8",
        "totalReviews": "21171",
        "subtitle": "Sun Bum",
        "isPrimeEligible": "1"
    },
    {
        "ASIN": "B08WZS7LVN",
        "title": "innisfree Daily UV Defense Sunscreen Broad Spectrum SPF 36 Face Lotion, 1.69 Fl Oz (Pack of 1)",
        "price": "$16.00 ($9.47 / Fl Oz)",
        "listPrice": "",
        "imageUrl": "https://m.media-amazon.com/images/I/31utV1X28VL._SL160_.jpg",
        "detailPageURL": "https://www.amazon.com/dp/B08WZS7LVN",
        "rating": "4.7",
        "totalReviews": "4301",
        "subtitle": "",
        "isPrimeEligible": "1"
    },
    {
        "ASIN": "B076GZX3KL",
        "title": "Neutrogena Ultra Sheer Body Mist SPF 70 Sunscreen Spray, Broad Spectrum UVA/UVB Protection, Lightweight, Non-Greasy Water Resistant Body Sunscreen Mist, Non-Comedogenic, 5 oz",
        "price": "$28.74 ($1.92 / Ounce)",
        "listPrice": "",
        "imageUrl": "https://m.media-amazon.com/images/I/41BQoEZMuTL._SL160_.jpg",
        "detailPageURL": "https://www.amazon.com/dp/B076GZX3KL",
        "rating": "4.7",
        "totalReviews": "4936",
        "subtitle": "Neutrogena",
        "isPrimeEligible": "1"
    },
    {
        "ASIN": "B08CFVM1TT",
        "title": "Supergoop! Unseen Sunscreen - SPF 40-1.7 fl oz - Invisible, Broad Spectrum Face Sunscreen - Weightless, Scentless, and Oil Free - For All Skin Types and Skin Tones",
        "price": "$38.00 ($22.35 / Fl Oz)",
        "listPrice": "",
        "imageUrl": "https://m.media-amazon.com/images/I/31WJhkICW5L._SL160_.jpg",
        "detailPageURL": "https://www.amazon.com/dp/B08CFVM1TT",
        "rating": "4.6",
        "totalReviews": "14089",
        "subtitle": "Supergoop!",
        "isPrimeEligible": "1"
    },
    {
        "ASIN": "B007WIVV10",
        "title": "Bior\u00e9 Japan Aqua Rich Watery Essence Sunblock Sunscreen Blue Spf50+ Pa+++",
        "price": "$9.99 ($5.71 / Ounce)",
        "listPrice": "$17.00 ($9.71 / Ounce)",
        "imageUrl": "https://m.media-amazon.com/images/I/512bc-GRZtL._SL160_.jpg",
        "detailPageURL": "https://www.amazon.com/dp/B007WIVV10",
        "rating": "4.5",
        "totalReviews": "2196",
        "subtitle": "Bior\u00e9",
        "isPrimeEligible": "1"
    },
    {
        "ASIN": "B00AEN4QZ8",
        "title": "Neutrogena Beach Defense Water-Resistant Face & Body SPF 70 Sunscreen Lotion with Broad Spectrum UVA/UVB Protection, Oil-Free Fast-Absorbing Sunscreen Lotion, Oxybenzone-Free, 6.7 oz",
        "price": "$8.65 ($1.29 / Fl Oz)",
        "listPrice": "$9.59 ($1.43 / Fl Oz)",
        "imageUrl": "https://m.media-amazon.com/images/I/41jo8M1fchL._SL160_.jpg",
        "detailPageURL": "https://www.amazon.com/dp/B00AEN4QZ8",
        "rating": "4.7",
        "totalReviews": "17464",
        "subtitle": "Neutrogena",
        "isPrimeEligible": "1"
    },
    {
        "ASIN": "B002CML1VG",
        "title": "La Roche-Posay Anthelios Melt-In Milk Body & Face Sunscreen SPF 60, Oil Free Sunscreen for Sensitive Skin, Sport Sunscreen Lotion, Sun Protection & Sun Skin Care, Oxybenzone Free",
        "price": "$36.99 ($7.40 / Fl Oz)",
        "listPrice": "",
        "imageUrl": "https://m.media-amazon.com/images/I/41ufC4L5QQL._SL160_.jpg",
        "detailPageURL": "https://www.amazon.com/dp/B002CML1VG",
        "rating": "4.6",
        "totalReviews": "12200",
        "subtitle": "",
        "isPrimeEligible": "1"
    },
    {
        "ASIN": "B0173G3AY6",
        "title": "Coppertone SPORT Sunscreen SPF 50 Lotion, Water Resistant Sunscreen, Body Sunscreen Lotion, 7 Fl Oz",
        "price": "$7.24 ($1.03 / Fl Oz)",
        "listPrice": "$9.25 ($1.32 / Fl Oz)",
        "imageUrl": "https://m.media-amazon.com/images/I/41df1VF01YL._SL160_.jpg",
        "detailPageURL": "https://www.amazon.com/dp/B0173G3AY6",
        "rating": "4.7",
        "totalReviews": "1527",
        "subtitle": "Coppertone",
        "isPrimeEligible": "1"
    },
    {
        "ASIN": "B004CDV7EY",
        "title": "Banana Boat Sport Ultra SPF 50 Sunscreen Lotion, 12oz | Banana Boat Sunscreen SPF 50 Lotion, Oxybenzone Free Sunscreen, Sunblock Lotion, Family Size Sunscreen SPF 50, 12oz",
        "price": "$10.97 ($0.91 / Fl Oz)",
        "listPrice": "$12.99 ($1.08 / Fl Oz)",
        "imageUrl": "https://m.media-amazon.com/images/I/41tTwTi8GdL._SL160_.jpg",
        "detailPageURL": "https://www.amazon.com/dp/B004CDV7EY",
        "rating": "4.7",
        "totalReviews": "28593",
        "subtitle": "Banana Boat",
        "isPrimeEligible": "1"
    },
    {
        "ASIN": "B004XGLDTY",
        "title": "Sun Bum Original SPF 50 Sunscreen Spray |Vegan and Hawaii 104 Reef Act Compliant (Octinoxate & Oxybenzone Free) Broad Spectrum Moisturizing UVA/UVB Sunscreen with Vitamin E | 6 oz",
        "price": "$16.61 ($2.77 / Ounce)",
        "listPrice": "$18.49 ($3.08 / Ounce)",
        "imageUrl": "https://m.media-amazon.com/images/I/31ri12DT9IL._SL160_.jpg",
        "detailPageURL": "https://www.amazon.com/dp/B004XGLDTY",
        "rating": "4.8",
        "totalReviews": "21171",
        "subtitle": "Sun Bum",
        "isPrimeEligible": "1"
    },
    {
        "ASIN": "B0B3ZQ63PM",
        "title": "Supergoop! Every. Single. Face. Watery Lotion - 1.7 fl oz - Broad Spectrum SPF 50 PA++++ Sunscreen Lotion - Water & Sweat Resistant - All Skin Types",
        "price": "$34.00 ($20.00 / Fl Oz)",
        "listPrice": "",
        "imageUrl": "https://m.media-amazon.com/images/I/31IChui0FQL._SL160_.jpg",
        "detailPageURL": "https://www.amazon.com/dp/B0B3ZQ63PM",
        "rating": "4.6",
        "totalReviews": "265",
        "subtitle": "Supergoop!",
        "isPrimeEligible": "1"
    },
    {
        "ASIN": "B076GZX3KL",
        "title": "Neutrogena Ultra Sheer Body Mist SPF 70 Sunscreen Spray, Broad Spectrum UVA/UVB Protection, Lightweight, Non-Greasy Water Resistant Body Sunscreen Mist, Non-Comedogenic, 5 oz",
        "price": "$28.74 ($1.92 / Ounce)",
        "listPrice": "",
        "imageUrl": "https://m.media-amazon.com/images/I/41BQoEZMuTL._SL160_.jpg",
        "detailPageURL": "https://www.amazon.com/dp/B076GZX3KL",
        "rating": "4.7",
        "totalReviews": "4936",
        "subtitle": "Neutrogena",
        "isPrimeEligible": "1"
    },
    {
        "ASIN": "B08CFVM1TT",
        "title": "Supergoop! Unseen Sunscreen - SPF 40-1.7 fl oz - Invisible, Broad Spectrum Face Sunscreen - Weightless, Scentless, and Oil Free - For All Skin Types and Skin Tones",
        "price": "$38.00 ($22.35 / Fl Oz)",
        "listPrice": "",
        "imageUrl": "https://m.media-amazon.com/images/I/31WJhkICW5L._SL160_.jpg",
        "detailPageURL": "https://www.amazon.com/dp/B08CFVM1TT",
        "rating": "4.6",
        "totalReviews": "14089",
        "subtitle": "Supergoop!",
        "isPrimeEligible": "1"
    },
    {
        "ASIN": "B007WIVV10",
        "title": "Bior\u00e9 Japan Aqua Rich Watery Essence Sunblock Sunscreen Blue Spf50+ Pa+++",
        "price": "$9.99 ($5.71 / Ounce)",
        "listPrice": "$17.00 ($9.71 / Ounce)",
        "imageUrl": "https://m.media-amazon.com/images/I/512bc-GRZtL._SL160_.jpg",
        "detailPageURL": "https://www.amazon.com/dp/B007WIVV10",
        "rating": "4.5",
        "totalReviews": "2196",
        "subtitle": "Bior\u00e9",
        "isPrimeEligible": "1"
    },
    {
        "ASIN": "B00AEN4QZ8",
        "title": "Neutrogena Beach Defense Water-Resistant Face & Body SPF 70 Sunscreen Lotion with Broad Spectrum UVA/UVB Protection, Oil-Free Fast-Absorbing Sunscreen Lotion, Oxybenzone-Free, 6.7 oz",
        "price": "$8.65 ($1.29 / Fl Oz)",
        "listPrice": "$9.59 ($1.43 / Fl Oz)",
        "imageUrl": "https://m.media-amazon.com/images/I/41jo8M1fchL._SL160_.jpg",
        "detailPageURL": "https://www.amazon.com/dp/B00AEN4QZ8",
        "rating": "4.7",
        "totalReviews": "17464",
        "subtitle": "Neutrogena",
        "isPrimeEligible": "1"
    },
    {
        "ASIN": "B002CML1VG",
        "title": "La Roche-Posay Anthelios Melt-In Milk Body & Face Sunscreen SPF 60, Oil Free Sunscreen for Sensitive Skin, Sport Sunscreen Lotion, Sun Protection & Sun Skin Care, Oxybenzone Free",
        "price": "$36.99 ($7.40 / Fl Oz)",
        "listPrice": "",
        "imageUrl": "https://m.media-amazon.com/images/I/41ufC4L5QQL._SL160_.jpg",
        "detailPageURL": "https://www.amazon.com/dp/B002CML1VG",
        "rating": "4.6",
        "totalReviews": "12200",
        "subtitle": "",
        "isPrimeEligible": "1"
    },
    {
        "ASIN": "B0173G3AY6",
        "title": "Coppertone SPORT Sunscreen SPF 50 Lotion, Water Resistant Sunscreen, Body Sunscreen Lotion, 7 Fl Oz",
        "price": "$7.24 ($1.03 / Fl Oz)",
        "listPrice": "$9.25 ($1.32 / Fl Oz)",
        "imageUrl": "https://m.media-amazon.com/images/I/41df1VF01YL._SL160_.jpg",
        "detailPageURL": "https://www.amazon.com/dp/B0173G3AY6",
        "rating": "4.7",
        "totalReviews": "1527",
        "subtitle": "Coppertone",
        "isPrimeEligible": "1"
    },
    {
        "ASIN": "B004CDV7EY",
        "title": "Banana Boat Sport Ultra SPF 50 Sunscreen Lotion, 12oz | Banana Boat Sunscreen SPF 50 Lotion, Oxybenzone Free Sunscreen, Sunblock Lotion, Family Size Sunscreen SPF 50, 12oz",
        "price": "$10.97 ($0.91 / Fl Oz)",
        "listPrice": "$12.99 ($1.08 / Fl Oz)",
        "imageUrl": "https://m.media-amazon.com/images/I/41tTwTi8GdL._SL160_.jpg",
        "detailPageURL": "https://www.amazon.com/dp/B004CDV7EY",
        "rating": "4.7",
        "totalReviews": "28593",
        "subtitle": "Banana Boat",
        "isPrimeEligible": "1"
    },
    {
        "ASIN": "B004XGLDTY",
        "title": "Sun Bum Original SPF 50 Sunscreen Spray |Vegan and Hawaii 104 Reef Act Compliant (Octinoxate & Oxybenzone Free) Broad Spectrum Moisturizing UVA/UVB Sunscreen with Vitamin E | 6 oz",
        "price": "$16.61 ($2.77 / Ounce)",
        "listPrice": "$18.49 ($3.08 / Ounce)",
        "imageUrl": "https://m.media-amazon.com/images/I/31ri12DT9IL._SL160_.jpg",
        "detailPageURL": "https://www.amazon.com/dp/B004XGLDTY",
        "rating": "4.8",
        "totalReviews": "21171",
        "subtitle": "Sun Bum",
        "isPrimeEligible": "1"
    },
    {
        "ASIN": "B0B3ZQ63PM",
        "title": "Supergoop! Every. Single. Face. Watery Lotion - 1.7 fl oz - Broad Spectrum SPF 50 PA++++ Sunscreen Lotion - Water & Sweat Resistant - All Skin Types",
        "price": "$34.00 ($20.00 / Fl Oz)",
        "listPrice": "",
        "imageUrl": "https://m.media-amazon.com/images/I/31IChui0FQL._SL160_.jpg",
        "detailPageURL": "https://www.amazon.com/dp/B0B3ZQ63PM",
        "rating": "4.6",
        "totalReviews": "265",
        "subtitle": "Supergoop!",
        "isPrimeEligible": "1"
    },
    {
        "ASIN": "B01A0NT3D6",
        "title": "La Roche-Posay Anthelios Clear Skin Dry Touch Sunscreen SPF 60, Oil Free Face Sunscreen for Acne Prone Skin, Won't Cause Breakouts, Non-Greasy, Oxybenzone Free",
        "price": "$19.99 ($11.76 / Fl Oz)",
        "listPrice": "",
        "imageUrl": "https://m.media-amazon.com/images/I/41m7tdXv3GL._SL160_.jpg",
        "detailPageURL": "https://www.amazon.com/dp/B01A0NT3D6",
        "rating": "4.4",
        "totalReviews": "15373",
        "subtitle": "",
        "isPrimeEligible": "1"
    },
    {
        "ASIN": "B08CFVM1TT",
        "title": "Supergoop! Unseen Sunscreen - SPF 40-1.7 fl oz - Invisible, Broad Spectrum Face Sunscreen - Weightless, Scentless, and Oil Free - For All Skin Types and Skin Tones",
        "price": "$38.00 ($22.35 / Fl Oz)",
        "listPrice": "",
        "imageUrl": "https://m.media-amazon.com/images/I/31WJhkICW5L._SL160_.jpg",
        "detailPageURL": "https://www.amazon.com/dp/B08CFVM1TT",
        "rating": "4.6",
        "totalReviews": "14089",
        "subtitle": "Supergoop!",
        "isPrimeEligible": "1"
    },
    {
        "ASIN": "B007WIVV10",
        "title": "Bior\u00e9 Japan Aqua Rich Watery Essence Sunblock Sunscreen Blue Spf50+ Pa+++",
        "price": "$9.99 ($5.71 / Ounce)",
        "listPrice": "$17.00 ($9.71 / Ounce)",
        "imageUrl": "https://m.media-amazon.com/images/I/512bc-GRZtL._SL160_.jpg",
        "detailPageURL": "https://www.amazon.com/dp/B007WIVV10",
        "rating": "4.5",
        "totalReviews": "2196",
        "subtitle": "Bior\u00e9",
        "isPrimeEligible": "1"
    },
    {
        "ASIN": "B00AEN4QZ8",
        "title": "Neutrogena Beach Defense Water-Resistant Face & Body SPF 70 Sunscreen Lotion with Broad Spectrum UVA/UVB Protection, Oil-Free Fast-Absorbing Sunscreen Lotion, Oxybenzone-Free, 6.7 oz",
        "price": "$8.65 ($1.29 / Fl Oz)",
        "listPrice": "$9.59 ($1.43 / Fl Oz)",
        "imageUrl": "https://m.media-amazon.com/images/I/41jo8M1fchL._SL160_.jpg",
        "detailPageURL": "https://www.amazon.com/dp/B00AEN4QZ8",
        "rating": "4.7",
        "totalReviews": "17464",
        "subtitle": "Neutrogena",
        "isPrimeEligible": "1"
    },
    {
        "ASIN": "B002CML1VG",
        "title": "La Roche-Posay Anthelios Melt-In Milk Body & Face Sunscreen SPF 60, Oil Free Sunscreen for Sensitive Skin, Sport Sunscreen Lotion, Sun Protection & Sun Skin Care, Oxybenzone Free",
        "price": "$36.99 ($7.40 / Fl Oz)",
        "listPrice": "",
        "imageUrl": "https://m.media-amazon.com/images/I/41ufC4L5QQL._SL160_.jpg",
        "detailPageURL": "https://www.amazon.com/dp/B002CML1VG",
        "rating": "4.6",
        "totalReviews": "12200",
        "subtitle": "",
        "isPrimeEligible": "1"
    },
    {
        "ASIN": "B0173G3AY6",
        "title": "Coppertone SPORT Sunscreen SPF 50 Lotion, Water Resistant Sunscreen, Body Sunscreen Lotion, 7 Fl Oz",
        "price": "$7.24 ($1.03 / Fl Oz)",
        "listPrice": "$9.25 ($1.32 / Fl Oz)",
        "imageUrl": "https://m.media-amazon.com/images/I/41df1VF01YL._SL160_.jpg",
        "detailPageURL": "https://www.amazon.com/dp/B0173G3AY6",
        "rating": "4.7",
        "totalReviews": "1527",
        "subtitle": "Coppertone",
        "isPrimeEligible": "1"
    },
    {
        "ASIN": "B004CDV7EY",
        "title": "Banana Boat Sport Ultra SPF 50 Sunscreen Lotion, 12oz | Banana Boat Sunscreen SPF 50 Lotion, Oxybenzone Free Sunscreen, Sunblock Lotion, Family Size Sunscreen SPF 50, 12oz",
        "price": "$10.97 ($0.91 / Fl Oz)",
        "listPrice": "$12.99 ($1.08 / Fl Oz)",
        "imageUrl": "https://m.media-amazon.com/images/I/41tTwTi8GdL._SL160_.jpg",
        "detailPageURL": "https://www.amazon.com/dp/B004CDV7EY",
        "rating": "4.7",
        "totalReviews": "28593",
        "subtitle": "Banana Boat",
        "isPrimeEligible": "1"
    },
    {
        "ASIN": "B004XGLDTY",
        "title": "Sun Bum Original SPF 50 Sunscreen Spray |Vegan and Hawaii 104 Reef Act Compliant (Octinoxate & Oxybenzone Free) Broad Spectrum Moisturizing UVA/UVB Sunscreen with Vitamin E | 6 oz",
        "price": "$16.61 ($2.77 / Ounce)",
        "listPrice": "$18.49 ($3.08 / Ounce)",
        "imageUrl": "https://m.media-amazon.com/images/I/31ri12DT9IL._SL160_.jpg",
        "detailPageURL": "https://www.amazon.com/dp/B004XGLDTY",
        "rating": "4.8",
        "totalReviews": "21171",
        "subtitle": "Sun Bum",
        "isPrimeEligible": "1"
    },
    {
        "ASIN": "B0B3ZQ63PM",
        "title": "Supergoop! Every. Single. Face. Watery Lotion - 1.7 fl oz - Broad Spectrum SPF 50 PA++++ Sunscreen Lotion - Water & Sweat Resistant - All Skin Types",
        "price": "$34.00 ($20.00 / Fl Oz)",
        "listPrice": "",
        "imageUrl": "https://m.media-amazon.com/images/I/31IChui0FQL._SL160_.jpg",
        "detailPageURL": "https://www.amazon.com/dp/B0B3ZQ63PM",
        "rating": "4.6",
        "totalReviews": "265",
        "subtitle": "Supergoop!",
        "isPrimeEligible": "1"
    },
    {
        "ASIN": "B01A0NT3D6",
        "title": "La Roche-Posay Anthelios Clear Skin Dry Touch Sunscreen SPF 60, Oil Free Face Sunscreen for Acne Prone Skin, Won't Cause Breakouts, Non-Greasy, Oxybenzone Free",
        "price": "$19.99 ($11.76 / Fl Oz)",
        "listPrice": "",
        "imageUrl": "https://m.media-amazon.com/images/I/41m7tdXv3GL._SL160_.jpg",
        "detailPageURL": "https://www.amazon.com/dp/B01A0NT3D6",
        "rating": "4.4",
        "totalReviews": "15373",
        "subtitle": "",
        "isPrimeEligible": "1"
    },
    {
        "ASIN": "B072NZYJVN",
        "title": "Banana Boat Sport Cool Zone SPF 30 Sunscreen Spray | Sport Clear Sunscreen Spray, Oxybenzone Free Sunscreen Pack SPF 30, 6oz each Twin Pack",
        "price": "$13.47 ($1.12 / Ounce)",
        "listPrice": "$26.49 ($2.21 / Ounce)",
        "imageUrl": "https://m.media-amazon.com/images/I/418FgLjPLJL._SL160_.jpg",
        "detailPageURL": "https://www.amazon.com/dp/B072NZYJVN",
        "rating": "4.7",
        "totalReviews": "3226",
        "subtitle": "Banana Boat",
        "isPrimeEligible": "1"
    },
    {
        "ASIN": "B007WIVV10",
        "title": "Bior\u00e9 Japan Aqua Rich Watery Essence Sunblock Sunscreen Blue Spf50+ Pa+++",
        "price": "$9.99 ($5.71 / Ounce)",
        "listPrice": "$17.00 ($9.71 / Ounce)",
        "imageUrl": "https://m.media-amazon.com/images/I/512bc-GRZtL._SL160_.jpg",
        "detailPageURL": "https://www.amazon.com/dp/B007WIVV10",
        "rating": "4.5",
        "totalReviews": "2196",
        "subtitle": "Bior\u00e9",
        "isPrimeEligible": "1"
    },
    {
        "ASIN": "B00AEN4QZ8",
        "title": "Neutrogena Beach Defense Water-Resistant Face & Body SPF 70 Sunscreen Lotion with Broad Spectrum UVA/UVB Protection, Oil-Free Fast-Absorbing Sunscreen Lotion, Oxybenzone-Free, 6.7 oz",
        "price": "$8.65 ($1.29 / Fl Oz)",
        "listPrice": "$9.59 ($1.43 / Fl Oz)",
        "imageUrl": "https://m.media-amazon.com/images/I/41jo8M1fchL._SL160_.jpg",
        "detailPageURL": "https://www.amazon.com/dp/B00AEN4QZ8",
        "rating": "4.7",
        "totalReviews": "17464",
        "subtitle": "Neutrogena",
        "isPrimeEligible": "1"
    },
    {
        "ASIN": "B002CML1VG",
        "title": "La Roche-Posay Anthelios Melt-In Milk Body & Face Sunscreen SPF 60, Oil Free Sunscreen for Sensitive Skin, Sport Sunscreen Lotion, Sun Protection & Sun Skin Care, Oxybenzone Free",
        "price": "$36.99 ($7.40 / Fl Oz)",
        "listPrice": "",
        "imageUrl": "https://m.media-amazon.com/images/I/41ufC4L5QQL._SL160_.jpg",
        "detailPageURL": "https://www.amazon.com/dp/B002CML1VG",
        "rating": "4.6",
        "totalReviews": "12200",
        "subtitle": "",
        "isPrimeEligible": "1"
    },
    {
        "ASIN": "B0173G3AY6",
        "title": "Coppertone SPORT Sunscreen SPF 50 Lotion, Water Resistant Sunscreen, Body Sunscreen Lotion, 7 Fl Oz",
        "price": "$7.24 ($1.03 / Fl Oz)",
        "listPrice": "$9.25 ($1.32 / Fl Oz)",
        "imageUrl": "https://m.media-amazon.com/images/I/41df1VF01YL._SL160_.jpg",
        "detailPageURL": "https://www.amazon.com/dp/B0173G3AY6",
        "rating": "4.7",
        "totalReviews": "1527",
        "subtitle": "Coppertone",
        "isPrimeEligible": "1"
    },
    {
        "ASIN": "B004CDV7EY",
        "title": "Banana Boat Sport Ultra SPF 50 Sunscreen Lotion, 12oz | Banana Boat Sunscreen SPF 50 Lotion, Oxybenzone Free Sunscreen, Sunblock Lotion, Family Size Sunscreen SPF 50, 12oz",
        "price": "$10.97 ($0.91 / Fl Oz)",
        "listPrice": "$12.99 ($1.08 / Fl Oz)",
        "imageUrl": "https://m.media-amazon.com/images/I/41tTwTi8GdL._SL160_.jpg",
        "detailPageURL": "https://www.amazon.com/dp/B004CDV7EY",
        "rating": "4.7",
        "totalReviews": "28593",
        "subtitle": "Banana Boat",
        "isPrimeEligible": "1"
    },
    {
        "ASIN": "B004XGLDTY",
        "title": "Sun Bum Original SPF 50 Sunscreen Spray |Vegan and Hawaii 104 Reef Act Compliant (Octinoxate & Oxybenzone Free) Broad Spectrum Moisturizing UVA/UVB Sunscreen with Vitamin E | 6 oz",
        "price": "$16.61 ($2.77 / Ounce)",
        "listPrice": "$18.49 ($3.08 / Ounce)",
        "imageUrl": "https://m.media-amazon.com/images/I/31ri12DT9IL._SL160_.jpg",
        "detailPageURL": "https://www.amazon.com/dp/B004XGLDTY",
        "rating": "4.8",
        "totalReviews": "21171",
        "subtitle": "Sun Bum",
        "isPrimeEligible": "1"
    },
    {
        "ASIN": "B0B3ZQ63PM",
        "title": "Supergoop! Every. Single. Face. Watery Lotion - 1.7 fl oz - Broad Spectrum SPF 50 PA++++ Sunscreen Lotion - Water & Sweat Resistant - All Skin Types",
        "price": "$34.00 ($20.00 / Fl Oz)",
        "listPrice": "",
        "imageUrl": "https://m.media-amazon.com/images/I/31IChui0FQL._SL160_.jpg",
        "detailPageURL": "https://www.amazon.com/dp/B0B3ZQ63PM",
        "rating": "4.6",
        "totalReviews": "265",
        "subtitle": "Supergoop!",
        "isPrimeEligible": "1"
    },
    {
        "ASIN": "B01A0NT3D6",
        "title": "La Roche-Posay Anthelios Clear Skin Dry Touch Sunscreen SPF 60, Oil Free Face Sunscreen for Acne Prone Skin, Won't Cause Breakouts, Non-Greasy, Oxybenzone Free",
        "price": "$19.99 ($11.76 / Fl Oz)",
        "listPrice": "",
        "imageUrl": "https://m.media-amazon.com/images/I/41m7tdXv3GL._SL160_.jpg",
        "detailPageURL": "https://www.amazon.com/dp/B01A0NT3D6",
        "rating": "4.4",
        "totalReviews": "15373",
        "subtitle": "",
        "isPrimeEligible": "1"
    },
    {
        "ASIN": "B072NZYJVN",
        "title": "Banana Boat Sport Cool Zone SPF 30 Sunscreen Spray | Sport Clear Sunscreen Spray, Oxybenzone Free Sunscreen Pack SPF 30, 6oz each Twin Pack",
        "price": "$13.47 ($1.12 / Ounce)",
        "listPrice": "$26.49 ($2.21 / Ounce)",
        "imageUrl": "https://m.media-amazon.com/images/I/418FgLjPLJL._SL160_.jpg",
        "detailPageURL": "https://www.amazon.com/dp/B072NZYJVN",
        "rating": "4.7",
        "totalReviews": "3226",
        "subtitle": "Banana Boat",
        "isPrimeEligible": "1"
    },
    {
        "ASIN": "B07YLKXV11",
        "title": "CeraVe Tinted Sunscreen with SPF 30 | Hydrating Mineral Sunscreen With Zinc Oxide & Titanium Dioxide | Sheer Tint for Healthy Glow | 1.7 Fluid Ounce",
        "price": "$13.97 ($19.96 / Fl Oz)",
        "listPrice": "$15.99 ($22.84 / Fl Oz)",
        "imageUrl": "https://m.media-amazon.com/images/I/41uhLMbLeWL._SL160_.jpg",
        "detailPageURL": "https://www.amazon.com/dp/B07YLKXV11",
        "rating": "4.4",
        "totalReviews": "50257",
        "subtitle": "CeraVe",
        "isPrimeEligible": "1"
    },
    {
        "ASIN": "B00AEN4QZ8",
        "title": "Neutrogena Beach Defense Water-Resistant Face & Body SPF 70 Sunscreen Lotion with Broad Spectrum UVA/UVB Protection, Oil-Free Fast-Absorbing Sunscreen Lotion, Oxybenzone-Free, 6.7 oz",
        "price": "$8.65 ($1.29 / Fl Oz)",
        "listPrice": "$9.59 ($1.43 / Fl Oz)",
        "imageUrl": "https://m.media-amazon.com/images/I/41jo8M1fchL._SL160_.jpg",
        "detailPageURL": "https://www.amazon.com/dp/B00AEN4QZ8",
        "rating": "4.7",
        "totalReviews": "17464",
        "subtitle": "Neutrogena",
        "isPrimeEligible": "1"
    },
    {
        "ASIN": "B002CML1VG",
        "title": "La Roche-Posay Anthelios Melt-In Milk Body & Face Sunscreen SPF 60, Oil Free Sunscreen for Sensitive Skin, Sport Sunscreen Lotion, Sun Protection & Sun Skin Care, Oxybenzone Free",
        "price": "$36.99 ($7.40 / Fl Oz)",
        "listPrice": "",
        "imageUrl": "https://m.media-amazon.com/images/I/41ufC4L5QQL._SL160_.jpg",
        "detailPageURL": "https://www.amazon.com/dp/B002CML1VG",
        "rating": "4.6",
        "totalReviews": "12200",
        "subtitle": "",
        "isPrimeEligible": "1"
    },
    {
        "ASIN": "B0173G3AY6",
        "title": "Coppertone SPORT Sunscreen SPF 50 Lotion, Water Resistant Sunscreen, Body Sunscreen Lotion, 7 Fl Oz",
        "price": "$7.24 ($1.03 / Fl Oz)",
        "listPrice": "$9.25 ($1.32 / Fl Oz)",
        "imageUrl": "https://m.media-amazon.com/images/I/41df1VF01YL._SL160_.jpg",
        "detailPageURL": "https://www.amazon.com/dp/B0173G3AY6",
        "rating": "4.7",
        "totalReviews": "1527",
        "subtitle": "Coppertone",
        "isPrimeEligible": "1"
    },
    {
        "ASIN": "B004CDV7EY",
        "title": "Banana Boat Sport Ultra SPF 50 Sunscreen Lotion, 12oz | Banana Boat Sunscreen SPF 50 Lotion, Oxybenzone Free Sunscreen, Sunblock Lotion, Family Size Sunscreen SPF 50, 12oz",
        "price": "$10.97 ($0.91 / Fl Oz)",
        "listPrice": "$12.99 ($1.08 / Fl Oz)",
        "imageUrl": "https://m.media-amazon.com/images/I/41tTwTi8GdL._SL160_.jpg",
        "detailPageURL": "https://www.amazon.com/dp/B004CDV7EY",
        "rating": "4.7",
        "totalReviews": "28593",
        "subtitle": "Banana Boat",
        "isPrimeEligible": "1"
    },
    {
        "ASIN": "B004XGLDTY",
        "title": "Sun Bum Original SPF 50 Sunscreen Spray |Vegan and Hawaii 104 Reef Act Compliant (Octinoxate & Oxybenzone Free) Broad Spectrum Moisturizing UVA/UVB Sunscreen with Vitamin E | 6 oz",
        "price": "$16.61 ($2.77 / Ounce)",
        "listPrice": "$18.49 ($3.08 / Ounce)",
        "imageUrl": "https://m.media-amazon.com/images/I/31ri12DT9IL._SL160_.jpg",
        "detailPageURL": "https://www.amazon.com/dp/B004XGLDTY",
        "rating": "4.8",
        "totalReviews": "21171",
        "subtitle": "Sun Bum",
        "isPrimeEligible": "1"
    },
    {
        "ASIN": "B0B3ZQ63PM",
        "title": "Supergoop! Every. Single. Face. Watery Lotion - 1.7 fl oz - Broad Spectrum SPF 50 PA++++ Sunscreen Lotion - Water & Sweat Resistant - All Skin Types",
        "price": "$34.00 ($20.00 / Fl Oz)",
        "listPrice": "",
        "imageUrl": "https://m.media-amazon.com/images/I/31IChui0FQL._SL160_.jpg",
        "detailPageURL": "https://www.amazon.com/dp/B0B3ZQ63PM",
        "rating": "4.6",
        "totalReviews": "265",
        "subtitle": "Supergoop!",
        "isPrimeEligible": "1"
    },
    {
        "ASIN": "B01A0NT3D6",
        "title": "La Roche-Posay Anthelios Clear Skin Dry Touch Sunscreen SPF 60, Oil Free Face Sunscreen for Acne Prone Skin, Won't Cause Breakouts, Non-Greasy, Oxybenzone Free",
        "price": "$19.99 ($11.76 / Fl Oz)",
        "listPrice": "",
        "imageUrl": "https://m.media-amazon.com/images/I/41m7tdXv3GL._SL160_.jpg",
        "detailPageURL": "https://www.amazon.com/dp/B01A0NT3D6",
        "rating": "4.4",
        "totalReviews": "15373",
        "subtitle": "",
        "isPrimeEligible": "1"
    },
    {
        "ASIN": "B072NZYJVN",
        "title": "Banana Boat Sport Cool Zone SPF 30 Sunscreen Spray | Sport Clear Sunscreen Spray, Oxybenzone Free Sunscreen Pack SPF 30, 6oz each Twin Pack",
        "price": "$13.47 ($1.12 / Ounce)",
        "listPrice": "$26.49 ($2.21 / Ounce)",
        "imageUrl": "https://m.media-amazon.com/images/I/418FgLjPLJL._SL160_.jpg",
        "detailPageURL": "https://www.amazon.com/dp/B072NZYJVN",
        "rating": "4.7",
        "totalReviews": "3226",
        "subtitle": "Banana Boat",
        "isPrimeEligible": "1"
    },
    {
        "ASIN": "B07YLKXV11",
        "title": "CeraVe Tinted Sunscreen with SPF 30 | Hydrating Mineral Sunscreen With Zinc Oxide & Titanium Dioxide | Sheer Tint for Healthy Glow | 1.7 Fluid Ounce",
        "price": "$13.97 ($19.96 / Fl Oz)",
        "listPrice": "$15.99 ($22.84 / Fl Oz)",
        "imageUrl": "https://m.media-amazon.com/images/I/41uhLMbLeWL._SL160_.jpg",
        "detailPageURL": "https://www.amazon.com/dp/B07YLKXV11",
        "rating": "4.4",
        "totalReviews": "50257",
        "subtitle": "CeraVe",
        "isPrimeEligible": "1"
    },
    {
        "ASIN": "B002CML1XE",
        "title": "La Roche-Posay Anthelios Light Fluid Face Sunscreen Broad Spectrum SPF 60, Sensitive Skin Sunscreen, Oxybenzone Free, Oil Free, Non-Comedogenic",
        "price": "$32.99 ($19.41 / Fl Oz)",
        "listPrice": "",
        "imageUrl": "https://m.media-amazon.com/images/I/31t+UdbV5-L._SL160_.jpg",
        "detailPageURL": "https://www.amazon.com/dp/B002CML1XE",
        "rating": "4.7",
        "totalReviews": "6216",
        "subtitle": "",
        "isPrimeEligible": "1"
    },
    {
        "ASIN": "B002CML1VG",
        "title": "La Roche-Posay Anthelios Melt-In Milk Body & Face Sunscreen SPF 60, Oil Free Sunscreen for Sensitive Skin, Sport Sunscreen Lotion, Sun Protection & Sun Skin Care, Oxybenzone Free",
        "price": "$36.99 ($7.40 / Fl Oz)",
        "listPrice": "",
        "imageUrl": "https://m.media-amazon.com/images/I/41ufC4L5QQL._SL160_.jpg",
        "detailPageURL": "https://www.amazon.com/dp/B002CML1VG",
        "rating": "4.6",
        "totalReviews": "12200",
        "subtitle": "",
        "isPrimeEligible": "1"
    },
    {
        "ASIN": "B0173G3AY6",
        "title": "Coppertone SPORT Sunscreen SPF 50 Lotion, Water Resistant Sunscreen, Body Sunscreen Lotion, 7 Fl Oz",
        "price": "$7.24 ($1.03 / Fl Oz)",
        "listPrice": "$9.25 ($1.32 / Fl Oz)",
        "imageUrl": "https://m.media-amazon.com/images/I/41df1VF01YL._SL160_.jpg",
        "detailPageURL": "https://www.amazon.com/dp/B0173G3AY6",
        "rating": "4.7",
        "totalReviews": "1527",
        "subtitle": "Coppertone",
        "isPrimeEligible": "1"
    },
    {
        "ASIN": "B004CDV7EY",
        "title": "Banana Boat Sport Ultra SPF 50 Sunscreen Lotion, 12oz | Banana Boat Sunscreen SPF 50 Lotion, Oxybenzone Free Sunscreen, Sunblock Lotion, Family Size Sunscreen SPF 50, 12oz",
        "price": "$10.97 ($0.91 / Fl Oz)",
        "listPrice": "$12.99 ($1.08 / Fl Oz)",
        "imageUrl": "https://m.media-amazon.com/images/I/41tTwTi8GdL._SL160_.jpg",
        "detailPageURL": "https://www.amazon.com/dp/B004CDV7EY",
        "rating": "4.7",
        "totalReviews": "28593",
        "subtitle": "Banana Boat",
        "isPrimeEligible": "1"
    },
    {
        "ASIN": "B004XGLDTY",
        "title": "Sun Bum Original SPF 50 Sunscreen Spray |Vegan and Hawaii 104 Reef Act Compliant (Octinoxate & Oxybenzone Free) Broad Spectrum Moisturizing UVA/UVB Sunscreen with Vitamin E | 6 oz",
        "price": "$16.61 ($2.77 / Ounce)",
        "listPrice": "$18.49 ($3.08 / Ounce)",
        "imageUrl": "https://m.media-amazon.com/images/I/31ri12DT9IL._SL160_.jpg",
        "detailPageURL": "https://www.amazon.com/dp/B004XGLDTY",
        "rating": "4.8",
        "totalReviews": "21171",
        "subtitle": "Sun Bum",
        "isPrimeEligible": "1"
    },
    {
        "ASIN": "B0B3ZQ63PM",
        "title": "Supergoop! Every. Single. Face. Watery Lotion - 1.7 fl oz - Broad Spectrum SPF 50 PA++++ Sunscreen Lotion - Water & Sweat Resistant - All Skin Types",
        "price": "$34.00 ($20.00 / Fl Oz)",
        "listPrice": "",
        "imageUrl": "https://m.media-amazon.com/images/I/31IChui0FQL._SL160_.jpg",
        "detailPageURL": "https://www.amazon.com/dp/B0B3ZQ63PM",
        "rating": "4.6",
        "totalReviews": "265",
        "subtitle": "Supergoop!",
        "isPrimeEligible": "1"
    },
    {
        "ASIN": "B01A0NT3D6",
        "title": "La Roche-Posay Anthelios Clear Skin Dry Touch Sunscreen SPF 60, Oil Free Face Sunscreen for Acne Prone Skin, Won't Cause Breakouts, Non-Greasy, Oxybenzone Free",
        "price": "$19.99 ($11.76 / Fl Oz)",
        "listPrice": "",
        "imageUrl": "https://m.media-amazon.com/images/I/41m7tdXv3GL._SL160_.jpg",
        "detailPageURL": "https://www.amazon.com/dp/B01A0NT3D6",
        "rating": "4.4",
        "totalReviews": "15373",
        "subtitle": "",
        "isPrimeEligible": "1"
    },
    {
        "ASIN": "B072NZYJVN",
        "title": "Banana Boat Sport Cool Zone SPF 30 Sunscreen Spray | Sport Clear Sunscreen Spray, Oxybenzone Free Sunscreen Pack SPF 30, 6oz each Twin Pack",
        "price": "$13.47 ($1.12 / Ounce)",
        "listPrice": "$26.49 ($2.21 / Ounce)",
        "imageUrl": "https://m.media-amazon.com/images/I/418FgLjPLJL._SL160_.jpg",
        "detailPageURL": "https://www.amazon.com/dp/B072NZYJVN",
        "rating": "4.7",
        "totalReviews": "3226",
        "subtitle": "Banana Boat",
        "isPrimeEligible": "1"
    },
    {
        "ASIN": "B07YLKXV11",
        "title": "CeraVe Tinted Sunscreen with SPF 30 | Hydrating Mineral Sunscreen With Zinc Oxide & Titanium Dioxide | Sheer Tint for Healthy Glow | 1.7 Fluid Ounce",
        "price": "$13.97 ($19.96 / Fl Oz)",
        "listPrice": "$15.99 ($22.84 / Fl Oz)",
        "imageUrl": "https://m.media-amazon.com/images/I/41uhLMbLeWL._SL160_.jpg",
        "detailPageURL": "https://www.amazon.com/dp/B07YLKXV11",
        "rating": "4.4",
        "totalReviews": "50257",
        "subtitle": "CeraVe",
        "isPrimeEligible": "1"
    },
    {
        "ASIN": "B002CML1XE",
        "title": "La Roche-Posay Anthelios Light Fluid Face Sunscreen Broad Spectrum SPF 60, Sensitive Skin Sunscreen, Oxybenzone Free, Oil Free, Non-Comedogenic",
        "price": "$32.99 ($19.41 / Fl Oz)",
        "listPrice": "",
        "imageUrl": "https://m.media-amazon.com/images/I/31t+UdbV5-L._SL160_.jpg",
        "detailPageURL": "https://www.amazon.com/dp/B002CML1XE",
        "rating": "4.7",
        "totalReviews": "6216",
        "subtitle": "",
        "isPrimeEligible": "1"
    },
    {
        "ASIN": "B07WGV6Q45",
        "title": "Amazon Brand - Solimo Sport Sunscreen Lotion, SPF 50, Reef Friendly (Octinoxate & Oxybenzone Free), Broad Spectrum UVA/UVB Protection, 8 Fluid Ounce",
        "price": "$5.38 ($0.67 / Fl Oz)",
        "listPrice": "",
        "imageUrl": "https://m.media-amazon.com/images/I/31Ynzm+LPmL._SL160_.jpg",
        "detailPageURL": "https://www.amazon.com/dp/B07WGV6Q45",
        "rating": "4.5",
        "totalReviews": "6729",
        "subtitle": "Solimo",
        "isPrimeEligible": "1"
    },
    {
        "ASIN": "B0173G3AY6",
        "title": "Coppertone SPORT Sunscreen SPF 50 Lotion, Water Resistant Sunscreen, Body Sunscreen Lotion, 7 Fl Oz",
        "price": "$7.24 ($1.03 / Fl Oz)",
        "listPrice": "$9.25 ($1.32 / Fl Oz)",
        "imageUrl": "https://m.media-amazon.com/images/I/41df1VF01YL._SL160_.jpg",
        "detailPageURL": "https://www.amazon.com/dp/B0173G3AY6",
        "rating": "4.7",
        "totalReviews": "1527",
        "subtitle": "Coppertone",
        "isPrimeEligible": "1"
    },
    {
        "ASIN": "B004CDV7EY",
        "title": "Banana Boat Sport Ultra SPF 50 Sunscreen Lotion, 12oz | Banana Boat Sunscreen SPF 50 Lotion, Oxybenzone Free Sunscreen, Sunblock Lotion, Family Size Sunscreen SPF 50, 12oz",
        "price": "$10.97 ($0.91 / Fl Oz)",
        "listPrice": "$12.99 ($1.08 / Fl Oz)",
        "imageUrl": "https://m.media-amazon.com/images/I/41tTwTi8GdL._SL160_.jpg",
        "detailPageURL": "https://www.amazon.com/dp/B004CDV7EY",
        "rating": "4.7",
        "totalReviews": "28593",
        "subtitle": "Banana Boat",
        "isPrimeEligible": "1"
    },
    {
        "ASIN": "B004XGLDTY",
        "title": "Sun Bum Original SPF 50 Sunscreen Spray |Vegan and Hawaii 104 Reef Act Compliant (Octinoxate & Oxybenzone Free) Broad Spectrum Moisturizing UVA/UVB Sunscreen with Vitamin E | 6 oz",
        "price": "$16.61 ($2.77 / Ounce)",
        "listPrice": "$18.49 ($3.08 / Ounce)",
        "imageUrl": "https://m.media-amazon.com/images/I/31ri12DT9IL._SL160_.jpg",
        "detailPageURL": "https://www.amazon.com/dp/B004XGLDTY",
        "rating": "4.8",
        "totalReviews": "21171",
        "subtitle": "Sun Bum",
        "isPrimeEligible": "1"
    },
    {
        "ASIN": "B0B3ZQ63PM",
        "title": "Supergoop! Every. Single. Face. Watery Lotion - 1.7 fl oz - Broad Spectrum SPF 50 PA++++ Sunscreen Lotion - Water & Sweat Resistant - All Skin Types",
        "price": "$34.00 ($20.00 / Fl Oz)",
        "listPrice": "",
        "imageUrl": "https://m.media-amazon.com/images/I/31IChui0FQL._SL160_.jpg",
        "detailPageURL": "https://www.amazon.com/dp/B0B3ZQ63PM",
        "rating": "4.6",
        "totalReviews": "265",
        "subtitle": "Supergoop!",
        "isPrimeEligible": "1"
    },
    {
        "ASIN": "B01A0NT3D6",
        "title": "La Roche-Posay Anthelios Clear Skin Dry Touch Sunscreen SPF 60, Oil Free Face Sunscreen for Acne Prone Skin, Won't Cause Breakouts, Non-Greasy, Oxybenzone Free",
        "price": "$19.99 ($11.76 / Fl Oz)",
        "listPrice": "",
        "imageUrl": "https://m.media-amazon.com/images/I/41m7tdXv3GL._SL160_.jpg",
        "detailPageURL": "https://www.amazon.com/dp/B01A0NT3D6",
        "rating": "4.4",
        "totalReviews": "15373",
        "subtitle": "",
        "isPrimeEligible": "1"
    },
    {
        "ASIN": "B072NZYJVN",
        "title": "Banana Boat Sport Cool Zone SPF 30 Sunscreen Spray | Sport Clear Sunscreen Spray, Oxybenzone Free Sunscreen Pack SPF 30, 6oz each Twin Pack",
        "price": "$13.47 ($1.12 / Ounce)",
        "listPrice": "$26.49 ($2.21 / Ounce)",
        "imageUrl": "https://m.media-amazon.com/images/I/418FgLjPLJL._SL160_.jpg",
        "detailPageURL": "https://www.amazon.com/dp/B072NZYJVN",
        "rating": "4.7",
        "totalReviews": "3226",
        "subtitle": "Banana Boat",
        "isPrimeEligible": "1"
    },
    {
        "ASIN": "B07YLKXV11",
        "title": "CeraVe Tinted Sunscreen with SPF 30 | Hydrating Mineral Sunscreen With Zinc Oxide & Titanium Dioxide | Sheer Tint for Healthy Glow | 1.7 Fluid Ounce",
        "price": "$13.97 ($19.96 / Fl Oz)",
        "listPrice": "$15.99 ($22.84 / Fl Oz)",
        "imageUrl": "https://m.media-amazon.com/images/I/41uhLMbLeWL._SL160_.jpg",
        "detailPageURL": "https://www.amazon.com/dp/B07YLKXV11",
        "rating": "4.4",
        "totalReviews": "50257",
        "subtitle": "CeraVe",
        "isPrimeEligible": "1"
    },
    {
        "ASIN": "B002CML1XE",
        "title": "La Roche-Posay Anthelios Light Fluid Face Sunscreen Broad Spectrum SPF 60, Sensitive Skin Sunscreen, Oxybenzone Free, Oil Free, Non-Comedogenic",
        "price": "$32.99 ($19.41 / Fl Oz)",
        "listPrice": "",
        "imageUrl": "https://m.media-amazon.com/images/I/31t+UdbV5-L._SL160_.jpg",
        "detailPageURL": "https://www.amazon.com/dp/B002CML1XE",
        "rating": "4.7",
        "totalReviews": "6216",
        "subtitle": "",
        "isPrimeEligible": "1"
    },
    {
        "ASIN": "B07WGV6Q45",
        "title": "Amazon Brand - Solimo Sport Sunscreen Lotion, SPF 50, Reef Friendly (Octinoxate & Oxybenzone Free), Broad Spectrum UVA/UVB Protection, 8 Fluid Ounce",
        "price": "$5.38 ($0.67 / Fl Oz)",
        "listPrice": "",
        "imageUrl": "https://m.media-amazon.com/images/I/31Ynzm+LPmL._SL160_.jpg",
        "detailPageURL": "https://www.amazon.com/dp/B07WGV6Q45",
        "rating": "4.5",
        "totalReviews": "6729",
        "subtitle": "Solimo",
        "isPrimeEligible": "1"
    },
    {
        "ASIN": "B07X1YDGSF",
        "title": "Neutrogena Beach Defense Sunscreen Spray SPF 50 Water-Resistant Body Spray with Broad Spectrum , PABA-Free, Oxybenzone-Free & Fast-Drying, Superior Sun Protection, 6.5 oz",
        "price": "$9.50 ($1.46 / Ounce)",
        "listPrice": "",
        "imageUrl": "https://m.media-amazon.com/images/I/31a11wonkFL._SL160_.jpg",
        "detailPageURL": "https://www.amazon.com/dp/B07X1YDGSF",
        "rating": "4.7",
        "totalReviews": "14727",
        "subtitle": "Neutrogena",
        "isPrimeEligible": "1"
    },
    {
        "ASIN": "B004CDV7EY",
        "title": "Banana Boat Sport Ultra SPF 50 Sunscreen Lotion, 12oz | Banana Boat Sunscreen SPF 50 Lotion, Oxybenzone Free Sunscreen, Sunblock Lotion, Family Size Sunscreen SPF 50, 12oz",
        "price": "$10.97 ($0.91 / Fl Oz)",
        "listPrice": "$12.99 ($1.08 / Fl Oz)",
        "imageUrl": "https://m.media-amazon.com/images/I/41tTwTi8GdL._SL160_.jpg",
        "detailPageURL": "https://www.amazon.com/dp/B004CDV7EY",
        "rating": "4.7",
        "totalReviews": "28593",
        "subtitle": "Banana Boat",
        "isPrimeEligible": "1"
    },
    {
        "ASIN": "B004XGLDTY",
        "title": "Sun Bum Original SPF 50 Sunscreen Spray |Vegan and Hawaii 104 Reef Act Compliant (Octinoxate & Oxybenzone Free) Broad Spectrum Moisturizing UVA/UVB Sunscreen with Vitamin E | 6 oz",
        "price": "$16.61 ($2.77 / Ounce)",
        "listPrice": "$18.49 ($3.08 / Ounce)",
        "imageUrl": "https://m.media-amazon.com/images/I/31ri12DT9IL._SL160_.jpg",
        "detailPageURL": "https://www.amazon.com/dp/B004XGLDTY",
        "rating": "4.8",
        "totalReviews": "21171",
        "subtitle": "Sun Bum",
        "isPrimeEligible": "1"
    },
    {
        "ASIN": "B0B3ZQ63PM",
        "title": "Supergoop! Every. Single. Face. Watery Lotion - 1.7 fl oz - Broad Spectrum SPF 50 PA++++ Sunscreen Lotion - Water & Sweat Resistant - All Skin Types",
        "price": "$34.00 ($20.00 / Fl Oz)",
        "listPrice": "",
        "imageUrl": "https://m.media-amazon.com/images/I/31IChui0FQL._SL160_.jpg",
        "detailPageURL": "https://www.amazon.com/dp/B0B3ZQ63PM",
        "rating": "4.6",
        "totalReviews": "265",
        "subtitle": "Supergoop!",
        "isPrimeEligible": "1"
    },
    {
        "ASIN": "B01A0NT3D6",
        "title": "La Roche-Posay Anthelios Clear Skin Dry Touch Sunscreen SPF 60, Oil Free Face Sunscreen for Acne Prone Skin, Won't Cause Breakouts, Non-Greasy, Oxybenzone Free",
        "price": "$19.99 ($11.76 / Fl Oz)",
        "listPrice": "",
        "imageUrl": "https://m.media-amazon.com/images/I/41m7tdXv3GL._SL160_.jpg",
        "detailPageURL": "https://www.amazon.com/dp/B01A0NT3D6",
        "rating": "4.4",
        "totalReviews": "15373",
        "subtitle": "",
        "isPrimeEligible": "1"
    },
    {
        "ASIN": "B072NZYJVN",
        "title": "Banana Boat Sport Cool Zone SPF 30 Sunscreen Spray | Sport Clear Sunscreen Spray, Oxybenzone Free Sunscreen Pack SPF 30, 6oz each Twin Pack",
        "price": "$13.47 ($1.12 / Ounce)",
        "listPrice": "$26.49 ($2.21 / Ounce)",
        "imageUrl": "https://m.media-amazon.com/images/I/418FgLjPLJL._SL160_.jpg",
        "detailPageURL": "https://www.amazon.com/dp/B072NZYJVN",
        "rating": "4.7",
        "totalReviews": "3226",
        "subtitle": "Banana Boat",
        "isPrimeEligible": "1"
    },
    {
        "ASIN": "B07YLKXV11",
        "title": "CeraVe Tinted Sunscreen with SPF 30 | Hydrating Mineral Sunscreen With Zinc Oxide & Titanium Dioxide | Sheer Tint for Healthy Glow | 1.7 Fluid Ounce",
        "price": "$13.97 ($19.96 / Fl Oz)",
        "listPrice": "$15.99 ($22.84 / Fl Oz)",
        "imageUrl": "https://m.media-amazon.com/images/I/41uhLMbLeWL._SL160_.jpg",
        "detailPageURL": "https://www.amazon.com/dp/B07YLKXV11",
        "rating": "4.4",
        "totalReviews": "50257",
        "subtitle": "CeraVe",
        "isPrimeEligible": "1"
    },
    {
        "ASIN": "B002CML1XE",
        "title": "La Roche-Posay Anthelios Light Fluid Face Sunscreen Broad Spectrum SPF 60, Sensitive Skin Sunscreen, Oxybenzone Free, Oil Free, Non-Comedogenic",
        "price": "$32.99 ($19.41 / Fl Oz)",
        "listPrice": "",
        "imageUrl": "https://m.media-amazon.com/images/I/31t+UdbV5-L._SL160_.jpg",
        "detailPageURL": "https://www.amazon.com/dp/B002CML1XE",
        "rating": "4.7",
        "totalReviews": "6216",
        "subtitle": "",
        "isPrimeEligible": "1"
    },
    {
        "ASIN": "B07WGV6Q45",
        "title": "Amazon Brand - Solimo Sport Sunscreen Lotion, SPF 50, Reef Friendly (Octinoxate & Oxybenzone Free), Broad Spectrum UVA/UVB Protection, 8 Fluid Ounce",
        "price": "$5.38 ($0.67 / Fl Oz)",
        "listPrice": "",
        "imageUrl": "https://m.media-amazon.com/images/I/31Ynzm+LPmL._SL160_.jpg",
        "detailPageURL": "https://www.amazon.com/dp/B07WGV6Q45",
        "rating": "4.5",
        "totalReviews": "6729",
        "subtitle": "Solimo",
        "isPrimeEligible": "1"
    },
    {
        "ASIN": "B07X1YDGSF",
        "title": "Neutrogena Beach Defense Sunscreen Spray SPF 50 Water-Resistant Body Spray with Broad Spectrum , PABA-Free, Oxybenzone-Free & Fast-Drying, Superior Sun Protection, 6.5 oz",
        "price": "$9.50 ($1.46 / Ounce)",
        "listPrice": "",
        "imageUrl": "https://m.media-amazon.com/images/I/31a11wonkFL._SL160_.jpg",
        "detailPageURL": "https://www.amazon.com/dp/B07X1YDGSF",
        "rating": "4.7",
        "totalReviews": "14727",
        "subtitle": "Neutrogena",
        "isPrimeEligible": "1"
    },
    {
        "ASIN": "B083VY5GVN",
        "title": "BLUE LIZARD Sensitive Mineral Sunscreen with Zinc Oxide, SPF 50+, Water Resistant, UVA/UVB Protection with Smart Bottle Technology - Fragrance Free, 5 oz",
        "price": "$13.10 ($2.62 / Fl Oz)",
        "listPrice": "$14.98 ($3.00 / Fl Oz)",
        "imageUrl": "https://m.media-amazon.com/images/I/41T9UXQDr0L._SL160_.jpg",
        "detailPageURL": "https://www.amazon.com/dp/B083VY5GVN",
        "rating": "4.7",
        "totalReviews": "15595",
        "subtitle": "BLUE LIZARD",
        "isPrimeEligible": "1"
    },
    {
        "ASIN": "B004XGLDTY",
        "title": "Sun Bum Original SPF 50 Sunscreen Spray |Vegan and Hawaii 104 Reef Act Compliant (Octinoxate & Oxybenzone Free) Broad Spectrum Moisturizing UVA/UVB Sunscreen with Vitamin E | 6 oz",
        "price": "$16.61 ($2.77 / Ounce)",
        "listPrice": "$18.49 ($3.08 / Ounce)",
        "imageUrl": "https://m.media-amazon.com/images/I/31ri12DT9IL._SL160_.jpg",
        "detailPageURL": "https://www.amazon.com/dp/B004XGLDTY",
        "rating": "4.8",
        "totalReviews": "21171",
        "subtitle": "Sun Bum",
        "isPrimeEligible": "1"
    },
    {
        "ASIN": "B0B3ZQ63PM",
        "title": "Supergoop! Every. Single. Face. Watery Lotion - 1.7 fl oz - Broad Spectrum SPF 50 PA++++ Sunscreen Lotion - Water & Sweat Resistant - All Skin Types",
        "price": "$34.00 ($20.00 / Fl Oz)",
        "listPrice": "",
        "imageUrl": "https://m.media-amazon.com/images/I/31IChui0FQL._SL160_.jpg",
        "detailPageURL": "https://www.amazon.com/dp/B0B3ZQ63PM",
        "rating": "4.6",
        "totalReviews": "265",
        "subtitle": "Supergoop!",
        "isPrimeEligible": "1"
    },
    {
        "ASIN": "B01A0NT3D6",
        "title": "La Roche-Posay Anthelios Clear Skin Dry Touch Sunscreen SPF 60, Oil Free Face Sunscreen for Acne Prone Skin, Won't Cause Breakouts, Non-Greasy, Oxybenzone Free",
        "price": "$19.99 ($11.76 / Fl Oz)",
        "listPrice": "",
        "imageUrl": "https://m.media-amazon.com/images/I/41m7tdXv3GL._SL160_.jpg",
        "detailPageURL": "https://www.amazon.com/dp/B01A0NT3D6",
        "rating": "4.4",
        "totalReviews": "15373",
        "subtitle": "",
        "isPrimeEligible": "1"
    },
    {
        "ASIN": "B072NZYJVN",
        "title": "Banana Boat Sport Cool Zone SPF 30 Sunscreen Spray | Sport Clear Sunscreen Spray, Oxybenzone Free Sunscreen Pack SPF 30, 6oz each Twin Pack",
        "price": "$13.47 ($1.12 / Ounce)",
        "listPrice": "$26.49 ($2.21 / Ounce)",
        "imageUrl": "https://m.media-amazon.com/images/I/418FgLjPLJL._SL160_.jpg",
        "detailPageURL": "https://www.amazon.com/dp/B072NZYJVN",
        "rating": "4.7",
        "totalReviews": "3226",
        "subtitle": "Banana Boat",
        "isPrimeEligible": "1"
    },
    {
        "ASIN": "B07YLKXV11",
        "title": "CeraVe Tinted Sunscreen with SPF 30 | Hydrating Mineral Sunscreen With Zinc Oxide & Titanium Dioxide | Sheer Tint for Healthy Glow | 1.7 Fluid Ounce",
        "price": "$13.97 ($19.96 / Fl Oz)",
        "listPrice": "$15.99 ($22.84 / Fl Oz)",
        "imageUrl": "https://m.media-amazon.com/images/I/41uhLMbLeWL._SL160_.jpg",
        "detailPageURL": "https://www.amazon.com/dp/B07YLKXV11",
        "rating": "4.4",
        "totalReviews": "50257",
        "subtitle": "CeraVe",
        "isPrimeEligible": "1"
    },
    {
        "ASIN": "B002CML1XE",
        "title": "La Roche-Posay Anthelios Light Fluid Face Sunscreen Broad Spectrum SPF 60, Sensitive Skin Sunscreen, Oxybenzone Free, Oil Free, Non-Comedogenic",
        "price": "$32.99 ($19.41 / Fl Oz)",
        "listPrice": "",
        "imageUrl": "https://m.media-amazon.com/images/I/31t+UdbV5-L._SL160_.jpg",
        "detailPageURL": "https://www.amazon.com/dp/B002CML1XE",
        "rating": "4.7",
        "totalReviews": "6216",
        "subtitle": "",
        "isPrimeEligible": "1"
    },
    {
        "ASIN": "B07WGV6Q45",
        "title": "Amazon Brand - Solimo Sport Sunscreen Lotion, SPF 50, Reef Friendly (Octinoxate & Oxybenzone Free), Broad Spectrum UVA/UVB Protection, 8 Fluid Ounce",
        "price": "$5.38 ($0.67 / Fl Oz)",
        "listPrice": "",
        "imageUrl": "https://m.media-amazon.com/images/I/31Ynzm+LPmL._SL160_.jpg",
        "detailPageURL": "https://www.amazon.com/dp/B07WGV6Q45",
        "rating": "4.5",
        "totalReviews": "6729",
        "subtitle": "Solimo",
        "isPrimeEligible": "1"
    },
    {
        "ASIN": "B07X1YDGSF",
        "title": "Neutrogena Beach Defense Sunscreen Spray SPF 50 Water-Resistant Body Spray with Broad Spectrum , PABA-Free, Oxybenzone-Free & Fast-Drying, Superior Sun Protection, 6.5 oz",
        "price": "$9.50 ($1.46 / Ounce)",
        "listPrice": "",
        "imageUrl": "https://m.media-amazon.com/images/I/31a11wonkFL._SL160_.jpg",
        "detailPageURL": "https://www.amazon.com/dp/B07X1YDGSF",
        "rating": "4.7",
        "totalReviews": "14727",
        "subtitle": "Neutrogena",
        "isPrimeEligible": "1"
    },
    {
        "ASIN": "B083VY5GVN",
        "title": "BLUE LIZARD Sensitive Mineral Sunscreen with Zinc Oxide, SPF 50+, Water Resistant, UVA/UVB Protection with Smart Bottle Technology - Fragrance Free, 5 oz",
        "price": "$13.10 ($2.62 / Fl Oz)",
        "listPrice": "$14.98 ($3.00 / Fl Oz)",
        "imageUrl": "https://m.media-amazon.com/images/I/41T9UXQDr0L._SL160_.jpg",
        "detailPageURL": "https://www.amazon.com/dp/B083VY5GVN",
        "rating": "4.7",
        "totalReviews": "15595",
        "subtitle": "BLUE LIZARD",
        "isPrimeEligible": "1"
    },
    {
        "ASIN": "B0031O5QF6",
        "title": "Hawaiian Tropic Sheer Touch Lotion, 8oz | Hawaiian Tropic Sunscreen SPF 30, Sunblock, Broad Spectrum Sunscreen, Oxybenzone Free Sunscreen, Body Sunscreen SPF 30, 8oz",
        "price": "$9.68 ($1.21 / Fl Oz)",
        "listPrice": "$10.49 ($1.31 / Fl Oz)",
        "imageUrl": "https://m.media-amazon.com/images/I/31ZZf0Q6xiL._SL160_.jpg",
        "detailPageURL": "https://www.amazon.com/dp/B0031O5QF6",
        "rating": "4.7",
        "totalReviews": "12443",
        "subtitle": "Hawaiian Tropic",
        "isPrimeEligible": "1"
    },
    {
        "ASIN": "B0B3ZQ63PM",
        "title": "Supergoop! Every. Single. Face. Watery Lotion - 1.7 fl oz - Broad Spectrum SPF 50 PA++++ Sunscreen Lotion - Water & Sweat Resistant - All Skin Types",
        "price": "$34.00 ($20.00 / Fl Oz)",
        "listPrice": "",
        "imageUrl": "https://m.media-amazon.com/images/I/31IChui0FQL._SL160_.jpg",
        "detailPageURL": "https://www.amazon.com/dp/B0B3ZQ63PM",
        "rating": "4.6",
        "totalReviews": "265",
        "subtitle": "Supergoop!",
        "isPrimeEligible": "1"
    },
    {
        "ASIN": "B01A0NT3D6",
        "title": "La Roche-Posay Anthelios Clear Skin Dry Touch Sunscreen SPF 60, Oil Free Face Sunscreen for Acne Prone Skin, Won't Cause Breakouts, Non-Greasy, Oxybenzone Free",
        "price": "$19.99 ($11.76 / Fl Oz)",
        "listPrice": "",
        "imageUrl": "https://m.media-amazon.com/images/I/41m7tdXv3GL._SL160_.jpg",
        "detailPageURL": "https://www.amazon.com/dp/B01A0NT3D6",
        "rating": "4.4",
        "totalReviews": "15373",
        "subtitle": "",
        "isPrimeEligible": "1"
    },
    {
        "ASIN": "B072NZYJVN",
        "title": "Banana Boat Sport Cool Zone SPF 30 Sunscreen Spray | Sport Clear Sunscreen Spray, Oxybenzone Free Sunscreen Pack SPF 30, 6oz each Twin Pack",
        "price": "$13.47 ($1.12 / Ounce)",
        "listPrice": "$26.49 ($2.21 / Ounce)",
        "imageUrl": "https://m.media-amazon.com/images/I/418FgLjPLJL._SL160_.jpg",
        "detailPageURL": "https://www.amazon.com/dp/B072NZYJVN",
        "rating": "4.7",
        "totalReviews": "3226",
        "subtitle": "Banana Boat",
        "isPrimeEligible": "1"
    },
    {
        "ASIN": "B07YLKXV11",
        "title": "CeraVe Tinted Sunscreen with SPF 30 | Hydrating Mineral Sunscreen With Zinc Oxide & Titanium Dioxide | Sheer Tint for Healthy Glow | 1.7 Fluid Ounce",
        "price": "$13.97 ($19.96 / Fl Oz)",
        "listPrice": "$15.99 ($22.84 / Fl Oz)",
        "imageUrl": "https://m.media-amazon.com/images/I/41uhLMbLeWL._SL160_.jpg",
        "detailPageURL": "https://www.amazon.com/dp/B07YLKXV11",
        "rating": "4.4",
        "totalReviews": "50257",
        "subtitle": "CeraVe",
        "isPrimeEligible": "1"
    },
    {
        "ASIN": "B002CML1XE",
        "title": "La Roche-Posay Anthelios Light Fluid Face Sunscreen Broad Spectrum SPF 60, Sensitive Skin Sunscreen, Oxybenzone Free, Oil Free, Non-Comedogenic",
        "price": "$32.99 ($19.41 / Fl Oz)",
        "listPrice": "",
        "imageUrl": "https://m.media-amazon.com/images/I/31t+UdbV5-L._SL160_.jpg",
        "detailPageURL": "https://www.amazon.com/dp/B002CML1XE",
        "rating": "4.7",
        "totalReviews": "6216",
        "subtitle": "",
        "isPrimeEligible": "1"
    },
    {
        "ASIN": "B07WGV6Q45",
        "title": "Amazon Brand - Solimo Sport Sunscreen Lotion, SPF 50, Reef Friendly (Octinoxate & Oxybenzone Free), Broad Spectrum UVA/UVB Protection, 8 Fluid Ounce",
        "price": "$5.38 ($0.67 / Fl Oz)",
        "listPrice": "",
        "imageUrl": "https://m.media-amazon.com/images/I/31Ynzm+LPmL._SL160_.jpg",
        "detailPageURL": "https://www.amazon.com/dp/B07WGV6Q45",
        "rating": "4.5",
        "totalReviews": "6729",
        "subtitle": "Solimo",
        "isPrimeEligible": "1"
    },
    {
        "ASIN": "B07X1YDGSF",
        "title": "Neutrogena Beach Defense Sunscreen Spray SPF 50 Water-Resistant Body Spray with Broad Spectrum , PABA-Free, Oxybenzone-Free & Fast-Drying, Superior Sun Protection, 6.5 oz",
        "price": "$9.50 ($1.46 / Ounce)",
        "listPrice": "",
        "imageUrl": "https://m.media-amazon.com/images/I/31a11wonkFL._SL160_.jpg",
        "detailPageURL": "https://www.amazon.com/dp/B07X1YDGSF",
        "rating": "4.7",
        "totalReviews": "14727",
        "subtitle": "Neutrogena",
        "isPrimeEligible": "1"
    },
    {
        "ASIN": "B083VY5GVN",
        "title": "BLUE LIZARD Sensitive Mineral Sunscreen with Zinc Oxide, SPF 50+, Water Resistant, UVA/UVB Protection with Smart Bottle Technology - Fragrance Free, 5 oz",
        "price": "$13.10 ($2.62 / Fl Oz)",
        "listPrice": "$14.98 ($3.00 / Fl Oz)",
        "imageUrl": "https://m.media-amazon.com/images/I/41T9UXQDr0L._SL160_.jpg",
        "detailPageURL": "https://www.amazon.com/dp/B083VY5GVN",
        "rating": "4.7",
        "totalReviews": "15595",
        "subtitle": "BLUE LIZARD",
        "isPrimeEligible": "1"
    },
    {
        "ASIN": "B0031O5QF6",
        "title": "Hawaiian Tropic Sheer Touch Lotion, 8oz | Hawaiian Tropic Sunscreen SPF 30, Sunblock, Broad Spectrum Sunscreen, Oxybenzone Free Sunscreen, Body Sunscreen SPF 30, 8oz",
        "price": "$9.68 ($1.21 / Fl Oz)",
        "listPrice": "$10.49 ($1.31 / Fl Oz)",
        "imageUrl": "https://m.media-amazon.com/images/I/31ZZf0Q6xiL._SL160_.jpg",
        "detailPageURL": "https://www.amazon.com/dp/B0031O5QF6",
        "rating": "4.7",
        "totalReviews": "12443",
        "subtitle": "Hawaiian Tropic",
        "isPrimeEligible": "1"
    },
    {
        "ASIN": "B0B3G73VF5",
        "title": "SKIN1004 Hyalu-CICA Water-fit Sun Serum (Sun Serum, 1 Pack)",
        "price": "$16.00 ($9.47 / Fl Oz)",
        "listPrice": "$17.00 ($10.06 / Fl Oz)",
        "imageUrl": "https://m.media-amazon.com/images/I/21YhhIdC6UL._SL160_.jpg",
        "detailPageURL": "https://www.amazon.com/dp/B0B3G73VF5",
        "rating": "4.7",
        "totalReviews": "1732",
        "subtitle": "SKIN1004",
        "isPrimeEligible": "1"
    },
    {
        "ASIN": "B01A0NT3D6",
        "title": "La Roche-Posay Anthelios Clear Skin Dry Touch Sunscreen SPF 60, Oil Free Face Sunscreen for Acne Prone Skin, Won't Cause Breakouts, Non-Greasy, Oxybenzone Free",
        "price": "$19.99 ($11.76 / Fl Oz)",
        "listPrice": "",
        "imageUrl": "https://m.media-amazon.com/images/I/41m7tdXv3GL._SL160_.jpg",
        "detailPageURL": "https://www.amazon.com/dp/B01A0NT3D6",
        "rating": "4.4",
        "totalReviews": "15373",
        "subtitle": "",
        "isPrimeEligible": "1"
    },
    {
        "ASIN": "B072NZYJVN",
        "title": "Banana Boat Sport Cool Zone SPF 30 Sunscreen Spray | Sport Clear Sunscreen Spray, Oxybenzone Free Sunscreen Pack SPF 30, 6oz each Twin Pack",
        "price": "$13.47 ($1.12 / Ounce)",
        "listPrice": "$26.49 ($2.21 / Ounce)",
        "imageUrl": "https://m.media-amazon.com/images/I/418FgLjPLJL._SL160_.jpg",
        "detailPageURL": "https://www.amazon.com/dp/B072NZYJVN",
        "rating": "4.7",
        "totalReviews": "3226",
        "subtitle": "Banana Boat",
        "isPrimeEligible": "1"
    },
    {
        "ASIN": "B07YLKXV11",
        "title": "CeraVe Tinted Sunscreen with SPF 30 | Hydrating Mineral Sunscreen With Zinc Oxide & Titanium Dioxide | Sheer Tint for Healthy Glow | 1.7 Fluid Ounce",
        "price": "$13.97 ($19.96 / Fl Oz)",
        "listPrice": "$15.99 ($22.84 / Fl Oz)",
        "imageUrl": "https://m.media-amazon.com/images/I/41uhLMbLeWL._SL160_.jpg",
        "detailPageURL": "https://www.amazon.com/dp/B07YLKXV11",
        "rating": "4.4",
        "totalReviews": "50257",
        "subtitle": "CeraVe",
        "isPrimeEligible": "1"
    },
    {
        "ASIN": "B002CML1XE",
        "title": "La Roche-Posay Anthelios Light Fluid Face Sunscreen Broad Spectrum SPF 60, Sensitive Skin Sunscreen, Oxybenzone Free, Oil Free, Non-Comedogenic",
        "price": "$32.99 ($19.41 / Fl Oz)",
        "listPrice": "",
        "imageUrl": "https://m.media-amazon.com/images/I/31t+UdbV5-L._SL160_.jpg",
        "detailPageURL": "https://www.amazon.com/dp/B002CML1XE",
        "rating": "4.7",
        "totalReviews": "6216",
        "subtitle": "",
        "isPrimeEligible": "1"
    },
    {
        "ASIN": "B07WGV6Q45",
        "title": "Amazon Brand - Solimo Sport Sunscreen Lotion, SPF 50, Reef Friendly (Octinoxate & Oxybenzone Free), Broad Spectrum UVA/UVB Protection, 8 Fluid Ounce",
        "price": "$5.38 ($0.67 / Fl Oz)",
        "listPrice": "",
        "imageUrl": "https://m.media-amazon.com/images/I/31Ynzm+LPmL._SL160_.jpg",
        "detailPageURL": "https://www.amazon.com/dp/B07WGV6Q45",
        "rating": "4.5",
        "totalReviews": "6729",
        "subtitle": "Solimo",
        "isPrimeEligible": "1"
    },
    {
        "ASIN": "B07X1YDGSF",
        "title": "Neutrogena Beach Defense Sunscreen Spray SPF 50 Water-Resistant Body Spray with Broad Spectrum , PABA-Free, Oxybenzone-Free & Fast-Drying, Superior Sun Protection, 6.5 oz",
        "price": "$9.50 ($1.46 / Ounce)",
        "listPrice": "",
        "imageUrl": "https://m.media-amazon.com/images/I/31a11wonkFL._SL160_.jpg",
        "detailPageURL": "https://www.amazon.com/dp/B07X1YDGSF",
        "rating": "4.7",
        "totalReviews": "14727",
        "subtitle": "Neutrogena",
        "isPrimeEligible": "1"
    },
    {
        "ASIN": "B083VY5GVN",
        "title": "BLUE LIZARD Sensitive Mineral Sunscreen with Zinc Oxide, SPF 50+, Water Resistant, UVA/UVB Protection with Smart Bottle Technology - Fragrance Free, 5 oz",
        "price": "$13.10 ($2.62 / Fl Oz)",
        "listPrice": "$14.98 ($3.00 / Fl Oz)",
        "imageUrl": "https://m.media-amazon.com/images/I/41T9UXQDr0L._SL160_.jpg",
        "detailPageURL": "https://www.amazon.com/dp/B083VY5GVN",
        "rating": "4.7",
        "totalReviews": "15595",
        "subtitle": "BLUE LIZARD",
        "isPrimeEligible": "1"
    },
    {
        "ASIN": "B0031O5QF6",
        "title": "Hawaiian Tropic Sheer Touch Lotion, 8oz | Hawaiian Tropic Sunscreen SPF 30, Sunblock, Broad Spectrum Sunscreen, Oxybenzone Free Sunscreen, Body Sunscreen SPF 30, 8oz",
        "price": "$9.68 ($1.21 / Fl Oz)",
        "listPrice": "$10.49 ($1.31 / Fl Oz)",
        "imageUrl": "https://m.media-amazon.com/images/I/31ZZf0Q6xiL._SL160_.jpg",
        "detailPageURL": "https://www.amazon.com/dp/B0031O5QF6",
        "rating": "4.7",
        "totalReviews": "12443",
        "subtitle": "Hawaiian Tropic",
        "isPrimeEligible": "1"
    },
    {
        "ASIN": "B0B3G73VF5",
        "title": "SKIN1004 Hyalu-CICA Water-fit Sun Serum (Sun Serum, 1 Pack)",
        "price": "$16.00 ($9.47 / Fl Oz)",
        "listPrice": "$17.00 ($10.06 / Fl Oz)",
        "imageUrl": "https://m.media-amazon.com/images/I/21YhhIdC6UL._SL160_.jpg",
        "detailPageURL": "https://www.amazon.com/dp/B0B3G73VF5",
        "rating": "4.7",
        "totalReviews": "1732",
        "subtitle": "SKIN1004",
        "isPrimeEligible": "1"
    },
    {
        "ASIN": "B0B79QQZMC",
        "title": "IUNIK Centella Calming Vegan Moisture SPF 50+ PA++++ Non-Sticky No White Cast Light-Weight Daily Sunscreen Reef-Safe UVA UVB Matte-Finish No-Scent 2 Oz Beta-Glucan Dry Oily Sensitive Acne-Prone Skin Korean Skincare",
        "price": "$14.50 ($7.18 / Fl Oz)",
        "listPrice": "$19.99 ($9.90 / Fl Oz)",
        "imageUrl": "https://m.media-amazon.com/images/I/41WB3OsO2QL._SL160_.jpg",
        "detailPageURL": "https://www.amazon.com/dp/B0B79QQZMC",
        "rating": "4.5",
        "totalReviews": "210",
        "subtitle": "IUNIK",
        "isPrimeEligible": "1"
    },
    {
        "ASIN": "B072NZYJVN",
        "title": "Banana Boat Sport Cool Zone SPF 30 Sunscreen Spray | Sport Clear Sunscreen Spray, Oxybenzone Free Sunscreen Pack SPF 30, 6oz each Twin Pack",
        "price": "$13.47 ($1.12 / Ounce)",
        "listPrice": "$26.49 ($2.21 / Ounce)",
        "imageUrl": "https://m.media-amazon.com/images/I/418FgLjPLJL._SL160_.jpg",
        "detailPageURL": "https://www.amazon.com/dp/B072NZYJVN",
        "rating": "4.7",
        "totalReviews": "3226",
        "subtitle": "Banana Boat",
        "isPrimeEligible": "1"
    },
    {
        "ASIN": "B07YLKXV11",
        "title": "CeraVe Tinted Sunscreen with SPF 30 | Hydrating Mineral Sunscreen With Zinc Oxide & Titanium Dioxide | Sheer Tint for Healthy Glow | 1.7 Fluid Ounce",
        "price": "$13.97 ($19.96 / Fl Oz)",
        "listPrice": "$15.99 ($22.84 / Fl Oz)",
        "imageUrl": "https://m.media-amazon.com/images/I/41uhLMbLeWL._SL160_.jpg",
        "detailPageURL": "https://www.amazon.com/dp/B07YLKXV11",
        "rating": "4.4",
        "totalReviews": "50257",
        "subtitle": "CeraVe",
        "isPrimeEligible": "1"
    },
    {
        "ASIN": "B002CML1XE",
        "title": "La Roche-Posay Anthelios Light Fluid Face Sunscreen Broad Spectrum SPF 60, Sensitive Skin Sunscreen, Oxybenzone Free, Oil Free, Non-Comedogenic",
        "price": "$32.99 ($19.41 / Fl Oz)",
        "listPrice": "",
        "imageUrl": "https://m.media-amazon.com/images/I/31t+UdbV5-L._SL160_.jpg",
        "detailPageURL": "https://www.amazon.com/dp/B002CML1XE",
        "rating": "4.7",
        "totalReviews": "6216",
        "subtitle": "",
        "isPrimeEligible": "1"
    },
    {
        "ASIN": "B07WGV6Q45",
        "title": "Amazon Brand - Solimo Sport Sunscreen Lotion, SPF 50, Reef Friendly (Octinoxate & Oxybenzone Free), Broad Spectrum UVA/UVB Protection, 8 Fluid Ounce",
        "price": "$5.38 ($0.67 / Fl Oz)",
        "listPrice": "",
        "imageUrl": "https://m.media-amazon.com/images/I/31Ynzm+LPmL._SL160_.jpg",
        "detailPageURL": "https://www.amazon.com/dp/B07WGV6Q45",
        "rating": "4.5",
        "totalReviews": "6729",
        "subtitle": "Solimo",
        "isPrimeEligible": "1"
    },
    {
        "ASIN": "B07X1YDGSF",
        "title": "Neutrogena Beach Defense Sunscreen Spray SPF 50 Water-Resistant Body Spray with Broad Spectrum , PABA-Free, Oxybenzone-Free & Fast-Drying, Superior Sun Protection, 6.5 oz",
        "price": "$9.50 ($1.46 / Ounce)",
        "listPrice": "",
        "imageUrl": "https://m.media-amazon.com/images/I/31a11wonkFL._SL160_.jpg",
        "detailPageURL": "https://www.amazon.com/dp/B07X1YDGSF",
        "rating": "4.7",
        "totalReviews": "14727",
        "subtitle": "Neutrogena",
        "isPrimeEligible": "1"
    },
    {
        "ASIN": "B083VY5GVN",
        "title": "BLUE LIZARD Sensitive Mineral Sunscreen with Zinc Oxide, SPF 50+, Water Resistant, UVA/UVB Protection with Smart Bottle Technology - Fragrance Free, 5 oz",
        "price": "$13.10 ($2.62 / Fl Oz)",
        "listPrice": "$14.98 ($3.00 / Fl Oz)",
        "imageUrl": "https://m.media-amazon.com/images/I/41T9UXQDr0L._SL160_.jpg",
        "detailPageURL": "https://www.amazon.com/dp/B083VY5GVN",
        "rating": "4.7",
        "totalReviews": "15595",
        "subtitle": "BLUE LIZARD",
        "isPrimeEligible": "1"
    },
    {
        "ASIN": "B0031O5QF6",
        "title": "Hawaiian Tropic Sheer Touch Lotion, 8oz | Hawaiian Tropic Sunscreen SPF 30, Sunblock, Broad Spectrum Sunscreen, Oxybenzone Free Sunscreen, Body Sunscreen SPF 30, 8oz",
        "price": "$9.68 ($1.21 / Fl Oz)",
        "listPrice": "$10.49 ($1.31 / Fl Oz)",
        "imageUrl": "https://m.media-amazon.com/images/I/31ZZf0Q6xiL._SL160_.jpg",
        "detailPageURL": "https://www.amazon.com/dp/B0031O5QF6",
        "rating": "4.7",
        "totalReviews": "12443",
        "subtitle": "Hawaiian Tropic",
        "isPrimeEligible": "1"
    },
    {
        "ASIN": "B0B3G73VF5",
        "title": "SKIN1004 Hyalu-CICA Water-fit Sun Serum (Sun Serum, 1 Pack)",
        "price": "$16.00 ($9.47 / Fl Oz)",
        "listPrice": "$17.00 ($10.06 / Fl Oz)",
        "imageUrl": "https://m.media-amazon.com/images/I/21YhhIdC6UL._SL160_.jpg",
        "detailPageURL": "https://www.amazon.com/dp/B0B3G73VF5",
        "rating": "4.7",
        "totalReviews": "1732",
        "subtitle": "SKIN1004",
        "isPrimeEligible": "1"
    },
    {
        "ASIN": "B0B79QQZMC",
        "title": "IUNIK Centella Calming Vegan Moisture SPF 50+ PA++++ Non-Sticky No White Cast Light-Weight Daily Sunscreen Reef-Safe UVA UVB Matte-Finish No-Scent 2 Oz Beta-Glucan Dry Oily Sensitive Acne-Prone Skin Korean Skincare",
        "price": "$14.50 ($7.18 / Fl Oz)",
        "listPrice": "$19.99 ($9.90 / Fl Oz)",
        "imageUrl": "https://m.media-amazon.com/images/I/41WB3OsO2QL._SL160_.jpg",
        "detailPageURL": "https://www.amazon.com/dp/B0B79QQZMC",
        "rating": "4.5",
        "totalReviews": "210",
        "subtitle": "IUNIK",
        "isPrimeEligible": "1"
    },
    {
        "ASIN": "B084R1KZ1Z",
        "title": "Banana Boat Light As Air Sunscreen, Broad Spectrum Lotion, SPF 50, 6oz. - 2 Count (Pack of 1)",
        "price": "$14.99 ($1.25 / Fl Oz)",
        "listPrice": "",
        "imageUrl": "https://m.media-amazon.com/images/I/51kOpxV+1RS._SL160_.jpg",
        "detailPageURL": "https://www.amazon.com/dp/B084R1KZ1Z",
        "rating": "4.7",
        "totalReviews": "2595",
        "subtitle": "Banana Boat",
        "isPrimeEligible": "1"
    },
    {
        "ASIN": "B07YLKXV11",
        "title": "CeraVe Tinted Sunscreen with SPF 30 | Hydrating Mineral Sunscreen With Zinc Oxide & Titanium Dioxide | Sheer Tint for Healthy Glow | 1.7 Fluid Ounce",
        "price": "$13.97 ($19.96 / Fl Oz)",
        "listPrice": "$15.99 ($22.84 / Fl Oz)",
        "imageUrl": "https://m.media-amazon.com/images/I/41uhLMbLeWL._SL160_.jpg",
        "detailPageURL": "https://www.amazon.com/dp/B07YLKXV11",
        "rating": "4.4",
        "totalReviews": "50257",
        "subtitle": "CeraVe",
        "isPrimeEligible": "1"
    },
    {
        "ASIN": "B002CML1XE",
        "title": "La Roche-Posay Anthelios Light Fluid Face Sunscreen Broad Spectrum SPF 60, Sensitive Skin Sunscreen, Oxybenzone Free, Oil Free, Non-Comedogenic",
        "price": "$32.99 ($19.41 / Fl Oz)",
        "listPrice": "",
        "imageUrl": "https://m.media-amazon.com/images/I/31t+UdbV5-L._SL160_.jpg",
        "detailPageURL": "https://www.amazon.com/dp/B002CML1XE",
        "rating": "4.7",
        "totalReviews": "6216",
        "subtitle": "",
        "isPrimeEligible": "1"
    },
    {
        "ASIN": "B07WGV6Q45",
        "title": "Amazon Brand - Solimo Sport Sunscreen Lotion, SPF 50, Reef Friendly (Octinoxate & Oxybenzone Free), Broad Spectrum UVA/UVB Protection, 8 Fluid Ounce",
        "price": "$5.38 ($0.67 / Fl Oz)",
        "listPrice": "",
        "imageUrl": "https://m.media-amazon.com/images/I/31Ynzm+LPmL._SL160_.jpg",
        "detailPageURL": "https://www.amazon.com/dp/B07WGV6Q45",
        "rating": "4.5",
        "totalReviews": "6729",
        "subtitle": "Solimo",
        "isPrimeEligible": "1"
    },
    {
        "ASIN": "B07X1YDGSF",
        "title": "Neutrogena Beach Defense Sunscreen Spray SPF 50 Water-Resistant Body Spray with Broad Spectrum , PABA-Free, Oxybenzone-Free & Fast-Drying, Superior Sun Protection, 6.5 oz",
        "price": "$9.50 ($1.46 / Ounce)",
        "listPrice": "",
        "imageUrl": "https://m.media-amazon.com/images/I/31a11wonkFL._SL160_.jpg",
        "detailPageURL": "https://www.amazon.com/dp/B07X1YDGSF",
        "rating": "4.7",
        "totalReviews": "14727",
        "subtitle": "Neutrogena",
        "isPrimeEligible": "1"
    },
    {
        "ASIN": "B083VY5GVN",
        "title": "BLUE LIZARD Sensitive Mineral Sunscreen with Zinc Oxide, SPF 50+, Water Resistant, UVA/UVB Protection with Smart Bottle Technology - Fragrance Free, 5 oz",
        "price": "$13.10 ($2.62 / Fl Oz)",
        "listPrice": "$14.98 ($3.00 / Fl Oz)",
        "imageUrl": "https://m.media-amazon.com/images/I/41T9UXQDr0L._SL160_.jpg",
        "detailPageURL": "https://www.amazon.com/dp/B083VY5GVN",
        "rating": "4.7",
        "totalReviews": "15595",
        "subtitle": "BLUE LIZARD",
        "isPrimeEligible": "1"
    },
    {
        "ASIN": "B0031O5QF6",
        "title": "Hawaiian Tropic Sheer Touch Lotion, 8oz | Hawaiian Tropic Sunscreen SPF 30, Sunblock, Broad Spectrum Sunscreen, Oxybenzone Free Sunscreen, Body Sunscreen SPF 30, 8oz",
        "price": "$9.68 ($1.21 / Fl Oz)",
        "listPrice": "$10.49 ($1.31 / Fl Oz)",
        "imageUrl": "https://m.media-amazon.com/images/I/31ZZf0Q6xiL._SL160_.jpg",
        "detailPageURL": "https://www.amazon.com/dp/B0031O5QF6",
        "rating": "4.7",
        "totalReviews": "12443",
        "subtitle": "Hawaiian Tropic",
        "isPrimeEligible": "1"
    },
    {
        "ASIN": "B0B3G73VF5",
        "title": "SKIN1004 Hyalu-CICA Water-fit Sun Serum (Sun Serum, 1 Pack)",
        "price": "$16.00 ($9.47 / Fl Oz)",
        "listPrice": "$17.00 ($10.06 / Fl Oz)",
        "imageUrl": "https://m.media-amazon.com/images/I/21YhhIdC6UL._SL160_.jpg",
        "detailPageURL": "https://www.amazon.com/dp/B0B3G73VF5",
        "rating": "4.7",
        "totalReviews": "1732",
        "subtitle": "SKIN1004",
        "isPrimeEligible": "1"
    },
    {
        "ASIN": "B0B79QQZMC",
        "title": "IUNIK Centella Calming Vegan Moisture SPF 50+ PA++++ Non-Sticky No White Cast Light-Weight Daily Sunscreen Reef-Safe UVA UVB Matte-Finish No-Scent 2 Oz Beta-Glucan Dry Oily Sensitive Acne-Prone Skin Korean Skincare",
        "price": "$14.50 ($7.18 / Fl Oz)",
        "listPrice": "$19.99 ($9.90 / Fl Oz)",
        "imageUrl": "https://m.media-amazon.com/images/I/41WB3OsO2QL._SL160_.jpg",
        "detailPageURL": "https://www.amazon.com/dp/B0B79QQZMC",
        "rating": "4.5",
        "totalReviews": "210",
        "subtitle": "IUNIK",
        "isPrimeEligible": "1"
    },
    {
        "ASIN": "B084R1KZ1Z",
        "title": "Banana Boat Light As Air Sunscreen, Broad Spectrum Lotion, SPF 50, 6oz. - 2 Count (Pack of 1)",
        "price": "$14.99 ($1.25 / Fl Oz)",
        "listPrice": "",
        "imageUrl": "https://m.media-amazon.com/images/I/51kOpxV+1RS._SL160_.jpg",
        "detailPageURL": "https://www.amazon.com/dp/B084R1KZ1Z",
        "rating": "4.7",
        "totalReviews": "2595",
        "subtitle": "Banana Boat",
        "isPrimeEligible": "1"
    },
    {
        "ASIN": "B09DGPRM22",
        "title": "ROUND LAB Birch Juice Moisturizing Sunscreen (SPF50+ PA++++) | A moisturizing sunscreen, No White Cast, Strong UV Protection, Moist Essence Type, Ocean Friendly-Reef Safe (1.69fl.oz)",
        "price": "$18.19 ($10.76 / Ounce)",
        "listPrice": "$28.00 ($16.57 / Ounce)",
        "imageUrl": "https://m.media-amazon.com/images/I/31N7hOk-W1L._SL160_.jpg",
        "detailPageURL": "https://www.amazon.com/dp/B09DGPRM22",
        "rating": "4.5",
        "totalReviews": "709",
        "subtitle": "ROUND LAB",
        "isPrimeEligible": "1"
    },
    {
        "ASIN": "B002CML1XE",
        "title": "La Roche-Posay Anthelios Light Fluid Face Sunscreen Broad Spectrum SPF 60, Sensitive Skin Sunscreen, Oxybenzone Free, Oil Free, Non-Comedogenic",
        "price": "$32.99 ($19.41 / Fl Oz)",
        "listPrice": "",
        "imageUrl": "https://m.media-amazon.com/images/I/31t+UdbV5-L._SL160_.jpg",
        "detailPageURL": "https://www.amazon.com/dp/B002CML1XE",
        "rating": "4.7",
        "totalReviews": "6216",
        "subtitle": "",
        "isPrimeEligible": "1"
    },
    {
        "ASIN": "B07WGV6Q45",
        "title": "Amazon Brand - Solimo Sport Sunscreen Lotion, SPF 50, Reef Friendly (Octinoxate & Oxybenzone Free), Broad Spectrum UVA/UVB Protection, 8 Fluid Ounce",
        "price": "$5.38 ($0.67 / Fl Oz)",
        "listPrice": "",
        "imageUrl": "https://m.media-amazon.com/images/I/31Ynzm+LPmL._SL160_.jpg",
        "detailPageURL": "https://www.amazon.com/dp/B07WGV6Q45",
        "rating": "4.5",
        "totalReviews": "6729",
        "subtitle": "Solimo",
        "isPrimeEligible": "1"
    },
    {
        "ASIN": "B07X1YDGSF",
        "title": "Neutrogena Beach Defense Sunscreen Spray SPF 50 Water-Resistant Body Spray with Broad Spectrum , PABA-Free, Oxybenzone-Free & Fast-Drying, Superior Sun Protection, 6.5 oz",
        "price": "$9.50 ($1.46 / Ounce)",
        "listPrice": "",
        "imageUrl": "https://m.media-amazon.com/images/I/31a11wonkFL._SL160_.jpg",
        "detailPageURL": "https://www.amazon.com/dp/B07X1YDGSF",
        "rating": "4.7",
        "totalReviews": "14727",
        "subtitle": "Neutrogena",
        "isPrimeEligible": "1"
    },
    {
        "ASIN": "B083VY5GVN",
        "title": "BLUE LIZARD Sensitive Mineral Sunscreen with Zinc Oxide, SPF 50+, Water Resistant, UVA/UVB Protection with Smart Bottle Technology - Fragrance Free, 5 oz",
        "price": "$13.10 ($2.62 / Fl Oz)",
        "listPrice": "$14.98 ($3.00 / Fl Oz)",
        "imageUrl": "https://m.media-amazon.com/images/I/41T9UXQDr0L._SL160_.jpg",
        "detailPageURL": "https://www.amazon.com/dp/B083VY5GVN",
        "rating": "4.7",
        "totalReviews": "15595",
        "subtitle": "BLUE LIZARD",
        "isPrimeEligible": "1"
    },
    {
        "ASIN": "B0031O5QF6",
        "title": "Hawaiian Tropic Sheer Touch Lotion, 8oz | Hawaiian Tropic Sunscreen SPF 30, Sunblock, Broad Spectrum Sunscreen, Oxybenzone Free Sunscreen, Body Sunscreen SPF 30, 8oz",
        "price": "$9.68 ($1.21 / Fl Oz)",
        "listPrice": "$10.49 ($1.31 / Fl Oz)",
        "imageUrl": "https://m.media-amazon.com/images/I/31ZZf0Q6xiL._SL160_.jpg",
        "detailPageURL": "https://www.amazon.com/dp/B0031O5QF6",
        "rating": "4.7",
        "totalReviews": "12443",
        "subtitle": "Hawaiian Tropic",
        "isPrimeEligible": "1"
    },
    {
        "ASIN": "B0B3G73VF5",
        "title": "SKIN1004 Hyalu-CICA Water-fit Sun Serum (Sun Serum, 1 Pack)",
        "price": "$16.00 ($9.47 / Fl Oz)",
        "listPrice": "$17.00 ($10.06 / Fl Oz)",
        "imageUrl": "https://m.media-amazon.com/images/I/21YhhIdC6UL._SL160_.jpg",
        "detailPageURL": "https://www.amazon.com/dp/B0B3G73VF5",
        "rating": "4.7",
        "totalReviews": "1732",
        "subtitle": "SKIN1004",
        "isPrimeEligible": "1"
    },
    {
        "ASIN": "B0B79QQZMC",
        "title": "IUNIK Centella Calming Vegan Moisture SPF 50+ PA++++ Non-Sticky No White Cast Light-Weight Daily Sunscreen Reef-Safe UVA UVB Matte-Finish No-Scent 2 Oz Beta-Glucan Dry Oily Sensitive Acne-Prone Skin Korean Skincare",
        "price": "$14.50 ($7.18 / Fl Oz)",
        "listPrice": "$19.99 ($9.90 / Fl Oz)",
        "imageUrl": "https://m.media-amazon.com/images/I/41WB3OsO2QL._SL160_.jpg",
        "detailPageURL": "https://www.amazon.com/dp/B0B79QQZMC",
        "rating": "4.5",
        "totalReviews": "210",
        "subtitle": "IUNIK",
        "isPrimeEligible": "1"
    },
    {
        "ASIN": "B084R1KZ1Z",
        "title": "Banana Boat Light As Air Sunscreen, Broad Spectrum Lotion, SPF 50, 6oz. - 2 Count (Pack of 1)",
        "price": "$14.99 ($1.25 / Fl Oz)",
        "listPrice": "",
        "imageUrl": "https://m.media-amazon.com/images/I/51kOpxV+1RS._SL160_.jpg",
        "detailPageURL": "https://www.amazon.com/dp/B084R1KZ1Z",
        "rating": "4.7",
        "totalReviews": "2595",
        "subtitle": "Banana Boat",
        "isPrimeEligible": "1"
    },
    {
        "ASIN": "B09DGPRM22",
        "title": "ROUND LAB Birch Juice Moisturizing Sunscreen (SPF50+ PA++++) | A moisturizing sunscreen, No White Cast, Strong UV Protection, Moist Essence Type, Ocean Friendly-Reef Safe (1.69fl.oz)",
        "price": "$18.19 ($10.76 / Ounce)",
        "listPrice": "$28.00 ($16.57 / Ounce)",
        "imageUrl": "https://m.media-amazon.com/images/I/31N7hOk-W1L._SL160_.jpg",
        "detailPageURL": "https://www.amazon.com/dp/B09DGPRM22",
        "rating": "4.5",
        "totalReviews": "709",
        "subtitle": "ROUND LAB",
        "isPrimeEligible": "1"
    },
    {
        "ASIN": "B077D7L95C",
        "title": "Banana Boat Kids Sport Sunscreen Spray, Sting-Free, Tear-Free, Broad Spectrum, SPF 50, 6oz. - Twin Pack",
        "price": "$13.97 ($1.16 / Ounce)",
        "listPrice": "$21.99 ($1.83 / Ounce)",
        "imageUrl": "https://m.media-amazon.com/images/I/51VvLqdn7oL._SL160_.jpg",
        "detailPageURL": "https://www.amazon.com/dp/B077D7L95C",
        "rating": "4.7",
        "totalReviews": "8160",
        "subtitle": "Banana Boat",
        "isPrimeEligible": "1"
    },
    {
        "ASIN": "B077D7L95C",
        "title": "Banana Boat Kids Sport Sunscreen Spray, Sting-Free, Tear-Free, Broad Spectrum, SPF 50, 6oz. - Twin Pack",
        "price": "$13.97 ($1.16 / Ounce)",
        "listPrice": "$21.99 ($1.83 / Ounce)",
        "imageUrl": "https://m.media-amazon.com/images/I/51VvLqdn7oL._SL160_.jpg",
        "detailPageURL": "https://www.amazon.com/dp/B077D7L95C",
        "rating": "4.7",
        "totalReviews": "8160",
        "subtitle": "Banana Boat",
        "isPrimeEligible": "1"
    },
    {
        "ASIN": "B002CML1XE",
        "title": "La Roche-Posay Anthelios Light Fluid Face Sunscreen Broad Spectrum SPF 60, Sensitive Skin Sunscreen, Oxybenzone Free, Oil Free, Non-Comedogenic",
        "price": "$32.99 ($19.41 / Fl Oz)",
        "listPrice": "",
        "imageUrl": "https://m.media-amazon.com/images/I/31t+UdbV5-L._SL160_.jpg",
        "detailPageURL": "https://www.amazon.com/dp/B002CML1XE",
        "rating": "4.7",
        "totalReviews": "6216",
        "subtitle": "",
        "isPrimeEligible": "1"
    },
    {
        "ASIN": "B07WGV6Q45",
        "title": "Amazon Brand - Solimo Sport Sunscreen Lotion, SPF 50, Reef Friendly (Octinoxate & Oxybenzone Free), Broad Spectrum UVA/UVB Protection, 8 Fluid Ounce",
        "price": "$5.38 ($0.67 / Fl Oz)",
        "listPrice": "",
        "imageUrl": "https://m.media-amazon.com/images/I/31Ynzm+LPmL._SL160_.jpg",
        "detailPageURL": "https://www.amazon.com/dp/B07WGV6Q45",
        "rating": "4.5",
        "totalReviews": "6729",
        "subtitle": "Solimo",
        "isPrimeEligible": "1"
    },
    {
        "ASIN": "B084R1KZ1Z",
        "title": "Banana Boat Light As Air Sunscreen, Broad Spectrum Lotion, SPF 50, 6oz. - 2 Count (Pack of 1)",
        "price": "$14.99 ($1.25 / Fl Oz)",
        "listPrice": "",
        "imageUrl": "https://m.media-amazon.com/images/I/51kOpxV+1RS._SL160_.jpg",
        "detailPageURL": "https://www.amazon.com/dp/B084R1KZ1Z",
        "rating": "4.7",
        "totalReviews": "2595",
        "subtitle": "Banana Boat",
        "isPrimeEligible": "1"
    },
    {
        "ASIN": "B083VY5GVN",
        "title": "BLUE LIZARD Sensitive Mineral Sunscreen with Zinc Oxide, SPF 50+, Water Resistant, UVA/UVB Protection with Smart Bottle Technology - Fragrance Free, 5 oz",
        "price": "$13.10 ($2.62 / Fl Oz)",
        "listPrice": "$14.98 ($3.00 / Fl Oz)",
        "imageUrl": "https://m.media-amazon.com/images/I/41T9UXQDr0L._SL160_.jpg",
        "detailPageURL": "https://www.amazon.com/dp/B083VY5GVN",
        "rating": "4.7",
        "totalReviews": "15595",
        "subtitle": "BLUE LIZARD",
        "isPrimeEligible": "1"
    },
    {
        "ASIN": "B0031O5QF6",
        "title": "Hawaiian Tropic Sheer Touch Lotion, 8oz | Hawaiian Tropic Sunscreen SPF 30, Sunblock, Broad Spectrum Sunscreen, Oxybenzone Free Sunscreen, Body Sunscreen SPF 30, 8oz",
        "price": "$9.68 ($1.21 / Fl Oz)",
        "listPrice": "$10.49 ($1.31 / Fl Oz)",
        "imageUrl": "https://m.media-amazon.com/images/I/31ZZf0Q6xiL._SL160_.jpg",
        "detailPageURL": "https://www.amazon.com/dp/B0031O5QF6",
        "rating": "4.7",
        "totalReviews": "12443",
        "subtitle": "Hawaiian Tropic",
        "isPrimeEligible": "1"
    },
    {
        "ASIN": "B0B79QQZMC",
        "title": "IUNIK Centella Calming Vegan Moisture SPF 50+ PA++++ Non-Sticky No White Cast Light-Weight Daily Sunscreen Reef-Safe UVA UVB Matte-Finish No-Scent 2 Oz Beta-Glucan Dry Oily Sensitive Acne-Prone Skin Korean Skincare",
        "price": "$14.50 ($7.18 / Fl Oz)",
        "listPrice": "$19.99 ($9.90 / Fl Oz)",
        "imageUrl": "https://m.media-amazon.com/images/I/41WB3OsO2QL._SL160_.jpg",
        "detailPageURL": "https://www.amazon.com/dp/B0B79QQZMC",
        "rating": "4.5",
        "totalReviews": "210",
        "subtitle": "IUNIK",
        "isPrimeEligible": "1"
    },
    {
        "ASIN": "B09DGPRM22",
        "title": "ROUND LAB Birch Juice Moisturizing Sunscreen (SPF50+ PA++++) | A moisturizing sunscreen, No White Cast, Strong UV Protection, Moist Essence Type, Ocean Friendly-Reef Safe (1.69fl.oz)",
        "price": "$18.19 ($10.76 / Ounce)",
        "listPrice": "$28.00 ($16.57 / Ounce)",
        "imageUrl": "https://m.media-amazon.com/images/I/31N7hOk-W1L._SL160_.jpg",
        "detailPageURL": "https://www.amazon.com/dp/B09DGPRM22",
        "rating": "4.5",
        "totalReviews": "709",
        "subtitle": "ROUND LAB",
        "isPrimeEligible": "1"
    },
    {
        "ASIN": "B0B3G73VF5",
        "title": "SKIN1004 Hyalu-CICA Water-fit Sun Serum (Sun Serum, 1 Pack)",
        "price": "$16.00 ($9.47 / Fl Oz)",
        "listPrice": "$17.00 ($10.06 / Fl Oz)",
        "imageUrl": "https://m.media-amazon.com/images/I/21YhhIdC6UL._SL160_.jpg",
        "detailPageURL": "https://www.amazon.com/dp/B0B3G73VF5",
        "rating": "4.7",
        "totalReviews": "1732",
        "subtitle": "SKIN1004",
        "isPrimeEligible": "1"
    },
    {
        "ASIN": "B08L88LZ4V",
        "title": "Neutrogena Clear Face Liquid Lotion Sunscreen for Acne-Prone Skin, Broad Spectrum SPF 50 UVA/UVB Protection, Oil-, Fragrance- & Oxybenzone-Free Facial Sunscreen, Non-Comedogenic, 3 fl. oz",
        "price": "$9.66 ($3.22 / Fl Oz)",
        "listPrice": "$12.19 ($4.06 / Fl Oz)",
        "imageUrl": "https://m.media-amazon.com/images/I/31drpqOBfmL._SL160_.jpg",
        "detailPageURL": "https://www.amazon.com/dp/B08L88LZ4V",
        "rating": "4.6",
        "totalReviews": "21451",
        "subtitle": "Neutrogena",
        "isPrimeEligible": "1"
    },
    {
        "ASIN": "B002CML1XE",
        "title": "La Roche-Posay Anthelios Light Fluid Face Sunscreen Broad Spectrum SPF 60, Sensitive Skin Sunscreen, Oxybenzone Free, Oil Free, Non-Comedogenic",
        "price": "$32.99 ($19.41 / Fl Oz)",
        "listPrice": "",
        "imageUrl": "https://m.media-amazon.com/images/I/31t+UdbV5-L._SL160_.jpg",
        "detailPageURL": "https://www.amazon.com/dp/B002CML1XE",
        "rating": "4.7",
        "totalReviews": "6216",
        "subtitle": "",
        "isPrimeEligible": "1"
    },
    {
        "ASIN": "B07WGV6Q45",
        "title": "Amazon Brand - Solimo Sport Sunscreen Lotion, SPF 50, Reef Friendly (Octinoxate & Oxybenzone Free), Broad Spectrum UVA/UVB Protection, 8 Fluid Ounce",
        "price": "$5.38 ($0.67 / Fl Oz)",
        "listPrice": "",
        "imageUrl": "https://m.media-amazon.com/images/I/31Ynzm+LPmL._SL160_.jpg",
        "detailPageURL": "https://www.amazon.com/dp/B07WGV6Q45",
        "rating": "4.5",
        "totalReviews": "6729",
        "subtitle": "Solimo",
        "isPrimeEligible": "1"
    },
    {
        "ASIN": "B084R1KZ1Z",
        "title": "Banana Boat Light As Air Sunscreen, Broad Spectrum Lotion, SPF 50, 6oz. - 2 Count (Pack of 1)",
        "price": "$14.99 ($1.25 / Fl Oz)",
        "listPrice": "",
        "imageUrl": "https://m.media-amazon.com/images/I/51kOpxV+1RS._SL160_.jpg",
        "detailPageURL": "https://www.amazon.com/dp/B084R1KZ1Z",
        "rating": "4.7",
        "totalReviews": "2595",
        "subtitle": "Banana Boat",
        "isPrimeEligible": "1"
    },
    {
        "ASIN": "B083VY5GVN",
        "title": "BLUE LIZARD Sensitive Mineral Sunscreen with Zinc Oxide, SPF 50+, Water Resistant, UVA/UVB Protection with Smart Bottle Technology - Fragrance Free, 5 oz",
        "price": "$13.10 ($2.62 / Fl Oz)",
        "listPrice": "$14.98 ($3.00 / Fl Oz)",
        "imageUrl": "https://m.media-amazon.com/images/I/41T9UXQDr0L._SL160_.jpg",
        "detailPageURL": "https://www.amazon.com/dp/B083VY5GVN",
        "rating": "4.7",
        "totalReviews": "15595",
        "subtitle": "BLUE LIZARD",
        "isPrimeEligible": "1"
    },
    {
        "ASIN": "B0031O5QF6",
        "title": "Hawaiian Tropic Sheer Touch Lotion, 8oz | Hawaiian Tropic Sunscreen SPF 30, Sunblock, Broad Spectrum Sunscreen, Oxybenzone Free Sunscreen, Body Sunscreen SPF 30, 8oz",
        "price": "$9.68 ($1.21 / Fl Oz)",
        "listPrice": "$10.49 ($1.31 / Fl Oz)",
        "imageUrl": "https://m.media-amazon.com/images/I/31ZZf0Q6xiL._SL160_.jpg",
        "detailPageURL": "https://www.amazon.com/dp/B0031O5QF6",
        "rating": "4.7",
        "totalReviews": "12443",
        "subtitle": "Hawaiian Tropic",
        "isPrimeEligible": "1"
    },
    {
        "ASIN": "B0B79QQZMC",
        "title": "IUNIK Centella Calming Vegan Moisture SPF 50+ PA++++ Non-Sticky No White Cast Light-Weight Daily Sunscreen Reef-Safe UVA UVB Matte-Finish No-Scent 2 Oz Beta-Glucan Dry Oily Sensitive Acne-Prone Skin Korean Skincare",
        "price": "$14.50 ($7.18 / Fl Oz)",
        "listPrice": "$19.99 ($9.90 / Fl Oz)",
        "imageUrl": "https://m.media-amazon.com/images/I/41WB3OsO2QL._SL160_.jpg",
        "detailPageURL": "https://www.amazon.com/dp/B0B79QQZMC",
        "rating": "4.5",
        "totalReviews": "210",
        "subtitle": "IUNIK",
        "isPrimeEligible": "1"
    },
    {
        "ASIN": "B09DGPRM22",
        "title": "ROUND LAB Birch Juice Moisturizing Sunscreen (SPF50+ PA++++) | A moisturizing sunscreen, No White Cast, Strong UV Protection, Moist Essence Type, Ocean Friendly-Reef Safe (1.69fl.oz)",
        "price": "$18.19 ($10.76 / Ounce)",
        "listPrice": "$28.00 ($16.57 / Ounce)",
        "imageUrl": "https://m.media-amazon.com/images/I/31N7hOk-W1L._SL160_.jpg",
        "detailPageURL": "https://www.amazon.com/dp/B09DGPRM22",
        "rating": "4.5",
        "totalReviews": "709",
        "subtitle": "ROUND LAB",
        "isPrimeEligible": "1"
    },
    {
        "ASIN": "B0B3G73VF5",
        "title": "SKIN1004 Hyalu-CICA Water-fit Sun Serum (Sun Serum, 1 Pack)",
        "price": "$16.00 ($9.47 / Fl Oz)",
        "listPrice": "$17.00 ($10.06 / Fl Oz)",
        "imageUrl": "https://m.media-amazon.com/images/I/21YhhIdC6UL._SL160_.jpg",
        "detailPageURL": "https://www.amazon.com/dp/B0B3G73VF5",
        "rating": "4.7",
        "totalReviews": "1732",
        "subtitle": "SKIN1004",
        "isPrimeEligible": "1"
    },
    {
        "ASIN": "B08L88LZ4V",
        "title": "Neutrogena Clear Face Liquid Lotion Sunscreen for Acne-Prone Skin, Broad Spectrum SPF 50 UVA/UVB Protection, Oil-, Fragrance- & Oxybenzone-Free Facial Sunscreen, Non-Comedogenic, 3 fl. oz",
        "price": "$9.66 ($3.22 / Fl Oz)",
        "listPrice": "$12.19 ($4.06 / Fl Oz)",
        "imageUrl": "https://m.media-amazon.com/images/I/31drpqOBfmL._SL160_.jpg",
        "detailPageURL": "https://www.amazon.com/dp/B08L88LZ4V",
        "rating": "4.6",
        "totalReviews": "21451",
        "subtitle": "Neutrogena",
        "isPrimeEligible": "1"
    },
    {
        "ASIN": "B07YZQTKDJ",
        "title": "Australian Gold Botanical SPF 50 Tinted Sunscreen for Face, Non-Chemical BB Cream & Mineral Sunscreen, Water-Resistant, Matte Finish, For Sensitive Facial Skin, Fair to Light Skin Tones, 3 FL Oz",
        "price": "$18.95 ($6.32 / Ounce)",
        "listPrice": "$25.00 ($8.33 / Ounce)",
        "imageUrl": "https://m.media-amazon.com/images/I/31BNl1MaCIL._SL160_.jpg",
        "detailPageURL": "https://www.amazon.com/dp/B07YZQTKDJ",
        "rating": "4.4",
        "totalReviews": "15761",
        "subtitle": "Australian Gold",
        "isPrimeEligible": "1"
    },
    {
        "ASIN": "B07WGV6Q45",
        "title": "Amazon Brand - Solimo Sport Sunscreen Lotion, SPF 50, Reef Friendly (Octinoxate & Oxybenzone Free), Broad Spectrum UVA/UVB Protection, 8 Fluid Ounce",
        "price": "$5.38 ($0.67 / Fl Oz)",
        "listPrice": "",
        "imageUrl": "https://m.media-amazon.com/images/I/31Ynzm+LPmL._SL160_.jpg",
        "detailPageURL": "https://www.amazon.com/dp/B07WGV6Q45",
        "rating": "4.5",
        "totalReviews": "6729",
        "subtitle": "Solimo",
        "isPrimeEligible": "1"
    },
    {
        "ASIN": "B084R1KZ1Z",
        "title": "Banana Boat Light As Air Sunscreen, Broad Spectrum Lotion, SPF 50, 6oz. - 2 Count (Pack of 1)",
        "price": "$14.99 ($1.25 / Fl Oz)",
        "listPrice": "",
        "imageUrl": "https://m.media-amazon.com/images/I/51kOpxV+1RS._SL160_.jpg",
        "detailPageURL": "https://www.amazon.com/dp/B084R1KZ1Z",
        "rating": "4.7",
        "totalReviews": "2595",
        "subtitle": "Banana Boat",
        "isPrimeEligible": "1"
    },
    {
        "ASIN": "B083VY5GVN",
        "title": "BLUE LIZARD Sensitive Mineral Sunscreen with Zinc Oxide, SPF 50+, Water Resistant, UVA/UVB Protection with Smart Bottle Technology - Fragrance Free, 5 oz",
        "price": "$13.10 ($2.62 / Fl Oz)",
        "listPrice": "$14.98 ($3.00 / Fl Oz)",
        "imageUrl": "https://m.media-amazon.com/images/I/41T9UXQDr0L._SL160_.jpg",
        "detailPageURL": "https://www.amazon.com/dp/B083VY5GVN",
        "rating": "4.7",
        "totalReviews": "15595",
        "subtitle": "BLUE LIZARD",
        "isPrimeEligible": "1"
    },
    {
        "ASIN": "B0031O5QF6",
        "title": "Hawaiian Tropic Sheer Touch Lotion, 8oz | Hawaiian Tropic Sunscreen SPF 30, Sunblock, Broad Spectrum Sunscreen, Oxybenzone Free Sunscreen, Body Sunscreen SPF 30, 8oz",
        "price": "$9.68 ($1.21 / Fl Oz)",
        "listPrice": "$10.49 ($1.31 / Fl Oz)",
        "imageUrl": "https://m.media-amazon.com/images/I/31ZZf0Q6xiL._SL160_.jpg",
        "detailPageURL": "https://www.amazon.com/dp/B0031O5QF6",
        "rating": "4.7",
        "totalReviews": "12443",
        "subtitle": "Hawaiian Tropic",
        "isPrimeEligible": "1"
    },
    {
        "ASIN": "B0B79QQZMC",
        "title": "IUNIK Centella Calming Vegan Moisture SPF 50+ PA++++ Non-Sticky No White Cast Light-Weight Daily Sunscreen Reef-Safe UVA UVB Matte-Finish No-Scent 2 Oz Beta-Glucan Dry Oily Sensitive Acne-Prone Skin Korean Skincare",
        "price": "$14.50 ($7.18 / Fl Oz)",
        "listPrice": "$19.99 ($9.90 / Fl Oz)",
        "imageUrl": "https://m.media-amazon.com/images/I/41WB3OsO2QL._SL160_.jpg",
        "detailPageURL": "https://www.amazon.com/dp/B0B79QQZMC",
        "rating": "4.5",
        "totalReviews": "210",
        "subtitle": "IUNIK",
        "isPrimeEligible": "1"
    },
    {
        "ASIN": "B09DGPRM22",
        "title": "ROUND LAB Birch Juice Moisturizing Sunscreen (SPF50+ PA++++) | A moisturizing sunscreen, No White Cast, Strong UV Protection, Moist Essence Type, Ocean Friendly-Reef Safe (1.69fl.oz)",
        "price": "$18.19 ($10.76 / Ounce)",
        "listPrice": "$28.00 ($16.57 / Ounce)",
        "imageUrl": "https://m.media-amazon.com/images/I/31N7hOk-W1L._SL160_.jpg",
        "detailPageURL": "https://www.amazon.com/dp/B09DGPRM22",
        "rating": "4.5",
        "totalReviews": "709",
        "subtitle": "ROUND LAB",
        "isPrimeEligible": "1"
    },
    {
        "ASIN": "B0B3G73VF5",
        "title": "SKIN1004 Hyalu-CICA Water-fit Sun Serum (Sun Serum, 1 Pack)",
        "price": "$16.00 ($9.47 / Fl Oz)",
        "listPrice": "$17.00 ($10.06 / Fl Oz)",
        "imageUrl": "https://m.media-amazon.com/images/I/21YhhIdC6UL._SL160_.jpg",
        "detailPageURL": "https://www.amazon.com/dp/B0B3G73VF5",
        "rating": "4.7",
        "totalReviews": "1732",
        "subtitle": "SKIN1004",
        "isPrimeEligible": "1"
    },
    {
        "ASIN": "B08L88LZ4V",
        "title": "Neutrogena Clear Face Liquid Lotion Sunscreen for Acne-Prone Skin, Broad Spectrum SPF 50 UVA/UVB Protection, Oil-, Fragrance- & Oxybenzone-Free Facial Sunscreen, Non-Comedogenic, 3 fl. oz",
        "price": "$9.66 ($3.22 / Fl Oz)",
        "listPrice": "$12.19 ($4.06 / Fl Oz)",
        "imageUrl": "https://m.media-amazon.com/images/I/31drpqOBfmL._SL160_.jpg",
        "detailPageURL": "https://www.amazon.com/dp/B08L88LZ4V",
        "rating": "4.6",
        "totalReviews": "21451",
        "subtitle": "Neutrogena",
        "isPrimeEligible": "1"
    },
    {
        "ASIN": "B07YZQTKDJ",
        "title": "Australian Gold Botanical SPF 50 Tinted Sunscreen for Face, Non-Chemical BB Cream & Mineral Sunscreen, Water-Resistant, Matte Finish, For Sensitive Facial Skin, Fair to Light Skin Tones, 3 FL Oz",
        "price": "$18.95 ($6.32 / Ounce)",
        "listPrice": "$25.00 ($8.33 / Ounce)",
        "imageUrl": "https://m.media-amazon.com/images/I/31BNl1MaCIL._SL160_.jpg",
        "detailPageURL": "https://www.amazon.com/dp/B07YZQTKDJ",
        "rating": "4.4",
        "totalReviews": "15761",
        "subtitle": "Australian Gold",
        "isPrimeEligible": "1"
    },
    {
        "ASIN": "B00464EC1E",
        "title": "EltaMD UV Daily Facial Sunscreen with Zinc Oxide, SPF 40 , Helps Hydrate and Decrease Wrinkles, Lightweight Face Moisturizer Sunscreen, Absorbs into Skin Quickly, 1.7 Oz Pump",
        "price": "$36.00 ($21.18 / Ounce)",
        "listPrice": "",
        "imageUrl": "https://m.media-amazon.com/images/I/410FpPrU9+L._SL160_.jpg",
        "detailPageURL": "https://www.amazon.com/dp/B00464EC1E",
        "rating": "4.7",
        "totalReviews": "16830",
        "subtitle": "",
        "isPrimeEligible": "1"
    },
    {
        "ASIN": "B084R1KZ1Z",
        "title": "Banana Boat Light As Air Sunscreen, Broad Spectrum Lotion, SPF 50, 6oz. - 2 Count (Pack of 1)",
        "price": "$14.99 ($1.25 / Fl Oz)",
        "listPrice": "",
        "imageUrl": "https://m.media-amazon.com/images/I/51kOpxV+1RS._SL160_.jpg",
        "detailPageURL": "https://www.amazon.com/dp/B084R1KZ1Z",
        "rating": "4.7",
        "totalReviews": "2595",
        "subtitle": "Banana Boat",
        "isPrimeEligible": "1"
    },
    {
        "ASIN": "B083VY5GVN",
        "title": "BLUE LIZARD Sensitive Mineral Sunscreen with Zinc Oxide, SPF 50+, Water Resistant, UVA/UVB Protection with Smart Bottle Technology - Fragrance Free, 5 oz",
        "price": "$13.10 ($2.62 / Fl Oz)",
        "listPrice": "$14.98 ($3.00 / Fl Oz)",
        "imageUrl": "https://m.media-amazon.com/images/I/41T9UXQDr0L._SL160_.jpg",
        "detailPageURL": "https://www.amazon.com/dp/B083VY5GVN",
        "rating": "4.7",
        "totalReviews": "15595",
        "subtitle": "BLUE LIZARD",
        "isPrimeEligible": "1"
    },
    {
        "ASIN": "B0031O5QF6",
        "title": "Hawaiian Tropic Sheer Touch Lotion, 8oz | Hawaiian Tropic Sunscreen SPF 30, Sunblock, Broad Spectrum Sunscreen, Oxybenzone Free Sunscreen, Body Sunscreen SPF 30, 8oz",
        "price": "$9.68 ($1.21 / Fl Oz)",
        "listPrice": "$10.49 ($1.31 / Fl Oz)",
        "imageUrl": "https://m.media-amazon.com/images/I/31ZZf0Q6xiL._SL160_.jpg",
        "detailPageURL": "https://www.amazon.com/dp/B0031O5QF6",
        "rating": "4.7",
        "totalReviews": "12443",
        "subtitle": "Hawaiian Tropic",
        "isPrimeEligible": "1"
    },
    {
        "ASIN": "B0B79QQZMC",
        "title": "IUNIK Centella Calming Vegan Moisture SPF 50+ PA++++ Non-Sticky No White Cast Light-Weight Daily Sunscreen Reef-Safe UVA UVB Matte-Finish No-Scent 2 Oz Beta-Glucan Dry Oily Sensitive Acne-Prone Skin Korean Skincare",
        "price": "$14.50 ($7.18 / Fl Oz)",
        "listPrice": "$19.99 ($9.90 / Fl Oz)",
        "imageUrl": "https://m.media-amazon.com/images/I/41WB3OsO2QL._SL160_.jpg",
        "detailPageURL": "https://www.amazon.com/dp/B0B79QQZMC",
        "rating": "4.5",
        "totalReviews": "210",
        "subtitle": "IUNIK",
        "isPrimeEligible": "1"
    },
    {
        "ASIN": "B09DGPRM22",
        "title": "ROUND LAB Birch Juice Moisturizing Sunscreen (SPF50+ PA++++) | A moisturizing sunscreen, No White Cast, Strong UV Protection, Moist Essence Type, Ocean Friendly-Reef Safe (1.69fl.oz)",
        "price": "$18.19 ($10.76 / Ounce)",
        "listPrice": "$28.00 ($16.57 / Ounce)",
        "imageUrl": "https://m.media-amazon.com/images/I/31N7hOk-W1L._SL160_.jpg",
        "detailPageURL": "https://www.amazon.com/dp/B09DGPRM22",
        "rating": "4.5",
        "totalReviews": "709",
        "subtitle": "ROUND LAB",
        "isPrimeEligible": "1"
    },
    {
        "ASIN": "B0B3G73VF5",
        "title": "SKIN1004 Hyalu-CICA Water-fit Sun Serum (Sun Serum, 1 Pack)",
        "price": "$16.00 ($9.47 / Fl Oz)",
        "listPrice": "$17.00 ($10.06 / Fl Oz)",
        "imageUrl": "https://m.media-amazon.com/images/I/21YhhIdC6UL._SL160_.jpg",
        "detailPageURL": "https://www.amazon.com/dp/B0B3G73VF5",
        "rating": "4.7",
        "totalReviews": "1732",
        "subtitle": "SKIN1004",
        "isPrimeEligible": "1"
    },
    {
        "ASIN": "B08L88LZ4V",
        "title": "Neutrogena Clear Face Liquid Lotion Sunscreen for Acne-Prone Skin, Broad Spectrum SPF 50 UVA/UVB Protection, Oil-, Fragrance- & Oxybenzone-Free Facial Sunscreen, Non-Comedogenic, 3 fl. oz",
        "price": "$9.66 ($3.22 / Fl Oz)",
        "listPrice": "$12.19 ($4.06 / Fl Oz)",
        "imageUrl": "https://m.media-amazon.com/images/I/31drpqOBfmL._SL160_.jpg",
        "detailPageURL": "https://www.amazon.com/dp/B08L88LZ4V",
        "rating": "4.6",
        "totalReviews": "21451",
        "subtitle": "Neutrogena",
        "isPrimeEligible": "1"
    },
    {
        "ASIN": "B07YZQTKDJ",
        "title": "Australian Gold Botanical SPF 50 Tinted Sunscreen for Face, Non-Chemical BB Cream & Mineral Sunscreen, Water-Resistant, Matte Finish, For Sensitive Facial Skin, Fair to Light Skin Tones, 3 FL Oz",
        "price": "$18.95 ($6.32 / Ounce)",
        "listPrice": "$25.00 ($8.33 / Ounce)",
        "imageUrl": "https://m.media-amazon.com/images/I/31BNl1MaCIL._SL160_.jpg",
        "detailPageURL": "https://www.amazon.com/dp/B07YZQTKDJ",
        "rating": "4.4",
        "totalReviews": "15761",
        "subtitle": "Australian Gold",
        "isPrimeEligible": "1"
    },
    {
        "ASIN": "B00464EC1E",
        "title": "EltaMD UV Daily Facial Sunscreen with Zinc Oxide, SPF 40 , Helps Hydrate and Decrease Wrinkles, Lightweight Face Moisturizer Sunscreen, Absorbs into Skin Quickly, 1.7 Oz Pump",
        "price": "$36.00 ($21.18 / Ounce)",
        "listPrice": "",
        "imageUrl": "https://m.media-amazon.com/images/I/410FpPrU9+L._SL160_.jpg",
        "detailPageURL": "https://www.amazon.com/dp/B00464EC1E",
        "rating": "4.7",
        "totalReviews": "16830",
        "subtitle": "",
        "isPrimeEligible": "1"
    },
    {
        "ASIN": "B07BJJ5S14",
        "title": "Anessa Perfect UV Sunscreen Skin Care Milk SPF50+/PA++++ 60mL",
        "price": "$30.00 ($15.00 / Fl Oz)",
        "listPrice": "",
        "imageUrl": "https://m.media-amazon.com/images/I/41in10tOr4L._SL160_.jpg",
        "detailPageURL": "https://www.amazon.com/dp/B07BJJ5S14",
        "rating": "4.3",
        "totalReviews": "249",
        "subtitle": "Anessa",
        "isPrimeEligible": "1"
    },
    {
        "ASIN": "B083VY5GVN",
        "title": "BLUE LIZARD Sensitive Mineral Sunscreen with Zinc Oxide, SPF 50+, Water Resistant, UVA/UVB Protection with Smart Bottle Technology - Fragrance Free, 5 oz",
        "price": "$13.10 ($2.62 / Fl Oz)",
        "listPrice": "$14.98 ($3.00 / Fl Oz)",
        "imageUrl": "https://m.media-amazon.com/images/I/41T9UXQDr0L._SL160_.jpg",
        "detailPageURL": "https://www.amazon.com/dp/B083VY5GVN",
        "rating": "4.7",
        "totalReviews": "15595",
        "subtitle": "BLUE LIZARD",
        "isPrimeEligible": "1"
    },
    {
        "ASIN": "B0031O5QF6",
        "title": "Hawaiian Tropic Sheer Touch Lotion, 8oz | Hawaiian Tropic Sunscreen SPF 30, Sunblock, Broad Spectrum Sunscreen, Oxybenzone Free Sunscreen, Body Sunscreen SPF 30, 8oz",
        "price": "$9.68 ($1.21 / Fl Oz)",
        "listPrice": "$10.49 ($1.31 / Fl Oz)",
        "imageUrl": "https://m.media-amazon.com/images/I/31ZZf0Q6xiL._SL160_.jpg",
        "detailPageURL": "https://www.amazon.com/dp/B0031O5QF6",
        "rating": "4.7",
        "totalReviews": "12443",
        "subtitle": "Hawaiian Tropic",
        "isPrimeEligible": "1"
    },
    {
        "ASIN": "B0B79QQZMC",
        "title": "IUNIK Centella Calming Vegan Moisture SPF 50+ PA++++ Non-Sticky No White Cast Light-Weight Daily Sunscreen Reef-Safe UVA UVB Matte-Finish No-Scent 2 Oz Beta-Glucan Dry Oily Sensitive Acne-Prone Skin Korean Skincare",
        "price": "$14.50 ($7.18 / Fl Oz)",
        "listPrice": "$19.99 ($9.90 / Fl Oz)",
        "imageUrl": "https://m.media-amazon.com/images/I/41WB3OsO2QL._SL160_.jpg",
        "detailPageURL": "https://www.amazon.com/dp/B0B79QQZMC",
        "rating": "4.5",
        "totalReviews": "210",
        "subtitle": "IUNIK",
        "isPrimeEligible": "1"
    },
    {
        "ASIN": "B09DGPRM22",
        "title": "ROUND LAB Birch Juice Moisturizing Sunscreen (SPF50+ PA++++) | A moisturizing sunscreen, No White Cast, Strong UV Protection, Moist Essence Type, Ocean Friendly-Reef Safe (1.69fl.oz)",
        "price": "$18.19 ($10.76 / Ounce)",
        "listPrice": "$28.00 ($16.57 / Ounce)",
        "imageUrl": "https://m.media-amazon.com/images/I/31N7hOk-W1L._SL160_.jpg",
        "detailPageURL": "https://www.amazon.com/dp/B09DGPRM22",
        "rating": "4.5",
        "totalReviews": "709",
        "subtitle": "ROUND LAB",
        "isPrimeEligible": "1"
    },
    {
        "ASIN": "B0B3G73VF5",
        "title": "SKIN1004 Hyalu-CICA Water-fit Sun Serum (Sun Serum, 1 Pack)",
        "price": "$16.00 ($9.47 / Fl Oz)",
        "listPrice": "$17.00 ($10.06 / Fl Oz)",
        "imageUrl": "https://m.media-amazon.com/images/I/21YhhIdC6UL._SL160_.jpg",
        "detailPageURL": "https://www.amazon.com/dp/B0B3G73VF5",
        "rating": "4.7",
        "totalReviews": "1732",
        "subtitle": "SKIN1004",
        "isPrimeEligible": "1"
    },
    {
        "ASIN": "B08L88LZ4V",
        "title": "Neutrogena Clear Face Liquid Lotion Sunscreen for Acne-Prone Skin, Broad Spectrum SPF 50 UVA/UVB Protection, Oil-, Fragrance- & Oxybenzone-Free Facial Sunscreen, Non-Comedogenic, 3 fl. oz",
        "price": "$9.66 ($3.22 / Fl Oz)",
        "listPrice": "$12.19 ($4.06 / Fl Oz)",
        "imageUrl": "https://m.media-amazon.com/images/I/31drpqOBfmL._SL160_.jpg",
        "detailPageURL": "https://www.amazon.com/dp/B08L88LZ4V",
        "rating": "4.6",
        "totalReviews": "21451",
        "subtitle": "Neutrogena",
        "isPrimeEligible": "1"
    },
    {
        "ASIN": "B07YZQTKDJ",
        "title": "Australian Gold Botanical SPF 50 Tinted Sunscreen for Face, Non-Chemical BB Cream & Mineral Sunscreen, Water-Resistant, Matte Finish, For Sensitive Facial Skin, Fair to Light Skin Tones, 3 FL Oz",
        "price": "$18.95 ($6.32 / Ounce)",
        "listPrice": "$25.00 ($8.33 / Ounce)",
        "imageUrl": "https://m.media-amazon.com/images/I/31BNl1MaCIL._SL160_.jpg",
        "detailPageURL": "https://www.amazon.com/dp/B07YZQTKDJ",
        "rating": "4.4",
        "totalReviews": "15761",
        "subtitle": "Australian Gold",
        "isPrimeEligible": "1"
    },
    {
        "ASIN": "B00464EC1E",
        "title": "EltaMD UV Daily Facial Sunscreen with Zinc Oxide, SPF 40 , Helps Hydrate and Decrease Wrinkles, Lightweight Face Moisturizer Sunscreen, Absorbs into Skin Quickly, 1.7 Oz Pump",
        "price": "$36.00 ($21.18 / Ounce)",
        "listPrice": "",
        "imageUrl": "https://m.media-amazon.com/images/I/410FpPrU9+L._SL160_.jpg",
        "detailPageURL": "https://www.amazon.com/dp/B00464EC1E",
        "rating": "4.7",
        "totalReviews": "16830",
        "subtitle": "",
        "isPrimeEligible": "1"
    },
    {
        "ASIN": "B07BJJ5S14",
        "title": "Anessa Perfect UV Sunscreen Skin Care Milk SPF50+/PA++++ 60mL",
        "price": "$30.00 ($15.00 / Fl Oz)",
        "listPrice": "",
        "imageUrl": "https://m.media-amazon.com/images/I/41in10tOr4L._SL160_.jpg",
        "detailPageURL": "https://www.amazon.com/dp/B07BJJ5S14",
        "rating": "4.3",
        "totalReviews": "249",
        "subtitle": "Anessa",
        "isPrimeEligible": "1"
    },
    {
        "ASIN": "B08K9HFC31",
        "title": "Aveeno Protect + Hydrate Moisturizing Body Sunscreen Lotion with Broad Spectrum SPF 60 & Prebiotic Oat, Weightless & Refreshing Feel, Paraben-Free, Oil-Free, Oxybenzone-Free, 3.0 fl. Oz",
        "price": "$8.99 ($3.00 / Fl Oz)",
        "listPrice": "$10.89 ($3.63 / Fl Oz)",
        "imageUrl": "https://m.media-amazon.com/images/I/316xG7IFNeL._SL160_.jpg",
        "detailPageURL": "https://www.amazon.com/dp/B08K9HFC31",
        "rating": "4.5",
        "totalReviews": "6373",
        "subtitle": "Aveeno",
        "isPrimeEligible": "1"
    },
    {
        "ASIN": "B0031O5QF6",
        "title": "Hawaiian Tropic Sheer Touch Lotion, 8oz | Hawaiian Tropic Sunscreen SPF 30, Sunblock, Broad Spectrum Sunscreen, Oxybenzone Free Sunscreen, Body Sunscreen SPF 30, 8oz",
        "price": "$9.68 ($1.21 / Fl Oz)",
        "listPrice": "$10.49 ($1.31 / Fl Oz)",
        "imageUrl": "https://m.media-amazon.com/images/I/31ZZf0Q6xiL._SL160_.jpg",
        "detailPageURL": "https://www.amazon.com/dp/B0031O5QF6",
        "rating": "4.7",
        "totalReviews": "12443",
        "subtitle": "Hawaiian Tropic",
        "isPrimeEligible": "1"
    },
    {
        "ASIN": "B0B79QQZMC",
        "title": "IUNIK Centella Calming Vegan Moisture SPF 50+ PA++++ Non-Sticky No White Cast Light-Weight Daily Sunscreen Reef-Safe UVA UVB Matte-Finish No-Scent 2 Oz Beta-Glucan Dry Oily Sensitive Acne-Prone Skin Korean Skincare",
        "price": "$14.50 ($7.18 / Fl Oz)",
        "listPrice": "$19.99 ($9.90 / Fl Oz)",
        "imageUrl": "https://m.media-amazon.com/images/I/41WB3OsO2QL._SL160_.jpg",
        "detailPageURL": "https://www.amazon.com/dp/B0B79QQZMC",
        "rating": "4.5",
        "totalReviews": "210",
        "subtitle": "IUNIK",
        "isPrimeEligible": "1"
    },
    {
        "ASIN": "B09DGPRM22",
        "title": "ROUND LAB Birch Juice Moisturizing Sunscreen (SPF50+ PA++++) | A moisturizing sunscreen, No White Cast, Strong UV Protection, Moist Essence Type, Ocean Friendly-Reef Safe (1.69fl.oz)",
        "price": "$18.19 ($10.76 / Ounce)",
        "listPrice": "$28.00 ($16.57 / Ounce)",
        "imageUrl": "https://m.media-amazon.com/images/I/31N7hOk-W1L._SL160_.jpg",
        "detailPageURL": "https://www.amazon.com/dp/B09DGPRM22",
        "rating": "4.5",
        "totalReviews": "709",
        "subtitle": "ROUND LAB",
        "isPrimeEligible": "1"
    },
    {
        "ASIN": "B0B3G73VF5",
        "title": "SKIN1004 Hyalu-CICA Water-fit Sun Serum (Sun Serum, 1 Pack)",
        "price": "$16.00 ($9.47 / Fl Oz)",
        "listPrice": "$17.00 ($10.06 / Fl Oz)",
        "imageUrl": "https://m.media-amazon.com/images/I/21YhhIdC6UL._SL160_.jpg",
        "detailPageURL": "https://www.amazon.com/dp/B0B3G73VF5",
        "rating": "4.7",
        "totalReviews": "1732",
        "subtitle": "SKIN1004",
        "isPrimeEligible": "1"
    },
    {
        "ASIN": "B08L88LZ4V",
        "title": "Neutrogena Clear Face Liquid Lotion Sunscreen for Acne-Prone Skin, Broad Spectrum SPF 50 UVA/UVB Protection, Oil-, Fragrance- & Oxybenzone-Free Facial Sunscreen, Non-Comedogenic, 3 fl. oz",
        "price": "$9.66 ($3.22 / Fl Oz)",
        "listPrice": "$12.19 ($4.06 / Fl Oz)",
        "imageUrl": "https://m.media-amazon.com/images/I/31drpqOBfmL._SL160_.jpg",
        "detailPageURL": "https://www.amazon.com/dp/B08L88LZ4V",
        "rating": "4.6",
        "totalReviews": "21451",
        "subtitle": "Neutrogena",
        "isPrimeEligible": "1"
    },
    {
        "ASIN": "B07YZQTKDJ",
        "title": "Australian Gold Botanical SPF 50 Tinted Sunscreen for Face, Non-Chemical BB Cream & Mineral Sunscreen, Water-Resistant, Matte Finish, For Sensitive Facial Skin, Fair to Light Skin Tones, 3 FL Oz",
        "price": "$18.95 ($6.32 / Ounce)",
        "listPrice": "$25.00 ($8.33 / Ounce)",
        "imageUrl": "https://m.media-amazon.com/images/I/31BNl1MaCIL._SL160_.jpg",
        "detailPageURL": "https://www.amazon.com/dp/B07YZQTKDJ",
        "rating": "4.4",
        "totalReviews": "15761",
        "subtitle": "Australian Gold",
        "isPrimeEligible": "1"
    },
    {
        "ASIN": "B00464EC1E",
        "title": "EltaMD UV Daily Facial Sunscreen with Zinc Oxide, SPF 40 , Helps Hydrate and Decrease Wrinkles, Lightweight Face Moisturizer Sunscreen, Absorbs into Skin Quickly, 1.7 Oz Pump",
        "price": "$36.00 ($21.18 / Ounce)",
        "listPrice": "",
        "imageUrl": "https://m.media-amazon.com/images/I/410FpPrU9+L._SL160_.jpg",
        "detailPageURL": "https://www.amazon.com/dp/B00464EC1E",
        "rating": "4.7",
        "totalReviews": "16830",
        "subtitle": "",
        "isPrimeEligible": "1"
    },
    {
        "ASIN": "B07BJJ5S14",
        "title": "Anessa Perfect UV Sunscreen Skin Care Milk SPF50+/PA++++ 60mL",
        "price": "$30.00 ($15.00 / Fl Oz)",
        "listPrice": "",
        "imageUrl": "https://m.media-amazon.com/images/I/41in10tOr4L._SL160_.jpg",
        "detailPageURL": "https://www.amazon.com/dp/B07BJJ5S14",
        "rating": "4.3",
        "totalReviews": "249",
        "subtitle": "Anessa",
        "isPrimeEligible": "1"
    },
    {
        "ASIN": "B08K9HFC31",
        "title": "Aveeno Protect + Hydrate Moisturizing Body Sunscreen Lotion with Broad Spectrum SPF 60 & Prebiotic Oat, Weightless & Refreshing Feel, Paraben-Free, Oil-Free, Oxybenzone-Free, 3.0 fl. Oz",
        "price": "$8.99 ($3.00 / Fl Oz)",
        "listPrice": "$10.89 ($3.63 / Fl Oz)",
        "imageUrl": "https://m.media-amazon.com/images/I/316xG7IFNeL._SL160_.jpg",
        "detailPageURL": "https://www.amazon.com/dp/B08K9HFC31",
        "rating": "4.5",
        "totalReviews": "6373",
        "subtitle": "Aveeno",
        "isPrimeEligible": "1"
    },
    {
        "ASIN": "B09PXB8Y5Q",
        "title": "BGS Black Girl Sunscreen SPF 30. Ultra Sheer Moisturizing Sunscreen Lotion. With avocado, cacao, jojoba, carrot juice and sun flower oil. Oxybenzone, Paraben and Fragrance Free. 3 Fl Oz. (1 Pack)",
        "price": "$12.00 ($4.00 / Fl Oz)",
        "listPrice": "$17.70 ($5.90 / Fl Oz)",
        "imageUrl": "https://m.media-amazon.com/images/I/41c1HqB+26L._SL160_.jpg",
        "detailPageURL": "https://www.amazon.com/dp/B09PXB8Y5Q",
        "rating": "4.6",
        "totalReviews": "441",
        "subtitle": "",
        "isPrimeEligible": "0"
    },
    {
        "ASIN": "B0B79QQZMC",
        "title": "IUNIK Centella Calming Vegan Moisture SPF 50+ PA++++ Non-Sticky No White Cast Light-Weight Daily Sunscreen Reef-Safe UVA UVB Matte-Finish No-Scent 2 Oz Beta-Glucan Dry Oily Sensitive Acne-Prone Skin Korean Skincare",
        "price": "$14.50 ($7.18 / Fl Oz)",
        "listPrice": "$19.99 ($9.90 / Fl Oz)",
        "imageUrl": "https://m.media-amazon.com/images/I/41WB3OsO2QL._SL160_.jpg",
        "detailPageURL": "https://www.amazon.com/dp/B0B79QQZMC",
        "rating": "4.5",
        "totalReviews": "210",
        "subtitle": "IUNIK",
        "isPrimeEligible": "1"
    },
    {
        "ASIN": "B09DGPRM22",
        "title": "ROUND LAB Birch Juice Moisturizing Sunscreen (SPF50+ PA++++) | A moisturizing sunscreen, No White Cast, Strong UV Protection, Moist Essence Type, Ocean Friendly-Reef Safe (1.69fl.oz)",
        "price": "$18.19 ($10.76 / Ounce)",
        "listPrice": "$28.00 ($16.57 / Ounce)",
        "imageUrl": "https://m.media-amazon.com/images/I/31N7hOk-W1L._SL160_.jpg",
        "detailPageURL": "https://www.amazon.com/dp/B09DGPRM22",
        "rating": "4.5",
        "totalReviews": "709",
        "subtitle": "ROUND LAB",
        "isPrimeEligible": "1"
    },
    {
        "ASIN": "B0B3G73VF5",
        "title": "SKIN1004 Hyalu-CICA Water-fit Sun Serum (Sun Serum, 1 Pack)",
        "price": "$16.00 ($9.47 / Fl Oz)",
        "listPrice": "$17.00 ($10.06 / Fl Oz)",
        "imageUrl": "https://m.media-amazon.com/images/I/21YhhIdC6UL._SL160_.jpg",
        "detailPageURL": "https://www.amazon.com/dp/B0B3G73VF5",
        "rating": "4.7",
        "totalReviews": "1732",
        "subtitle": "SKIN1004",
        "isPrimeEligible": "1"
    },
    {
        "ASIN": "B08L88LZ4V",
        "title": "Neutrogena Clear Face Liquid Lotion Sunscreen for Acne-Prone Skin, Broad Spectrum SPF 50 UVA/UVB Protection, Oil-, Fragrance- & Oxybenzone-Free Facial Sunscreen, Non-Comedogenic, 3 fl. oz",
        "price": "$9.66 ($3.22 / Fl Oz)",
        "listPrice": "$12.19 ($4.06 / Fl Oz)",
        "imageUrl": "https://m.media-amazon.com/images/I/31drpqOBfmL._SL160_.jpg",
        "detailPageURL": "https://www.amazon.com/dp/B08L88LZ4V",
        "rating": "4.6",
        "totalReviews": "21451",
        "subtitle": "Neutrogena",
        "isPrimeEligible": "1"
    },
    {
        "ASIN": "B07YZQTKDJ",
        "title": "Australian Gold Botanical SPF 50 Tinted Sunscreen for Face, Non-Chemical BB Cream & Mineral Sunscreen, Water-Resistant, Matte Finish, For Sensitive Facial Skin, Fair to Light Skin Tones, 3 FL Oz",
        "price": "$18.95 ($6.32 / Ounce)",
        "listPrice": "$25.00 ($8.33 / Ounce)",
        "imageUrl": "https://m.media-amazon.com/images/I/31BNl1MaCIL._SL160_.jpg",
        "detailPageURL": "https://www.amazon.com/dp/B07YZQTKDJ",
        "rating": "4.4",
        "totalReviews": "15761",
        "subtitle": "Australian Gold",
        "isPrimeEligible": "1"
    },
    {
        "ASIN": "B00464EC1E",
        "title": "EltaMD UV Daily Facial Sunscreen with Zinc Oxide, SPF 40 , Helps Hydrate and Decrease Wrinkles, Lightweight Face Moisturizer Sunscreen, Absorbs into Skin Quickly, 1.7 Oz Pump",
        "price": "$36.00 ($21.18 / Ounce)",
        "listPrice": "",
        "imageUrl": "https://m.media-amazon.com/images/I/410FpPrU9+L._SL160_.jpg",
        "detailPageURL": "https://www.amazon.com/dp/B00464EC1E",
        "rating": "4.7",
        "totalReviews": "16830",
        "subtitle": "",
        "isPrimeEligible": "1"
    },
    {
        "ASIN": "B07BJJ5S14",
        "title": "Anessa Perfect UV Sunscreen Skin Care Milk SPF50+/PA++++ 60mL",
        "price": "$30.00 ($15.00 / Fl Oz)",
        "listPrice": "",
        "imageUrl": "https://m.media-amazon.com/images/I/41in10tOr4L._SL160_.jpg",
        "detailPageURL": "https://www.amazon.com/dp/B07BJJ5S14",
        "rating": "4.3",
        "totalReviews": "249",
        "subtitle": "Anessa",
        "isPrimeEligible": "1"
    },
    {
        "ASIN": "B08K9HFC31",
        "title": "Aveeno Protect + Hydrate Moisturizing Body Sunscreen Lotion with Broad Spectrum SPF 60 & Prebiotic Oat, Weightless & Refreshing Feel, Paraben-Free, Oil-Free, Oxybenzone-Free, 3.0 fl. Oz",
        "price": "$8.99 ($3.00 / Fl Oz)",
        "listPrice": "$10.89 ($3.63 / Fl Oz)",
        "imageUrl": "https://m.media-amazon.com/images/I/316xG7IFNeL._SL160_.jpg",
        "detailPageURL": "https://www.amazon.com/dp/B08K9HFC31",
        "rating": "4.5",
        "totalReviews": "6373",
        "subtitle": "Aveeno",
        "isPrimeEligible": "1"
    },
    {
        "ASIN": "B09PXB8Y5Q",
        "title": "BGS Black Girl Sunscreen SPF 30. Ultra Sheer Moisturizing Sunscreen Lotion. With avocado, cacao, jojoba, carrot juice and sun flower oil. Oxybenzone, Paraben and Fragrance Free. 3 Fl Oz. (1 Pack)",
        "price": "$12.00 ($4.00 / Fl Oz)",
        "listPrice": "$17.70 ($5.90 / Fl Oz)",
        "imageUrl": "https://m.media-amazon.com/images/I/41c1HqB+26L._SL160_.jpg",
        "detailPageURL": "https://www.amazon.com/dp/B09PXB8Y5Q",
        "rating": "4.6",
        "totalReviews": "441",
        "subtitle": "",
        "isPrimeEligible": "0"
    },
    {
        "ASIN": "B004CDQ73K",
        "title": "Thinkbaby SPF 50+ Baby Sunscreen \u2013 Safe, Natural Sunblock for Babies - Water Resistant Sun Cream \u2013 Broad Spectrum UVA/UVB Sun Protection \u2013 Vegan Mineral Sun Lotion, 3 Oz.",
        "price": "$11.50 ($3.83 / Ounce)",
        "listPrice": "$14.49 ($4.83 / Ounce)",
        "imageUrl": "https://m.media-amazon.com/images/I/31kHOU82sLL._SL160_.jpg",
        "detailPageURL": "https://www.amazon.com/dp/B004CDQ73K",
        "rating": "4.7",
        "totalReviews": "19643",
        "subtitle": "THINK",
        "isPrimeEligible": "1"
    },
    {
        "ASIN": "B09DGPRM22",
        "title": "ROUND LAB Birch Juice Moisturizing Sunscreen (SPF50+ PA++++) | A moisturizing sunscreen, No White Cast, Strong UV Protection, Moist Essence Type, Ocean Friendly-Reef Safe (1.69fl.oz)",
        "price": "$18.19 ($10.76 / Ounce)",
        "listPrice": "$28.00 ($16.57 / Ounce)",
        "imageUrl": "https://m.media-amazon.com/images/I/31N7hOk-W1L._SL160_.jpg",
        "detailPageURL": "https://www.amazon.com/dp/B09DGPRM22",
        "rating": "4.5",
        "totalReviews": "709",
        "subtitle": "ROUND LAB",
        "isPrimeEligible": "1"
    },
    {
        "ASIN": "B0B3G73VF5",
        "title": "SKIN1004 Hyalu-CICA Water-fit Sun Serum (Sun Serum, 1 Pack)",
        "price": "$16.00 ($9.47 / Fl Oz)",
        "listPrice": "$17.00 ($10.06 / Fl Oz)",
        "imageUrl": "https://m.media-amazon.com/images/I/21YhhIdC6UL._SL160_.jpg",
        "detailPageURL": "https://www.amazon.com/dp/B0B3G73VF5",
        "rating": "4.7",
        "totalReviews": "1732",
        "subtitle": "SKIN1004",
        "isPrimeEligible": "1"
    },
    {
        "ASIN": "B08L88LZ4V",
        "title": "Neutrogena Clear Face Liquid Lotion Sunscreen for Acne-Prone Skin, Broad Spectrum SPF 50 UVA/UVB Protection, Oil-, Fragrance- & Oxybenzone-Free Facial Sunscreen, Non-Comedogenic, 3 fl. oz",
        "price": "$9.66 ($3.22 / Fl Oz)",
        "listPrice": "$12.19 ($4.06 / Fl Oz)",
        "imageUrl": "https://m.media-amazon.com/images/I/31drpqOBfmL._SL160_.jpg",
        "detailPageURL": "https://www.amazon.com/dp/B08L88LZ4V",
        "rating": "4.6",
        "totalReviews": "21451",
        "subtitle": "Neutrogena",
        "isPrimeEligible": "1"
    },
    {
        "ASIN": "B07YZQTKDJ",
        "title": "Australian Gold Botanical SPF 50 Tinted Sunscreen for Face, Non-Chemical BB Cream & Mineral Sunscreen, Water-Resistant, Matte Finish, For Sensitive Facial Skin, Fair to Light Skin Tones, 3 FL Oz",
        "price": "$18.95 ($6.32 / Ounce)",
        "listPrice": "$25.00 ($8.33 / Ounce)",
        "imageUrl": "https://m.media-amazon.com/images/I/31BNl1MaCIL._SL160_.jpg",
        "detailPageURL": "https://www.amazon.com/dp/B07YZQTKDJ",
        "rating": "4.4",
        "totalReviews": "15761",
        "subtitle": "Australian Gold",
        "isPrimeEligible": "1"
    },
    {
        "ASIN": "B00464EC1E",
        "title": "EltaMD UV Daily Facial Sunscreen with Zinc Oxide, SPF 40 , Helps Hydrate and Decrease Wrinkles, Lightweight Face Moisturizer Sunscreen, Absorbs into Skin Quickly, 1.7 Oz Pump",
        "price": "$36.00 ($21.18 / Ounce)",
        "listPrice": "",
        "imageUrl": "https://m.media-amazon.com/images/I/410FpPrU9+L._SL160_.jpg",
        "detailPageURL": "https://www.amazon.com/dp/B00464EC1E",
        "rating": "4.7",
        "totalReviews": "16830",
        "subtitle": "",
        "isPrimeEligible": "1"
    },
    {
        "ASIN": "B07BJJ5S14",
        "title": "Anessa Perfect UV Sunscreen Skin Care Milk SPF50+/PA++++ 60mL",
        "price": "$30.00 ($15.00 / Fl Oz)",
        "listPrice": "",
        "imageUrl": "https://m.media-amazon.com/images/I/41in10tOr4L._SL160_.jpg",
        "detailPageURL": "https://www.amazon.com/dp/B07BJJ5S14",
        "rating": "4.3",
        "totalReviews": "249",
        "subtitle": "Anessa",
        "isPrimeEligible": "1"
    },
    {
        "ASIN": "B08K9HFC31",
        "title": "Aveeno Protect + Hydrate Moisturizing Body Sunscreen Lotion with Broad Spectrum SPF 60 & Prebiotic Oat, Weightless & Refreshing Feel, Paraben-Free, Oil-Free, Oxybenzone-Free, 3.0 fl. Oz",
        "price": "$8.99 ($3.00 / Fl Oz)",
        "listPrice": "$10.89 ($3.63 / Fl Oz)",
        "imageUrl": "https://m.media-amazon.com/images/I/316xG7IFNeL._SL160_.jpg",
        "detailPageURL": "https://www.amazon.com/dp/B08K9HFC31",
        "rating": "4.5",
        "totalReviews": "6373",
        "subtitle": "Aveeno",
        "isPrimeEligible": "1"
    },
    {
        "ASIN": "B09PXB8Y5Q",
        "title": "BGS Black Girl Sunscreen SPF 30. Ultra Sheer Moisturizing Sunscreen Lotion. With avocado, cacao, jojoba, carrot juice and sun flower oil. Oxybenzone, Paraben and Fragrance Free. 3 Fl Oz. (1 Pack)",
        "price": "$12.00 ($4.00 / Fl Oz)",
        "listPrice": "$17.70 ($5.90 / Fl Oz)",
        "imageUrl": "https://m.media-amazon.com/images/I/41c1HqB+26L._SL160_.jpg",
        "detailPageURL": "https://www.amazon.com/dp/B09PXB8Y5Q",
        "rating": "4.6",
        "totalReviews": "441",
        "subtitle": "",
        "isPrimeEligible": "0"
    },
    {
        "ASIN": "B004CDQ73K",
        "title": "Thinkbaby SPF 50+ Baby Sunscreen \u2013 Safe, Natural Sunblock for Babies - Water Resistant Sun Cream \u2013 Broad Spectrum UVA/UVB Sun Protection \u2013 Vegan Mineral Sun Lotion, 3 Oz.",
        "price": "$11.50 ($3.83 / Ounce)",
        "listPrice": "$14.49 ($4.83 / Ounce)",
        "imageUrl": "https://m.media-amazon.com/images/I/31kHOU82sLL._SL160_.jpg",
        "detailPageURL": "https://www.amazon.com/dp/B004CDQ73K",
        "rating": "4.7",
        "totalReviews": "19643",
        "subtitle": "THINK",
        "isPrimeEligible": "1"
    },
    {
        "ASIN": "B08YFLS2LN",
        "title": "Badger Reef Safe Sunscreen, SPF 40 Sport Mineral Sunscreen, 98% Organic Sunscreen Ingredients, Broad Spectrum, Water Resistant, Zinc Oxide Sunscreen, Unscented, 2.9 fl oz (2 Pack)",
        "price": "$28.99 ($5.00 / Fl Oz)",
        "listPrice": "$35.98 ($6.20 / Fl Oz)",
        "imageUrl": "https://m.media-amazon.com/images/I/51FkViykk4L._SL160_.jpg",
        "detailPageURL": "https://www.amazon.com/dp/B08YFLS2LN",
        "rating": "4.5",
        "totalReviews": "2199",
        "subtitle": "Badger",
        "isPrimeEligible": "1"
    },
    {
        "ASIN": "B0B3G73VF5",
        "title": "SKIN1004 Hyalu-CICA Water-fit Sun Serum (Sun Serum, 1 Pack)",
        "price": "$16.00 ($9.47 / Fl Oz)",
        "listPrice": "$17.00 ($10.06 / Fl Oz)",
        "imageUrl": "https://m.media-amazon.com/images/I/21YhhIdC6UL._SL160_.jpg",
        "detailPageURL": "https://www.amazon.com/dp/B0B3G73VF5",
        "rating": "4.7",
        "totalReviews": "1732",
        "subtitle": "SKIN1004",
        "isPrimeEligible": "1"
    },
    {
        "ASIN": "B08L88LZ4V",
        "title": "Neutrogena Clear Face Liquid Lotion Sunscreen for Acne-Prone Skin, Broad Spectrum SPF 50 UVA/UVB Protection, Oil-, Fragrance- & Oxybenzone-Free Facial Sunscreen, Non-Comedogenic, 3 fl. oz",
        "price": "$9.66 ($3.22 / Fl Oz)",
        "listPrice": "$12.19 ($4.06 / Fl Oz)",
        "imageUrl": "https://m.media-amazon.com/images/I/31drpqOBfmL._SL160_.jpg",
        "detailPageURL": "https://www.amazon.com/dp/B08L88LZ4V",
        "rating": "4.6",
        "totalReviews": "21451",
        "subtitle": "Neutrogena",
        "isPrimeEligible": "1"
    },
    {
        "ASIN": "B07YZQTKDJ",
        "title": "Australian Gold Botanical SPF 50 Tinted Sunscreen for Face, Non-Chemical BB Cream & Mineral Sunscreen, Water-Resistant, Matte Finish, For Sensitive Facial Skin, Fair to Light Skin Tones, 3 FL Oz",
        "price": "$18.95 ($6.32 / Ounce)",
        "listPrice": "$25.00 ($8.33 / Ounce)",
        "imageUrl": "https://m.media-amazon.com/images/I/31BNl1MaCIL._SL160_.jpg",
        "detailPageURL": "https://www.amazon.com/dp/B07YZQTKDJ",
        "rating": "4.4",
        "totalReviews": "15761",
        "subtitle": "Australian Gold",
        "isPrimeEligible": "1"
    },
    {
        "ASIN": "B00464EC1E",
        "title": "EltaMD UV Daily Facial Sunscreen with Zinc Oxide, SPF 40 , Helps Hydrate and Decrease Wrinkles, Lightweight Face Moisturizer Sunscreen, Absorbs into Skin Quickly, 1.7 Oz Pump",
        "price": "$36.00 ($21.18 / Ounce)",
        "listPrice": "",
        "imageUrl": "https://m.media-amazon.com/images/I/410FpPrU9+L._SL160_.jpg",
        "detailPageURL": "https://www.amazon.com/dp/B00464EC1E",
        "rating": "4.7",
        "totalReviews": "16830",
        "subtitle": "",
        "isPrimeEligible": "1"
    },
    {
        "ASIN": "B07BJJ5S14",
        "title": "Anessa Perfect UV Sunscreen Skin Care Milk SPF50+/PA++++ 60mL",
        "price": "$30.00 ($15.00 / Fl Oz)",
        "listPrice": "",
        "imageUrl": "https://m.media-amazon.com/images/I/41in10tOr4L._SL160_.jpg",
        "detailPageURL": "https://www.amazon.com/dp/B07BJJ5S14",
        "rating": "4.3",
        "totalReviews": "249",
        "subtitle": "Anessa",
        "isPrimeEligible": "1"
    },
    {
        "ASIN": "B08K9HFC31",
        "title": "Aveeno Protect + Hydrate Moisturizing Body Sunscreen Lotion with Broad Spectrum SPF 60 & Prebiotic Oat, Weightless & Refreshing Feel, Paraben-Free, Oil-Free, Oxybenzone-Free, 3.0 fl. Oz",
        "price": "$8.99 ($3.00 / Fl Oz)",
        "listPrice": "$10.89 ($3.63 / Fl Oz)",
        "imageUrl": "https://m.media-amazon.com/images/I/316xG7IFNeL._SL160_.jpg",
        "detailPageURL": "https://www.amazon.com/dp/B08K9HFC31",
        "rating": "4.5",
        "totalReviews": "6373",
        "subtitle": "Aveeno",
        "isPrimeEligible": "1"
    },
    {
        "ASIN": "B09PXB8Y5Q",
        "title": "BGS Black Girl Sunscreen SPF 30. Ultra Sheer Moisturizing Sunscreen Lotion. With avocado, cacao, jojoba, carrot juice and sun flower oil. Oxybenzone, Paraben and Fragrance Free. 3 Fl Oz. (1 Pack)",
        "price": "$12.00 ($4.00 / Fl Oz)",
        "listPrice": "$17.70 ($5.90 / Fl Oz)",
        "imageUrl": "https://m.media-amazon.com/images/I/41c1HqB+26L._SL160_.jpg",
        "detailPageURL": "https://www.amazon.com/dp/B09PXB8Y5Q",
        "rating": "4.6",
        "totalReviews": "441",
        "subtitle": "",
        "isPrimeEligible": "0"
    },
    {
        "ASIN": "B004CDQ73K",
        "title": "Thinkbaby SPF 50+ Baby Sunscreen \u2013 Safe, Natural Sunblock for Babies - Water Resistant Sun Cream \u2013 Broad Spectrum UVA/UVB Sun Protection \u2013 Vegan Mineral Sun Lotion, 3 Oz.",
        "price": "$11.50 ($3.83 / Ounce)",
        "listPrice": "$14.49 ($4.83 / Ounce)",
        "imageUrl": "https://m.media-amazon.com/images/I/31kHOU82sLL._SL160_.jpg",
        "detailPageURL": "https://www.amazon.com/dp/B004CDQ73K",
        "rating": "4.7",
        "totalReviews": "19643",
        "subtitle": "THINK",
        "isPrimeEligible": "1"
    },
    {
        "ASIN": "B08YFLS2LN",
        "title": "Badger Reef Safe Sunscreen, SPF 40 Sport Mineral Sunscreen, 98% Organic Sunscreen Ingredients, Broad Spectrum, Water Resistant, Zinc Oxide Sunscreen, Unscented, 2.9 fl oz (2 Pack)",
        "price": "$28.99 ($5.00 / Fl Oz)",
        "listPrice": "$35.98 ($6.20 / Fl Oz)",
        "imageUrl": "https://m.media-amazon.com/images/I/51FkViykk4L._SL160_.jpg",
        "detailPageURL": "https://www.amazon.com/dp/B08YFLS2LN",
        "rating": "4.5",
        "totalReviews": "2199",
        "subtitle": "Badger",
        "isPrimeEligible": "1"
    },
    {
        "ASIN": "B008VK3F94",
        "title": "EltaMD UV Sport Body Sunscreen, SPF 50 Sport Sunscreen Lotion, Sweat Resistant and Water Resistant up to 80 Minutes, Formulated with Zinc Oxide, Oil Free, Full Body Sunscreen, 3 oz Tube",
        "price": "$30.00 ($10.00 / Ounce)",
        "listPrice": "",
        "imageUrl": "https://m.media-amazon.com/images/I/31hS0-Rg4tL._SL160_.jpg",
        "detailPageURL": "https://www.amazon.com/dp/B008VK3F94",
        "rating": "4.7",
        "totalReviews": "11738",
        "subtitle": "",
        "isPrimeEligible": "1"
    },
    {
        "ASIN": "B08L88LZ4V",
        "title": "Neutrogena Clear Face Liquid Lotion Sunscreen for Acne-Prone Skin, Broad Spectrum SPF 50 UVA/UVB Protection, Oil-, Fragrance- & Oxybenzone-Free Facial Sunscreen, Non-Comedogenic, 3 fl. oz",
        "price": "$9.66 ($3.22 / Fl Oz)",
        "listPrice": "$12.19 ($4.06 / Fl Oz)",
        "imageUrl": "https://m.media-amazon.com/images/I/31drpqOBfmL._SL160_.jpg",
        "detailPageURL": "https://www.amazon.com/dp/B08L88LZ4V",
        "rating": "4.6",
        "totalReviews": "21451",
        "subtitle": "Neutrogena",
        "isPrimeEligible": "1"
    },
    {
        "ASIN": "B07YZQTKDJ",
        "title": "Australian Gold Botanical SPF 50 Tinted Sunscreen for Face, Non-Chemical BB Cream & Mineral Sunscreen, Water-Resistant, Matte Finish, For Sensitive Facial Skin, Fair to Light Skin Tones, 3 FL Oz",
        "price": "$18.95 ($6.32 / Ounce)",
        "listPrice": "$25.00 ($8.33 / Ounce)",
        "imageUrl": "https://m.media-amazon.com/images/I/31BNl1MaCIL._SL160_.jpg",
        "detailPageURL": "https://www.amazon.com/dp/B07YZQTKDJ",
        "rating": "4.4",
        "totalReviews": "15761",
        "subtitle": "Australian Gold",
        "isPrimeEligible": "1"
    },
    {
        "ASIN": "B00464EC1E",
        "title": "EltaMD UV Daily Facial Sunscreen with Zinc Oxide, SPF 40 , Helps Hydrate and Decrease Wrinkles, Lightweight Face Moisturizer Sunscreen, Absorbs into Skin Quickly, 1.7 Oz Pump",
        "price": "$36.00 ($21.18 / Ounce)",
        "listPrice": "",
        "imageUrl": "https://m.media-amazon.com/images/I/410FpPrU9+L._SL160_.jpg",
        "detailPageURL": "https://www.amazon.com/dp/B00464EC1E",
        "rating": "4.7",
        "totalReviews": "16830",
        "subtitle": "",
        "isPrimeEligible": "1"
    },
    {
        "ASIN": "B07BJJ5S14",
        "title": "Anessa Perfect UV Sunscreen Skin Care Milk SPF50+/PA++++ 60mL",
        "price": "$30.00 ($15.00 / Fl Oz)",
        "listPrice": "",
        "imageUrl": "https://m.media-amazon.com/images/I/41in10tOr4L._SL160_.jpg",
        "detailPageURL": "https://www.amazon.com/dp/B07BJJ5S14",
        "rating": "4.3",
        "totalReviews": "249",
        "subtitle": "Anessa",
        "isPrimeEligible": "1"
    },
    {
        "ASIN": "B08K9HFC31",
        "title": "Aveeno Protect + Hydrate Moisturizing Body Sunscreen Lotion with Broad Spectrum SPF 60 & Prebiotic Oat, Weightless & Refreshing Feel, Paraben-Free, Oil-Free, Oxybenzone-Free, 3.0 fl. Oz",
        "price": "$8.99 ($3.00 / Fl Oz)",
        "listPrice": "$10.89 ($3.63 / Fl Oz)",
        "imageUrl": "https://m.media-amazon.com/images/I/316xG7IFNeL._SL160_.jpg",
        "detailPageURL": "https://www.amazon.com/dp/B08K9HFC31",
        "rating": "4.5",
        "totalReviews": "6373",
        "subtitle": "Aveeno",
        "isPrimeEligible": "1"
    },
    {
        "ASIN": "B09PXB8Y5Q",
        "title": "BGS Black Girl Sunscreen SPF 30. Ultra Sheer Moisturizing Sunscreen Lotion. With avocado, cacao, jojoba, carrot juice and sun flower oil. Oxybenzone, Paraben and Fragrance Free. 3 Fl Oz. (1 Pack)",
        "price": "$12.00 ($4.00 / Fl Oz)",
        "listPrice": "$17.70 ($5.90 / Fl Oz)",
        "imageUrl": "https://m.media-amazon.com/images/I/41c1HqB+26L._SL160_.jpg",
        "detailPageURL": "https://www.amazon.com/dp/B09PXB8Y5Q",
        "rating": "4.6",
        "totalReviews": "441",
        "subtitle": "",
        "isPrimeEligible": "0"
    },
    {
        "ASIN": "B004CDQ73K",
        "title": "Thinkbaby SPF 50+ Baby Sunscreen \u2013 Safe, Natural Sunblock for Babies - Water Resistant Sun Cream \u2013 Broad Spectrum UVA/UVB Sun Protection \u2013 Vegan Mineral Sun Lotion, 3 Oz.",
        "price": "$11.50 ($3.83 / Ounce)",
        "listPrice": "$14.49 ($4.83 / Ounce)",
        "imageUrl": "https://m.media-amazon.com/images/I/31kHOU82sLL._SL160_.jpg",
        "detailPageURL": "https://www.amazon.com/dp/B004CDQ73K",
        "rating": "4.7",
        "totalReviews": "19643",
        "subtitle": "THINK",
        "isPrimeEligible": "1"
    },
    {
        "ASIN": "B08YFLS2LN",
        "title": "Badger Reef Safe Sunscreen, SPF 40 Sport Mineral Sunscreen, 98% Organic Sunscreen Ingredients, Broad Spectrum, Water Resistant, Zinc Oxide Sunscreen, Unscented, 2.9 fl oz (2 Pack)",
        "price": "$28.99 ($5.00 / Fl Oz)",
        "listPrice": "$35.98 ($6.20 / Fl Oz)",
        "imageUrl": "https://m.media-amazon.com/images/I/51FkViykk4L._SL160_.jpg",
        "detailPageURL": "https://www.amazon.com/dp/B08YFLS2LN",
        "rating": "4.5",
        "totalReviews": "2199",
        "subtitle": "Badger",
        "isPrimeEligible": "1"
    },
    {
        "ASIN": "B008VK3F94",
        "title": "EltaMD UV Sport Body Sunscreen, SPF 50 Sport Sunscreen Lotion, Sweat Resistant and Water Resistant up to 80 Minutes, Formulated with Zinc Oxide, Oil Free, Full Body Sunscreen, 3 oz Tube",
        "price": "$30.00 ($10.00 / Ounce)",
        "listPrice": "",
        "imageUrl": "https://m.media-amazon.com/images/I/31hS0-Rg4tL._SL160_.jpg",
        "detailPageURL": "https://www.amazon.com/dp/B008VK3F94",
        "rating": "4.7",
        "totalReviews": "11738",
        "subtitle": "",
        "isPrimeEligible": "1"
    },
    {
        "ASIN": "B01MY051NZ",
        "title": "Hawaiian Tropic Everyday Active Lotion Sunscreen SPF 50, 8oz | Sunblock, Broad Spectrum & Oxybenzone Free Sunscreen, Water Resistant",
        "price": "$9.76 ($1.22 / Fl Oz)",
        "listPrice": "$13.99 ($1.75 / Fl Oz)",
        "imageUrl": "https://m.media-amazon.com/images/I/31jTeLLdt7L._SL160_.jpg",
        "detailPageURL": "https://www.amazon.com/dp/B01MY051NZ",
        "rating": "4.8",
        "totalReviews": "5815",
        "subtitle": "Hawaiian Tropic",
        "isPrimeEligible": "1"
    },
    {
        "ASIN": "B07YZQTKDJ",
        "title": "Australian Gold Botanical SPF 50 Tinted Sunscreen for Face, Non-Chemical BB Cream & Mineral Sunscreen, Water-Resistant, Matte Finish, For Sensitive Facial Skin, Fair to Light Skin Tones, 3 FL Oz",
        "price": "$18.95 ($6.32 / Ounce)",
        "listPrice": "$25.00 ($8.33 / Ounce)",
        "imageUrl": "https://m.media-amazon.com/images/I/31BNl1MaCIL._SL160_.jpg",
        "detailPageURL": "https://www.amazon.com/dp/B07YZQTKDJ",
        "rating": "4.4",
        "totalReviews": "15761",
        "subtitle": "Australian Gold",
        "isPrimeEligible": "1"
    },
    {
        "ASIN": "B00464EC1E",
        "title": "EltaMD UV Daily Facial Sunscreen with Zinc Oxide, SPF 40 , Helps Hydrate and Decrease Wrinkles, Lightweight Face Moisturizer Sunscreen, Absorbs into Skin Quickly, 1.7 Oz Pump",
        "price": "$36.00 ($21.18 / Ounce)",
        "listPrice": "",
        "imageUrl": "https://m.media-amazon.com/images/I/410FpPrU9+L._SL160_.jpg",
        "detailPageURL": "https://www.amazon.com/dp/B00464EC1E",
        "rating": "4.7",
        "totalReviews": "16830",
        "subtitle": "",
        "isPrimeEligible": "1"
    },
    {
        "ASIN": "B07BJJ5S14",
        "title": "Anessa Perfect UV Sunscreen Skin Care Milk SPF50+/PA++++ 60mL",
        "price": "$30.00 ($15.00 / Fl Oz)",
        "listPrice": "",
        "imageUrl": "https://m.media-amazon.com/images/I/41in10tOr4L._SL160_.jpg",
        "detailPageURL": "https://www.amazon.com/dp/B07BJJ5S14",
        "rating": "4.3",
        "totalReviews": "249",
        "subtitle": "Anessa",
        "isPrimeEligible": "1"
    },
    {
        "ASIN": "B08K9HFC31",
        "title": "Aveeno Protect + Hydrate Moisturizing Body Sunscreen Lotion with Broad Spectrum SPF 60 & Prebiotic Oat, Weightless & Refreshing Feel, Paraben-Free, Oil-Free, Oxybenzone-Free, 3.0 fl. Oz",
        "price": "$8.99 ($3.00 / Fl Oz)",
        "listPrice": "$10.89 ($3.63 / Fl Oz)",
        "imageUrl": "https://m.media-amazon.com/images/I/316xG7IFNeL._SL160_.jpg",
        "detailPageURL": "https://www.amazon.com/dp/B08K9HFC31",
        "rating": "4.5",
        "totalReviews": "6373",
        "subtitle": "Aveeno",
        "isPrimeEligible": "1"
    },
    {
        "ASIN": "B09PXB8Y5Q",
        "title": "BGS Black Girl Sunscreen SPF 30. Ultra Sheer Moisturizing Sunscreen Lotion. With avocado, cacao, jojoba, carrot juice and sun flower oil. Oxybenzone, Paraben and Fragrance Free. 3 Fl Oz. (1 Pack)",
        "price": "$12.00 ($4.00 / Fl Oz)",
        "listPrice": "$17.70 ($5.90 / Fl Oz)",
        "imageUrl": "https://m.media-amazon.com/images/I/41c1HqB+26L._SL160_.jpg",
        "detailPageURL": "https://www.amazon.com/dp/B09PXB8Y5Q",
        "rating": "4.6",
        "totalReviews": "441",
        "subtitle": "",
        "isPrimeEligible": "0"
    },
    {
        "ASIN": "B004CDQ73K",
        "title": "Thinkbaby SPF 50+ Baby Sunscreen \u2013 Safe, Natural Sunblock for Babies - Water Resistant Sun Cream \u2013 Broad Spectrum UVA/UVB Sun Protection \u2013 Vegan Mineral Sun Lotion, 3 Oz.",
        "price": "$11.50 ($3.83 / Ounce)",
        "listPrice": "$14.49 ($4.83 / Ounce)",
        "imageUrl": "https://m.media-amazon.com/images/I/31kHOU82sLL._SL160_.jpg",
        "detailPageURL": "https://www.amazon.com/dp/B004CDQ73K",
        "rating": "4.7",
        "totalReviews": "19643",
        "subtitle": "THINK",
        "isPrimeEligible": "1"
    },
    {
        "ASIN": "B08YFLS2LN",
        "title": "Badger Reef Safe Sunscreen, SPF 40 Sport Mineral Sunscreen, 98% Organic Sunscreen Ingredients, Broad Spectrum, Water Resistant, Zinc Oxide Sunscreen, Unscented, 2.9 fl oz (2 Pack)",
        "price": "$28.99 ($5.00 / Fl Oz)",
        "listPrice": "$35.98 ($6.20 / Fl Oz)",
        "imageUrl": "https://m.media-amazon.com/images/I/51FkViykk4L._SL160_.jpg",
        "detailPageURL": "https://www.amazon.com/dp/B08YFLS2LN",
        "rating": "4.5",
        "totalReviews": "2199",
        "subtitle": "Badger",
        "isPrimeEligible": "1"
    },
    {
        "ASIN": "B008VK3F94",
        "title": "EltaMD UV Sport Body Sunscreen, SPF 50 Sport Sunscreen Lotion, Sweat Resistant and Water Resistant up to 80 Minutes, Formulated with Zinc Oxide, Oil Free, Full Body Sunscreen, 3 oz Tube",
        "price": "$30.00 ($10.00 / Ounce)",
        "listPrice": "",
        "imageUrl": "https://m.media-amazon.com/images/I/31hS0-Rg4tL._SL160_.jpg",
        "detailPageURL": "https://www.amazon.com/dp/B008VK3F94",
        "rating": "4.7",
        "totalReviews": "11738",
        "subtitle": "",
        "isPrimeEligible": "1"
    },
    {
        "ASIN": "B01MY051NZ",
        "title": "Hawaiian Tropic Everyday Active Lotion Sunscreen SPF 50, 8oz | Sunblock, Broad Spectrum & Oxybenzone Free Sunscreen, Water Resistant",
        "price": "$9.76 ($1.22 / Fl Oz)",
        "listPrice": "$13.99 ($1.75 / Fl Oz)",
        "imageUrl": "https://m.media-amazon.com/images/I/31jTeLLdt7L._SL160_.jpg",
        "detailPageURL": "https://www.amazon.com/dp/B01MY051NZ",
        "rating": "4.8",
        "totalReviews": "5815",
        "subtitle": "Hawaiian Tropic",
        "isPrimeEligible": "1"
    },
    {
        "ASIN": "B07KLY4RYG",
        "title": "CeraVe 100% Mineral Sunscreen SPF 50 | Face Sunscreen with Zinc Oxide & Titanium Dioxide for Sensitive Skin | With Hyaluronic Acid, Niacinamide, and Ceramides | 2.5 oz",
        "price": "$13.97 ($5.59 / Fl Oz)",
        "listPrice": "$14.99 ($6.00 / Fl Oz)",
        "imageUrl": "https://m.media-amazon.com/images/I/51-3uqKYqLL._SL160_.jpg",
        "detailPageURL": "https://www.amazon.com/dp/B07KLY4RYG",
        "rating": "3.9",
        "totalReviews": "17159",
        "subtitle": "CeraVe",
        "isPrimeEligible": "1"
    },
    {
        "ASIN": "B00464EC1E",
        "title": "EltaMD UV Daily Facial Sunscreen with Zinc Oxide, SPF 40 , Helps Hydrate and Decrease Wrinkles, Lightweight Face Moisturizer Sunscreen, Absorbs into Skin Quickly, 1.7 Oz Pump",
        "price": "$36.00 ($21.18 / Ounce)",
        "listPrice": "",
        "imageUrl": "https://m.media-amazon.com/images/I/410FpPrU9+L._SL160_.jpg",
        "detailPageURL": "https://www.amazon.com/dp/B00464EC1E",
        "rating": "4.7",
        "totalReviews": "16830",
        "subtitle": "",
        "isPrimeEligible": "1"
    },
    {
        "ASIN": "B07BJJ5S14",
        "title": "Anessa Perfect UV Sunscreen Skin Care Milk SPF50+/PA++++ 60mL",
        "price": "$30.00 ($15.00 / Fl Oz)",
        "listPrice": "",
        "imageUrl": "https://m.media-amazon.com/images/I/41in10tOr4L._SL160_.jpg",
        "detailPageURL": "https://www.amazon.com/dp/B07BJJ5S14",
        "rating": "4.3",
        "totalReviews": "249",
        "subtitle": "Anessa",
        "isPrimeEligible": "1"
    },
    {
        "ASIN": "B08K9HFC31",
        "title": "Aveeno Protect + Hydrate Moisturizing Body Sunscreen Lotion with Broad Spectrum SPF 60 & Prebiotic Oat, Weightless & Refreshing Feel, Paraben-Free, Oil-Free, Oxybenzone-Free, 3.0 fl. Oz",
        "price": "$8.99 ($3.00 / Fl Oz)",
        "listPrice": "$10.89 ($3.63 / Fl Oz)",
        "imageUrl": "https://m.media-amazon.com/images/I/316xG7IFNeL._SL160_.jpg",
        "detailPageURL": "https://www.amazon.com/dp/B08K9HFC31",
        "rating": "4.5",
        "totalReviews": "6373",
        "subtitle": "Aveeno",
        "isPrimeEligible": "1"
    },
    {
        "ASIN": "B09PXB8Y5Q",
        "title": "BGS Black Girl Sunscreen SPF 30. Ultra Sheer Moisturizing Sunscreen Lotion. With avocado, cacao, jojoba, carrot juice and sun flower oil. Oxybenzone, Paraben and Fragrance Free. 3 Fl Oz. (1 Pack)",
        "price": "$12.00 ($4.00 / Fl Oz)",
        "listPrice": "$17.70 ($5.90 / Fl Oz)",
        "imageUrl": "https://m.media-amazon.com/images/I/41c1HqB+26L._SL160_.jpg",
        "detailPageURL": "https://www.amazon.com/dp/B09PXB8Y5Q",
        "rating": "4.6",
        "totalReviews": "441",
        "subtitle": "",
        "isPrimeEligible": "0"
    },
    {
        "ASIN": "B004CDQ73K",
        "title": "Thinkbaby SPF 50+ Baby Sunscreen \u2013 Safe, Natural Sunblock for Babies - Water Resistant Sun Cream \u2013 Broad Spectrum UVA/UVB Sun Protection \u2013 Vegan Mineral Sun Lotion, 3 Oz.",
        "price": "$11.50 ($3.83 / Ounce)",
        "listPrice": "$14.49 ($4.83 / Ounce)",
        "imageUrl": "https://m.media-amazon.com/images/I/31kHOU82sLL._SL160_.jpg",
        "detailPageURL": "https://www.amazon.com/dp/B004CDQ73K",
        "rating": "4.7",
        "totalReviews": "19643",
        "subtitle": "THINK",
        "isPrimeEligible": "1"
    },
    {
        "ASIN": "B08YFLS2LN",
        "title": "Badger Reef Safe Sunscreen, SPF 40 Sport Mineral Sunscreen, 98% Organic Sunscreen Ingredients, Broad Spectrum, Water Resistant, Zinc Oxide Sunscreen, Unscented, 2.9 fl oz (2 Pack)",
        "price": "$28.99 ($5.00 / Fl Oz)",
        "listPrice": "$35.98 ($6.20 / Fl Oz)",
        "imageUrl": "https://m.media-amazon.com/images/I/51FkViykk4L._SL160_.jpg",
        "detailPageURL": "https://www.amazon.com/dp/B08YFLS2LN",
        "rating": "4.5",
        "totalReviews": "2199",
        "subtitle": "Badger",
        "isPrimeEligible": "1"
    },
    {
        "ASIN": "B008VK3F94",
        "title": "EltaMD UV Sport Body Sunscreen, SPF 50 Sport Sunscreen Lotion, Sweat Resistant and Water Resistant up to 80 Minutes, Formulated with Zinc Oxide, Oil Free, Full Body Sunscreen, 3 oz Tube",
        "price": "$30.00 ($10.00 / Ounce)",
        "listPrice": "",
        "imageUrl": "https://m.media-amazon.com/images/I/31hS0-Rg4tL._SL160_.jpg",
        "detailPageURL": "https://www.amazon.com/dp/B008VK3F94",
        "rating": "4.7",
        "totalReviews": "11738",
        "subtitle": "",
        "isPrimeEligible": "1"
    },
    {
        "ASIN": "B01MY051NZ",
        "title": "Hawaiian Tropic Everyday Active Lotion Sunscreen SPF 50, 8oz | Sunblock, Broad Spectrum & Oxybenzone Free Sunscreen, Water Resistant",
        "price": "$9.76 ($1.22 / Fl Oz)",
        "listPrice": "$13.99 ($1.75 / Fl Oz)",
        "imageUrl": "https://m.media-amazon.com/images/I/31jTeLLdt7L._SL160_.jpg",
        "detailPageURL": "https://www.amazon.com/dp/B01MY051NZ",
        "rating": "4.8",
        "totalReviews": "5815",
        "subtitle": "Hawaiian Tropic",
        "isPrimeEligible": "1"
    },
    {
        "ASIN": "B07KLY4RYG",
        "title": "CeraVe 100% Mineral Sunscreen SPF 50 | Face Sunscreen with Zinc Oxide & Titanium Dioxide for Sensitive Skin | With Hyaluronic Acid, Niacinamide, and Ceramides | 2.5 oz",
        "price": "$13.97 ($5.59 / Fl Oz)",
        "listPrice": "$14.99 ($6.00 / Fl Oz)",
        "imageUrl": "https://m.media-amazon.com/images/I/51-3uqKYqLL._SL160_.jpg",
        "detailPageURL": "https://www.amazon.com/dp/B07KLY4RYG",
        "rating": "3.9",
        "totalReviews": "17159",
        "subtitle": "CeraVe",
        "isPrimeEligible": "1"
    },
    {
        "ASIN": "B087Q3D6QM",
        "title": "Blanc Doux Oligo Hyaluronic Acid UVA UVB Sun Essence Airy Touch 1.35 Oz SPF 50+ PA++++ Reef-Safe Makeup Base Sunscreen No Greasiness Stickiness Whitecast Sunblock Vegan Sensitive Dry Acne-Prone Skin",
        "price": "$18.99 ($18.99 / Count)",
        "listPrice": "",
        "imageUrl": "https://m.media-amazon.com/images/I/41WJZ-+VJGL._SL160_.jpg",
        "detailPageURL": "https://www.amazon.com/dp/B087Q3D6QM",
        "rating": "4.6",
        "totalReviews": "96",
        "subtitle": "THE LAB BY BLANC DOUX",
        "isPrimeEligible": "1"
    },
    {
        "ASIN": "B08K9HFC31",
        "title": "Aveeno Protect + Hydrate Moisturizing Body Sunscreen Lotion with Broad Spectrum SPF 60 & Prebiotic Oat, Weightless & Refreshing Feel, Paraben-Free, Oil-Free, Oxybenzone-Free, 3.0 fl. Oz",
        "price": "$8.99 ($3.00 / Fl Oz)",
        "listPrice": "$10.89 ($3.63 / Fl Oz)",
        "imageUrl": "https://m.media-amazon.com/images/I/316xG7IFNeL._SL160_.jpg",
        "detailPageURL": "https://www.amazon.com/dp/B08K9HFC31",
        "rating": "4.5",
        "totalReviews": "6373",
        "subtitle": "Aveeno",
        "isPrimeEligible": "1"
    },
    {
        "ASIN": "B08YFLS2LN",
        "title": "Badger Reef Safe Sunscreen, SPF 40 Sport Mineral Sunscreen, 98% Organic Sunscreen Ingredients, Broad Spectrum, Water Resistant, Zinc Oxide Sunscreen, Unscented, 2.9 fl oz (2 Pack)",
        "price": "$28.99 ($5.00 / Fl Oz)",
        "listPrice": "$35.98 ($6.20 / Fl Oz)",
        "imageUrl": "https://m.media-amazon.com/images/I/51FkViykk4L._SL160_.jpg",
        "detailPageURL": "https://www.amazon.com/dp/B08YFLS2LN",
        "rating": "4.5",
        "totalReviews": "2199",
        "subtitle": "Badger",
        "isPrimeEligible": "1"
    },
    {
        "ASIN": "B00464EC1E",
        "title": "EltaMD UV Daily Facial Sunscreen with Zinc Oxide, SPF 40 , Helps Hydrate and Decrease Wrinkles, Lightweight Face Moisturizer Sunscreen, Absorbs into Skin Quickly, 1.7 Oz Pump",
        "price": "$36.00 ($21.18 / Ounce)",
        "listPrice": "",
        "imageUrl": "https://m.media-amazon.com/images/I/410FpPrU9+L._SL160_.jpg",
        "detailPageURL": "https://www.amazon.com/dp/B00464EC1E",
        "rating": "4.7",
        "totalReviews": "16830",
        "subtitle": "",
        "isPrimeEligible": "1"
    },
    {
        "ASIN": "B09PXB8Y5Q",
        "title": "BGS Black Girl Sunscreen SPF 30. Ultra Sheer Moisturizing Sunscreen Lotion. With avocado, cacao, jojoba, carrot juice and sun flower oil. Oxybenzone, Paraben and Fragrance Free. 3 Fl Oz. (1 Pack)",
        "price": "$15.99 ($5.33 / Fl Oz)",
        "listPrice": "$17.70 ($5.90 / Fl Oz)",
        "imageUrl": "https://m.media-amazon.com/images/I/41c1HqB+26L._SL160_.jpg",
        "detailPageURL": "https://www.amazon.com/dp/B09PXB8Y5Q",
        "rating": "4.6",
        "totalReviews": "441",
        "subtitle": "",
        "isPrimeEligible": "0"
    },
    {
        "ASIN": "B087Q3D6QM",
        "title": "Blanc Doux Oligo Hyaluronic Acid UVA UVB Sun Essence Airy Touch 1.35 Oz SPF 50+ PA++++ Reef-Safe Makeup Base Sunscreen No Greasiness Stickiness Whitecast Sunblock Vegan Sensitive Dry Acne-Prone Skin",
        "price": "$18.99 ($18.99 / Count)",
        "listPrice": "",
        "imageUrl": "https://m.media-amazon.com/images/I/41WJZ-+VJGL._SL160_.jpg",
        "detailPageURL": "https://www.amazon.com/dp/B087Q3D6QM",
        "rating": "4.6",
        "totalReviews": "96",
        "subtitle": "THE LAB BY BLANC DOUX",
        "isPrimeEligible": "1"
    },
    {
        "ASIN": "B00WTHV0KQ",
        "title": "Sun Bum Original SPF 50 Sunscreen Lotion | Vegan and Hawaii 104 Reef Act Compliant (Octinoxate & Oxybenzone Free) Broad Spectrum Moisturizing UVA/UVB Sunscreen with Vitamin E | 6 oz",
        "price": "$11.00 ($1.83 / Fl Oz)",
        "listPrice": "$14.99 ($2.50 / Fl Oz)",
        "imageUrl": "https://m.media-amazon.com/images/I/41hJ9a2jnmS._SL160_.jpg",
        "detailPageURL": "https://www.amazon.com/dp/B00WTHV0KQ",
        "rating": "4.8",
        "totalReviews": "8010",
        "subtitle": "Sun Bum",
        "isPrimeEligible": "1"
    },
    {
        "ASIN": "B0BHBNSYF1",
        "title": "Alba Botanica Sunscreen for Face and Body, Hawaiian Coconut Sunscreen Spray, Broad Spectrum SPF 50 Sunscreen, Water Resistant and Biodegradable, 6 fl. oz. Bottle (Pack of 2)",
        "price": "$20.96 ($1.75 / Ounce)",
        "listPrice": "",
        "imageUrl": "https://m.media-amazon.com/images/I/41FVqhXC93L._SL160_.jpg",
        "detailPageURL": "https://www.amazon.com/dp/B0BHBNSYF1",
        "rating": "3.5",
        "totalReviews": "512",
        "subtitle": "Alba Botanica",
        "isPrimeEligible": "1"
    },
    {
        "ASIN": "B079YXK3L8",
        "title": "EltaMD UV Elements Tinted Sunscreen Moisturizer, SPF 44 Tinted SPF Moisturizer for Face and Body, Lightweight Oil Free Formula, Great for Using Under Makeup and Sensitive Skin Types, 2.0 oz Tube",
        "price": "$40.00 ($20.00 / Ounce)",
        "listPrice": "",
        "imageUrl": "https://m.media-amazon.com/images/I/41xRAhWL9mL._SL160_.jpg",
        "detailPageURL": "https://www.amazon.com/dp/B079YXK3L8",
        "rating": "4.6",
        "totalReviews": "12561",
        "subtitle": "",
        "isPrimeEligible": "1"
    },
    {
        "ASIN": "B07KLY4RYG",
        "title": "CeraVe 100% Mineral Sunscreen SPF 50 | Face Sunscreen with Zinc Oxide & Titanium Dioxide for Sensitive Skin | With Hyaluronic Acid, Niacinamide, and Ceramides | 2.5 oz",
        "price": "$13.97 ($5.59 / Fl Oz)",
        "listPrice": "$14.99 ($6.00 / Fl Oz)",
        "imageUrl": "https://m.media-amazon.com/images/I/51-3uqKYqLL._SL160_.jpg",
        "detailPageURL": "https://www.amazon.com/dp/B07KLY4RYG",
        "rating": "3.9",
        "totalReviews": "17159",
        "subtitle": "CeraVe",
        "isPrimeEligible": "1"
    },
    {
        "ASIN": "B087H5FFGK",
        "title": "Supergoop! PLAY Everyday Lotion SPF 50 18.0 oz/ 532 mL",
        "price": "$68.00 ($3.78 / Fl Oz)",
        "listPrice": "",
        "imageUrl": "https://m.media-amazon.com/images/I/31ZMoYhtPDL._SL160_.jpg",
        "detailPageURL": "https://www.amazon.com/dp/B087H5FFGK",
        "rating": "4.6",
        "totalReviews": "7457",
        "subtitle": "Supergoop!",
        "isPrimeEligible": "1"
    },
    {
        "ASIN": "B08YFLS2LN",
        "title": "Badger Reef Safe Sunscreen, SPF 40 Sport Mineral Sunscreen, 98% Organic Sunscreen Ingredients, Broad Spectrum, Water Resistant, Zinc Oxide Sunscreen, Unscented, 2.9 fl oz (2 Pack)",
        "price": "$28.99 ($5.00 / Fl Oz)",
        "listPrice": "$35.98 ($6.20 / Fl Oz)",
        "imageUrl": "https://m.media-amazon.com/images/I/51FkViykk4L._SL160_.jpg",
        "detailPageURL": "https://www.amazon.com/dp/B08YFLS2LN",
        "rating": "4.5",
        "totalReviews": "2199",
        "subtitle": "Badger",
        "isPrimeEligible": "1"
    },
    {
        "ASIN": "B00464EC1E",
        "title": "EltaMD UV Daily Facial Sunscreen with Zinc Oxide, SPF 40 , Helps Hydrate and Decrease Wrinkles, Lightweight Face Moisturizer Sunscreen, Absorbs into Skin Quickly, 1.7 Oz Pump",
        "price": "$36.00 ($21.18 / Ounce)",
        "listPrice": "",
        "imageUrl": "https://m.media-amazon.com/images/I/410FpPrU9+L._SL160_.jpg",
        "detailPageURL": "https://www.amazon.com/dp/B00464EC1E",
        "rating": "4.7",
        "totalReviews": "16830",
        "subtitle": "",
        "isPrimeEligible": "1"
    },
    {
        "ASIN": "B09PXB8Y5Q",
        "title": "BGS Black Girl Sunscreen SPF 30. Ultra Sheer Moisturizing Sunscreen Lotion. With avocado, cacao, jojoba, carrot juice and sun flower oil. Oxybenzone, Paraben and Fragrance Free. 3 Fl Oz. (1 Pack)",
        "price": "$15.99 ($5.33 / Fl Oz)",
        "listPrice": "$17.70 ($5.90 / Fl Oz)",
        "imageUrl": "https://m.media-amazon.com/images/I/41c1HqB+26L._SL160_.jpg",
        "detailPageURL": "https://www.amazon.com/dp/B09PXB8Y5Q",
        "rating": "4.6",
        "totalReviews": "441",
        "subtitle": "",
        "isPrimeEligible": "0"
    },
    {
        "ASIN": "B087Q3D6QM",
        "title": "Blanc Doux Oligo Hyaluronic Acid UVA UVB Sun Essence Airy Touch 1.35 Oz SPF 50+ PA++++ Reef-Safe Makeup Base Sunscreen No Greasiness Stickiness Whitecast Sunblock Vegan Sensitive Dry Acne-Prone Skin",
        "price": "$18.99 ($18.99 / Count)",
        "listPrice": "",
        "imageUrl": "https://m.media-amazon.com/images/I/41WJZ-+VJGL._SL160_.jpg",
        "detailPageURL": "https://www.amazon.com/dp/B087Q3D6QM",
        "rating": "4.6",
        "totalReviews": "96",
        "subtitle": "THE LAB BY BLANC DOUX",
        "isPrimeEligible": "1"
    },
    {
        "ASIN": "B00WTHV0KQ",
        "title": "Sun Bum Original SPF 50 Sunscreen Lotion | Vegan and Hawaii 104 Reef Act Compliant (Octinoxate & Oxybenzone Free) Broad Spectrum Moisturizing UVA/UVB Sunscreen with Vitamin E | 6 oz",
        "price": "$11.00 ($1.83 / Fl Oz)",
        "listPrice": "$14.99 ($2.50 / Fl Oz)",
        "imageUrl": "https://m.media-amazon.com/images/I/41hJ9a2jnmS._SL160_.jpg",
        "detailPageURL": "https://www.amazon.com/dp/B00WTHV0KQ",
        "rating": "4.8",
        "totalReviews": "8010",
        "subtitle": "Sun Bum",
        "isPrimeEligible": "1"
    },
    {
        "ASIN": "B0BHBNSYF1",
        "title": "Alba Botanica Sunscreen for Face and Body, Hawaiian Coconut Sunscreen Spray, Broad Spectrum SPF 50 Sunscreen, Water Resistant and Biodegradable, 6 fl. oz. Bottle (Pack of 2)",
        "price": "$20.96 ($1.75 / Ounce)",
        "listPrice": "",
        "imageUrl": "https://m.media-amazon.com/images/I/41FVqhXC93L._SL160_.jpg",
        "detailPageURL": "https://www.amazon.com/dp/B0BHBNSYF1",
        "rating": "3.5",
        "totalReviews": "512",
        "subtitle": "Alba Botanica",
        "isPrimeEligible": "1"
    },
    {
        "ASIN": "B079YXK3L8",
        "title": "EltaMD UV Elements Tinted Sunscreen Moisturizer, SPF 44 Tinted SPF Moisturizer for Face and Body, Lightweight Oil Free Formula, Great for Using Under Makeup and Sensitive Skin Types, 2.0 oz Tube",
        "price": "$40.00 ($20.00 / Ounce)",
        "listPrice": "",
        "imageUrl": "https://m.media-amazon.com/images/I/41xRAhWL9mL._SL160_.jpg",
        "detailPageURL": "https://www.amazon.com/dp/B079YXK3L8",
        "rating": "4.6",
        "totalReviews": "12561",
        "subtitle": "",
        "isPrimeEligible": "1"
    },
    {
        "ASIN": "B07KLY4RYG",
        "title": "CeraVe 100% Mineral Sunscreen SPF 50 | Face Sunscreen with Zinc Oxide & Titanium Dioxide for Sensitive Skin | With Hyaluronic Acid, Niacinamide, and Ceramides | 2.5 oz",
        "price": "$13.97 ($5.59 / Fl Oz)",
        "listPrice": "$14.99 ($6.00 / Fl Oz)",
        "imageUrl": "https://m.media-amazon.com/images/I/51-3uqKYqLL._SL160_.jpg",
        "detailPageURL": "https://www.amazon.com/dp/B07KLY4RYG",
        "rating": "3.9",
        "totalReviews": "17159",
        "subtitle": "CeraVe",
        "isPrimeEligible": "1"
    },
    {
        "ASIN": "B087H5FFGK",
        "title": "Supergoop! PLAY Everyday Lotion SPF 50 18.0 oz/ 532 mL",
        "price": "$68.00 ($3.78 / Fl Oz)",
        "listPrice": "",
        "imageUrl": "https://m.media-amazon.com/images/I/31ZMoYhtPDL._SL160_.jpg",
        "detailPageURL": "https://www.amazon.com/dp/B087H5FFGK",
        "rating": "4.6",
        "totalReviews": "7457",
        "subtitle": "Supergoop!",
        "isPrimeEligible": "1"
    },
    {
        "ASIN": "B004CDQ73K",
        "title": "Thinkbaby SPF 50+ Baby Sunscreen \u2013 Safe, Natural Sunblock for Babies - Water Resistant Sun Cream \u2013 Broad Spectrum UVA/UVB Sun Protection \u2013 Vegan Mineral Sun Lotion, 3 Oz.",
        "price": "$11.50 ($3.83 / Ounce)",
        "listPrice": "$14.49 ($4.83 / Ounce)",
        "imageUrl": "https://m.media-amazon.com/images/I/31kHOU82sLL._SL160_.jpg",
        "detailPageURL": "https://www.amazon.com/dp/B004CDQ73K",
        "rating": "4.7",
        "totalReviews": "19643",
        "subtitle": "THINK",
        "isPrimeEligible": "1"
    },
    {
        "ASIN": "B00464EC1E",
        "title": "EltaMD UV Daily Facial Sunscreen with Zinc Oxide, SPF 40 , Helps Hydrate and Decrease Wrinkles, Lightweight Face Moisturizer Sunscreen, Absorbs into Skin Quickly, 1.7 Oz Pump",
        "price": "$36.00 ($21.18 / Ounce)",
        "listPrice": "",
        "imageUrl": "https://m.media-amazon.com/images/I/410FpPrU9+L._SL160_.jpg",
        "detailPageURL": "https://www.amazon.com/dp/B00464EC1E",
        "rating": "4.7",
        "totalReviews": "16830",
        "subtitle": "",
        "isPrimeEligible": "1"
    },
    {
        "ASIN": "B09PXB8Y5Q",
        "title": "BGS Black Girl Sunscreen SPF 30. Ultra Sheer Moisturizing Sunscreen Lotion. With avocado, cacao, jojoba, carrot juice and sun flower oil. Oxybenzone, Paraben and Fragrance Free. 3 Fl Oz. (1 Pack)",
        "price": "$15.99 ($5.33 / Fl Oz)",
        "listPrice": "$17.70 ($5.90 / Fl Oz)",
        "imageUrl": "https://m.media-amazon.com/images/I/41c1HqB+26L._SL160_.jpg",
        "detailPageURL": "https://www.amazon.com/dp/B09PXB8Y5Q",
        "rating": "4.6",
        "totalReviews": "441",
        "subtitle": "",
        "isPrimeEligible": "0"
    },
    {
        "ASIN": "B087Q3D6QM",
        "title": "Blanc Doux Oligo Hyaluronic Acid UVA UVB Sun Essence Airy Touch 1.35 Oz SPF 50+ PA++++ Reef-Safe Makeup Base Sunscreen No Greasiness Stickiness Whitecast Sunblock Vegan Sensitive Dry Acne-Prone Skin",
        "price": "$18.99 ($18.99 / Count)",
        "listPrice": "",
        "imageUrl": "https://m.media-amazon.com/images/I/41WJZ-+VJGL._SL160_.jpg",
        "detailPageURL": "https://www.amazon.com/dp/B087Q3D6QM",
        "rating": "4.6",
        "totalReviews": "96",
        "subtitle": "THE LAB BY BLANC DOUX",
        "isPrimeEligible": "1"
    },
    {
        "ASIN": "B00WTHV0KQ",
        "title": "Sun Bum Original SPF 50 Sunscreen Lotion | Vegan and Hawaii 104 Reef Act Compliant (Octinoxate & Oxybenzone Free) Broad Spectrum Moisturizing UVA/UVB Sunscreen with Vitamin E | 6 oz",
        "price": "$11.00 ($1.83 / Fl Oz)",
        "listPrice": "$14.99 ($2.50 / Fl Oz)",
        "imageUrl": "https://m.media-amazon.com/images/I/41hJ9a2jnmS._SL160_.jpg",
        "detailPageURL": "https://www.amazon.com/dp/B00WTHV0KQ",
        "rating": "4.8",
        "totalReviews": "8010",
        "subtitle": "Sun Bum",
        "isPrimeEligible": "1"
    },
    {
        "ASIN": "B0BHBNSYF1",
        "title": "Alba Botanica Sunscreen for Face and Body, Hawaiian Coconut Sunscreen Spray, Broad Spectrum SPF 50 Sunscreen, Water Resistant and Biodegradable, 6 fl. oz. Bottle (Pack of 2)",
        "price": "$20.96 ($1.75 / Ounce)",
        "listPrice": "",
        "imageUrl": "https://m.media-amazon.com/images/I/41FVqhXC93L._SL160_.jpg",
        "detailPageURL": "https://www.amazon.com/dp/B0BHBNSYF1",
        "rating": "3.5",
        "totalReviews": "512",
        "subtitle": "Alba Botanica",
        "isPrimeEligible": "1"
    },
    {
        "ASIN": "B079YXK3L8",
        "title": "EltaMD UV Elements Tinted Sunscreen Moisturizer, SPF 44 Tinted SPF Moisturizer for Face and Body, Lightweight Oil Free Formula, Great for Using Under Makeup and Sensitive Skin Types, 2.0 oz Tube",
        "price": "$40.00 ($20.00 / Ounce)",
        "listPrice": "",
        "imageUrl": "https://m.media-amazon.com/images/I/41xRAhWL9mL._SL160_.jpg",
        "detailPageURL": "https://www.amazon.com/dp/B079YXK3L8",
        "rating": "4.6",
        "totalReviews": "12561",
        "subtitle": "",
        "isPrimeEligible": "1"
    },
    {
        "ASIN": "B07KLY4RYG",
        "title": "CeraVe 100% Mineral Sunscreen SPF 50 | Face Sunscreen with Zinc Oxide & Titanium Dioxide for Sensitive Skin | With Hyaluronic Acid, Niacinamide, and Ceramides | 2.5 oz",
        "price": "$13.97 ($5.59 / Fl Oz)",
        "listPrice": "$14.99 ($6.00 / Fl Oz)",
        "imageUrl": "https://m.media-amazon.com/images/I/51-3uqKYqLL._SL160_.jpg",
        "detailPageURL": "https://www.amazon.com/dp/B07KLY4RYG",
        "rating": "3.9",
        "totalReviews": "17159",
        "subtitle": "CeraVe",
        "isPrimeEligible": "1"
    },
    {
        "ASIN": "B087H5FFGK",
        "title": "Supergoop! PLAY Everyday Lotion SPF 50 18.0 oz/ 532 mL",
        "price": "$68.00 ($3.78 / Fl Oz)",
        "listPrice": "",
        "imageUrl": "https://m.media-amazon.com/images/I/31ZMoYhtPDL._SL160_.jpg",
        "detailPageURL": "https://www.amazon.com/dp/B087H5FFGK",
        "rating": "4.6",
        "totalReviews": "7457",
        "subtitle": "Supergoop!",
        "isPrimeEligible": "1"
    },
    {
        "ASIN": "B004CDQ73K",
        "title": "Thinkbaby SPF 50+ Baby Sunscreen \u2013 Safe, Natural Sunblock for Babies - Water Resistant Sun Cream \u2013 Broad Spectrum UVA/UVB Sun Protection \u2013 Vegan Mineral Sun Lotion, 3 Oz.",
        "price": "$11.50 ($3.83 / Ounce)",
        "listPrice": "$14.49 ($4.83 / Ounce)",
        "imageUrl": "https://m.media-amazon.com/images/I/31kHOU82sLL._SL160_.jpg",
        "detailPageURL": "https://www.amazon.com/dp/B004CDQ73K",
        "rating": "4.7",
        "totalReviews": "19643",
        "subtitle": "THINK",
        "isPrimeEligible": "1"
    },
    {
        "ASIN": "B008VK3F94",
        "title": "EltaMD UV Sport Body Sunscreen, SPF 50 Sport Sunscreen Lotion, Sweat Resistant and Water Resistant up to 80 Minutes, Formulated with Zinc Oxide, Oil Free, Full Body Sunscreen, 3 oz Tube",
        "price": "$30.00 ($10.00 / Ounce)",
        "listPrice": "",
        "imageUrl": "https://m.media-amazon.com/images/I/31hS0-Rg4tL._SL160_.jpg",
        "detailPageURL": "https://www.amazon.com/dp/B008VK3F94",
        "rating": "4.7",
        "totalReviews": "11738",
        "subtitle": "",
        "isPrimeEligible": "1"
    },
    {
        "ASIN": "B09PXB8Y5Q",
        "title": "BGS Black Girl Sunscreen SPF 30. Ultra Sheer Moisturizing Sunscreen Lotion. With avocado, cacao, jojoba, carrot juice and sun flower oil. Oxybenzone, Paraben and Fragrance Free. 3 Fl Oz. (1 Pack)",
        "price": "$15.99 ($5.33 / Fl Oz)",
        "listPrice": "$17.70 ($5.90 / Fl Oz)",
        "imageUrl": "https://m.media-amazon.com/images/I/41c1HqB+26L._SL160_.jpg",
        "detailPageURL": "https://www.amazon.com/dp/B09PXB8Y5Q",
        "rating": "4.6",
        "totalReviews": "441",
        "subtitle": "",
        "isPrimeEligible": "0"
    },
    {
        "ASIN": "B087Q3D6QM",
        "title": "Blanc Doux Oligo Hyaluronic Acid UVA UVB Sun Essence Airy Touch 1.35 Oz SPF 50+ PA++++ Reef-Safe Makeup Base Sunscreen No Greasiness Stickiness Whitecast Sunblock Vegan Sensitive Dry Acne-Prone Skin",
        "price": "$18.99 ($18.99 / Count)",
        "listPrice": "",
        "imageUrl": "https://m.media-amazon.com/images/I/41WJZ-+VJGL._SL160_.jpg",
        "detailPageURL": "https://www.amazon.com/dp/B087Q3D6QM",
        "rating": "4.6",
        "totalReviews": "96",
        "subtitle": "THE LAB BY BLANC DOUX",
        "isPrimeEligible": "1"
    },
    {
        "ASIN": "B00WTHV0KQ",
        "title": "Sun Bum Original SPF 50 Sunscreen Lotion | Vegan and Hawaii 104 Reef Act Compliant (Octinoxate & Oxybenzone Free) Broad Spectrum Moisturizing UVA/UVB Sunscreen with Vitamin E | 6 oz",
        "price": "$11.00 ($1.83 / Fl Oz)",
        "listPrice": "$14.99 ($2.50 / Fl Oz)",
        "imageUrl": "https://m.media-amazon.com/images/I/41hJ9a2jnmS._SL160_.jpg",
        "detailPageURL": "https://www.amazon.com/dp/B00WTHV0KQ",
        "rating": "4.8",
        "totalReviews": "8010",
        "subtitle": "Sun Bum",
        "isPrimeEligible": "1"
    },
    {
        "ASIN": "B0BHBNSYF1",
        "title": "Alba Botanica Sunscreen for Face and Body, Hawaiian Coconut Sunscreen Spray, Broad Spectrum SPF 50 Sunscreen, Water Resistant and Biodegradable, 6 fl. oz. Bottle (Pack of 2)",
        "price": "$20.96 ($1.75 / Ounce)",
        "listPrice": "",
        "imageUrl": "https://m.media-amazon.com/images/I/41FVqhXC93L._SL160_.jpg",
        "detailPageURL": "https://www.amazon.com/dp/B0BHBNSYF1",
        "rating": "3.5",
        "totalReviews": "512",
        "subtitle": "Alba Botanica",
        "isPrimeEligible": "1"
    },
    {
        "ASIN": "B079YXK3L8",
        "title": "EltaMD UV Elements Tinted Sunscreen Moisturizer, SPF 44 Tinted SPF Moisturizer for Face and Body, Lightweight Oil Free Formula, Great for Using Under Makeup and Sensitive Skin Types, 2.0 oz Tube",
        "price": "$40.00 ($20.00 / Ounce)",
        "listPrice": "",
        "imageUrl": "https://m.media-amazon.com/images/I/41xRAhWL9mL._SL160_.jpg",
        "detailPageURL": "https://www.amazon.com/dp/B079YXK3L8",
        "rating": "4.6",
        "totalReviews": "12561",
        "subtitle": "",
        "isPrimeEligible": "1"
    },
    {
        "ASIN": "B07KLY4RYG",
        "title": "CeraVe 100% Mineral Sunscreen SPF 50 | Face Sunscreen with Zinc Oxide & Titanium Dioxide for Sensitive Skin | With Hyaluronic Acid, Niacinamide, and Ceramides | 2.5 oz",
        "price": "$13.97 ($5.59 / Fl Oz)",
        "listPrice": "$14.99 ($6.00 / Fl Oz)",
        "imageUrl": "https://m.media-amazon.com/images/I/51-3uqKYqLL._SL160_.jpg",
        "detailPageURL": "https://www.amazon.com/dp/B07KLY4RYG",
        "rating": "3.9",
        "totalReviews": "17159",
        "subtitle": "CeraVe",
        "isPrimeEligible": "1"
    },
    {
        "ASIN": "B087H5FFGK",
        "title": "Supergoop! PLAY Everyday Lotion SPF 50 18.0 oz/ 532 mL",
        "price": "$68.00 ($3.78 / Fl Oz)",
        "listPrice": "",
        "imageUrl": "https://m.media-amazon.com/images/I/31ZMoYhtPDL._SL160_.jpg",
        "detailPageURL": "https://www.amazon.com/dp/B087H5FFGK",
        "rating": "4.6",
        "totalReviews": "7457",
        "subtitle": "Supergoop!",
        "isPrimeEligible": "1"
    },
    {
        "ASIN": "B004CDQ73K",
        "title": "Thinkbaby SPF 50+ Baby Sunscreen \u2013 Safe, Natural Sunblock for Babies - Water Resistant Sun Cream \u2013 Broad Spectrum UVA/UVB Sun Protection \u2013 Vegan Mineral Sun Lotion, 3 Oz.",
        "price": "$11.50 ($3.83 / Ounce)",
        "listPrice": "$14.49 ($4.83 / Ounce)",
        "imageUrl": "https://m.media-amazon.com/images/I/31kHOU82sLL._SL160_.jpg",
        "detailPageURL": "https://www.amazon.com/dp/B004CDQ73K",
        "rating": "4.7",
        "totalReviews": "19643",
        "subtitle": "THINK",
        "isPrimeEligible": "1"
    },
    {
        "ASIN": "B008VK3F94",
        "title": "EltaMD UV Sport Body Sunscreen, SPF 50 Sport Sunscreen Lotion, Sweat Resistant and Water Resistant up to 80 Minutes, Formulated with Zinc Oxide, Oil Free, Full Body Sunscreen, 3 oz Tube",
        "price": "$30.00 ($10.00 / Ounce)",
        "listPrice": "",
        "imageUrl": "https://m.media-amazon.com/images/I/31hS0-Rg4tL._SL160_.jpg",
        "detailPageURL": "https://www.amazon.com/dp/B008VK3F94",
        "rating": "4.7",
        "totalReviews": "11738",
        "subtitle": "",
        "isPrimeEligible": "1"
    },
    {
        "ASIN": "B004CDTCOQ",
        "title": "Banana Boat Sport Ultra SPF 100 Sunscreen Spray, 6oz | High SPF & Water Resistant",
        "price": "$10.97 ($1.83 / Ounce)",
        "listPrice": "$13.99 ($2.33 / Ounce)",
        "imageUrl": "https://m.media-amazon.com/images/I/41-+5yfWBNS._SL160_.jpg",
        "detailPageURL": "https://www.amazon.com/dp/B004CDTCOQ",
        "rating": "4.7",
        "totalReviews": "11473",
        "subtitle": "Banana Boat",
        "isPrimeEligible": "1"
    },
    {
        "ASIN": "B087Q3D6QM",
        "title": "Blanc Doux Oligo Hyaluronic Acid UVA UVB Sun Essence Airy Touch 1.35 Oz SPF 50+ PA++++ Reef-Safe Makeup Base Sunscreen No Greasiness Stickiness Whitecast Sunblock Vegan Sensitive Dry Acne-Prone Skin",
        "price": "$18.99 ($18.99 / Count)",
        "listPrice": "",
        "imageUrl": "https://m.media-amazon.com/images/I/41WJZ-+VJGL._SL160_.jpg",
        "detailPageURL": "https://www.amazon.com/dp/B087Q3D6QM",
        "rating": "4.6",
        "totalReviews": "96",
        "subtitle": "THE LAB BY BLANC DOUX",
        "isPrimeEligible": "1"
    },
    {
        "ASIN": "B00WTHV0KQ",
        "title": "Sun Bum Original SPF 50 Sunscreen Lotion | Vegan and Hawaii 104 Reef Act Compliant (Octinoxate & Oxybenzone Free) Broad Spectrum Moisturizing UVA/UVB Sunscreen with Vitamin E | 6 oz",
        "price": "$11.00 ($1.83 / Fl Oz)",
        "listPrice": "$14.99 ($2.50 / Fl Oz)",
        "imageUrl": "https://m.media-amazon.com/images/I/41hJ9a2jnmS._SL160_.jpg",
        "detailPageURL": "https://www.amazon.com/dp/B00WTHV0KQ",
        "rating": "4.8",
        "totalReviews": "8010",
        "subtitle": "Sun Bum",
        "isPrimeEligible": "1"
    },
    {
        "ASIN": "B0BHBNSYF1",
        "title": "Alba Botanica Sunscreen for Face and Body, Hawaiian Coconut Sunscreen Spray, Broad Spectrum SPF 50 Sunscreen, Water Resistant and Biodegradable, 6 fl. oz. Bottle (Pack of 2)",
        "price": "$20.96 ($1.75 / Ounce)",
        "listPrice": "",
        "imageUrl": "https://m.media-amazon.com/images/I/41FVqhXC93L._SL160_.jpg",
        "detailPageURL": "https://www.amazon.com/dp/B0BHBNSYF1",
        "rating": "3.5",
        "totalReviews": "512",
        "subtitle": "Alba Botanica",
        "isPrimeEligible": "1"
    },
    {
        "ASIN": "B079YXK3L8",
        "title": "EltaMD UV Elements Tinted Sunscreen Moisturizer, SPF 44 Tinted SPF Moisturizer for Face and Body, Lightweight Oil Free Formula, Great for Using Under Makeup and Sensitive Skin Types, 2.0 oz Tube",
        "price": "$40.00 ($20.00 / Ounce)",
        "listPrice": "",
        "imageUrl": "https://m.media-amazon.com/images/I/41xRAhWL9mL._SL160_.jpg",
        "detailPageURL": "https://www.amazon.com/dp/B079YXK3L8",
        "rating": "4.6",
        "totalReviews": "12561",
        "subtitle": "",
        "isPrimeEligible": "1"
    },
    {
        "ASIN": "B07KLY4RYG",
        "title": "CeraVe 100% Mineral Sunscreen SPF 50 | Face Sunscreen with Zinc Oxide & Titanium Dioxide for Sensitive Skin | With Hyaluronic Acid, Niacinamide, and Ceramides | 2.5 oz",
        "price": "$13.97 ($5.59 / Fl Oz)",
        "listPrice": "$14.99 ($6.00 / Fl Oz)",
        "imageUrl": "https://m.media-amazon.com/images/I/51-3uqKYqLL._SL160_.jpg",
        "detailPageURL": "https://www.amazon.com/dp/B07KLY4RYG",
        "rating": "3.9",
        "totalReviews": "17159",
        "subtitle": "CeraVe",
        "isPrimeEligible": "1"
    },
    {
        "ASIN": "B087H5FFGK",
        "title": "Supergoop! PLAY Everyday Lotion SPF 50 18.0 oz/ 532 mL",
        "price": "$68.00 ($3.78 / Fl Oz)",
        "listPrice": "",
        "imageUrl": "https://m.media-amazon.com/images/I/31ZMoYhtPDL._SL160_.jpg",
        "detailPageURL": "https://www.amazon.com/dp/B087H5FFGK",
        "rating": "4.6",
        "totalReviews": "7457",
        "subtitle": "Supergoop!",
        "isPrimeEligible": "1"
    },
    {
        "ASIN": "B004CDQ73K",
        "title": "Thinkbaby SPF 50+ Baby Sunscreen \u2013 Safe, Natural Sunblock for Babies - Water Resistant Sun Cream \u2013 Broad Spectrum UVA/UVB Sun Protection \u2013 Vegan Mineral Sun Lotion, 3 Oz.",
        "price": "$11.50 ($3.83 / Ounce)",
        "listPrice": "$14.49 ($4.83 / Ounce)",
        "imageUrl": "https://m.media-amazon.com/images/I/31kHOU82sLL._SL160_.jpg",
        "detailPageURL": "https://www.amazon.com/dp/B004CDQ73K",
        "rating": "4.7",
        "totalReviews": "19643",
        "subtitle": "THINK",
        "isPrimeEligible": "1"
    },
    {
        "ASIN": "B008VK3F94",
        "title": "EltaMD UV Sport Body Sunscreen, SPF 50 Sport Sunscreen Lotion, Sweat Resistant and Water Resistant up to 80 Minutes, Formulated with Zinc Oxide, Oil Free, Full Body Sunscreen, 3 oz Tube",
        "price": "$30.00 ($10.00 / Ounce)",
        "listPrice": "",
        "imageUrl": "https://m.media-amazon.com/images/I/31hS0-Rg4tL._SL160_.jpg",
        "detailPageURL": "https://www.amazon.com/dp/B008VK3F94",
        "rating": "4.7",
        "totalReviews": "11738",
        "subtitle": "",
        "isPrimeEligible": "1"
    },
    {
        "ASIN": "B004CDTCOQ",
        "title": "Banana Boat Sport Ultra SPF 100 Sunscreen Spray, 6oz | High SPF & Water Resistant",
        "price": "$10.97 ($1.83 / Ounce)",
        "listPrice": "$13.99 ($2.33 / Ounce)",
        "imageUrl": "https://m.media-amazon.com/images/I/41-+5yfWBNS._SL160_.jpg",
        "detailPageURL": "https://www.amazon.com/dp/B004CDTCOQ",
        "rating": "4.7",
        "totalReviews": "11473",
        "subtitle": "Banana Boat",
        "isPrimeEligible": "1"
    },
    {
        "ASIN": "B01ALT5MKW",
        "title": "Babo Botanicals Sheer Zinc Continuous Sunscreen Spray SPF30 - Natural Zinc Oxide - Extra Sensitive Skin - Water Resistant - Vegan - Fragrance-Free - Air-Powered Spray - For all ages",
        "price": "$19.83 ($3.30 / Fl Oz)",
        "listPrice": "$22.00 ($3.67 / Fl Oz)",
        "imageUrl": "https://m.media-amazon.com/images/I/31HroXkePfL._SL160_.jpg",
        "detailPageURL": "https://www.amazon.com/dp/B01ALT5MKW",
        "rating": "4.3",
        "totalReviews": "4823",
        "subtitle": "",
        "isPrimeEligible": "1"
    },
    {
        "ASIN": "B00WTHV0KQ",
        "title": "Sun Bum Original SPF 50 Sunscreen Lotion | Vegan and Hawaii 104 Reef Act Compliant (Octinoxate & Oxybenzone Free) Broad Spectrum Moisturizing UVA/UVB Sunscreen with Vitamin E | 6 oz",
        "price": "$11.00 ($1.83 / Fl Oz)",
        "listPrice": "$14.99 ($2.50 / Fl Oz)",
        "imageUrl": "https://m.media-amazon.com/images/I/41hJ9a2jnmS._SL160_.jpg",
        "detailPageURL": "https://www.amazon.com/dp/B00WTHV0KQ",
        "rating": "4.8",
        "totalReviews": "8010",
        "subtitle": "Sun Bum",
        "isPrimeEligible": "1"
    },
    {
        "ASIN": "B0BHBNSYF1",
        "title": "Alba Botanica Sunscreen for Face and Body, Hawaiian Coconut Sunscreen Spray, Broad Spectrum SPF 50 Sunscreen, Water Resistant and Biodegradable, 6 fl. oz. Bottle (Pack of 2)",
        "price": "$20.96 ($1.75 / Ounce)",
        "listPrice": "",
        "imageUrl": "https://m.media-amazon.com/images/I/41FVqhXC93L._SL160_.jpg",
        "detailPageURL": "https://www.amazon.com/dp/B0BHBNSYF1",
        "rating": "3.5",
        "totalReviews": "512",
        "subtitle": "Alba Botanica",
        "isPrimeEligible": "1"
    },
    {
        "ASIN": "B079YXK3L8",
        "title": "EltaMD UV Elements Tinted Sunscreen Moisturizer, SPF 44 Tinted SPF Moisturizer for Face and Body, Lightweight Oil Free Formula, Great for Using Under Makeup and Sensitive Skin Types, 2.0 oz Tube",
        "price": "$40.00 ($20.00 / Ounce)",
        "listPrice": "",
        "imageUrl": "https://m.media-amazon.com/images/I/41xRAhWL9mL._SL160_.jpg",
        "detailPageURL": "https://www.amazon.com/dp/B079YXK3L8",
        "rating": "4.6",
        "totalReviews": "12561",
        "subtitle": "",
        "isPrimeEligible": "1"
    },
    {
        "ASIN": "B07KLY4RYG",
        "title": "CeraVe 100% Mineral Sunscreen SPF 50 | Face Sunscreen with Zinc Oxide & Titanium Dioxide for Sensitive Skin | With Hyaluronic Acid, Niacinamide, and Ceramides | 2.5 oz",
        "price": "$13.97 ($5.59 / Fl Oz)",
        "listPrice": "$14.99 ($6.00 / Fl Oz)",
        "imageUrl": "https://m.media-amazon.com/images/I/51-3uqKYqLL._SL160_.jpg",
        "detailPageURL": "https://www.amazon.com/dp/B07KLY4RYG",
        "rating": "3.9",
        "totalReviews": "17159",
        "subtitle": "CeraVe",
        "isPrimeEligible": "1"
    },
    {
        "ASIN": "B087H5FFGK",
        "title": "Supergoop! PLAY Everyday Lotion SPF 50 18.0 oz/ 532 mL",
        "price": "$68.00 ($3.78 / Fl Oz)",
        "listPrice": "",
        "imageUrl": "https://m.media-amazon.com/images/I/31ZMoYhtPDL._SL160_.jpg",
        "detailPageURL": "https://www.amazon.com/dp/B087H5FFGK",
        "rating": "4.6",
        "totalReviews": "7457",
        "subtitle": "Supergoop!",
        "isPrimeEligible": "1"
    },
    {
        "ASIN": "B004CDQ73K",
        "title": "Thinkbaby SPF 50+ Baby Sunscreen \u2013 Safe, Natural Sunblock for Babies - Water Resistant Sun Cream \u2013 Broad Spectrum UVA/UVB Sun Protection \u2013 Vegan Mineral Sun Lotion, 3 Oz.",
        "price": "$11.50 ($3.83 / Ounce)",
        "listPrice": "$14.49 ($4.83 / Ounce)",
        "imageUrl": "https://m.media-amazon.com/images/I/31kHOU82sLL._SL160_.jpg",
        "detailPageURL": "https://www.amazon.com/dp/B004CDQ73K",
        "rating": "4.7",
        "totalReviews": "19643",
        "subtitle": "THINK",
        "isPrimeEligible": "1"
    },
    {
        "ASIN": "B008VK3F94",
        "title": "EltaMD UV Sport Body Sunscreen, SPF 50 Sport Sunscreen Lotion, Sweat Resistant and Water Resistant up to 80 Minutes, Formulated with Zinc Oxide, Oil Free, Full Body Sunscreen, 3 oz Tube",
        "price": "$30.00 ($10.00 / Ounce)",
        "listPrice": "",
        "imageUrl": "https://m.media-amazon.com/images/I/31hS0-Rg4tL._SL160_.jpg",
        "detailPageURL": "https://www.amazon.com/dp/B008VK3F94",
        "rating": "4.7",
        "totalReviews": "11738",
        "subtitle": "",
        "isPrimeEligible": "1"
    },
    {
        "ASIN": "B004CDTCOQ",
        "title": "Banana Boat Sport Ultra SPF 100 Sunscreen Spray, 6oz | High SPF & Water Resistant",
        "price": "$10.97 ($1.83 / Ounce)",
        "listPrice": "$13.99 ($2.33 / Ounce)",
        "imageUrl": "https://m.media-amazon.com/images/I/41-+5yfWBNS._SL160_.jpg",
        "detailPageURL": "https://www.amazon.com/dp/B004CDTCOQ",
        "rating": "4.7",
        "totalReviews": "11473",
        "subtitle": "Banana Boat",
        "isPrimeEligible": "1"
    },
    {
        "ASIN": "B01ALT5MKW",
        "title": "Babo Botanicals Sheer Zinc Continuous Sunscreen Spray SPF30 - Natural Zinc Oxide - Extra Sensitive Skin - Water Resistant - Vegan - Fragrance-Free - Air-Powered Spray - For all ages",
        "price": "$19.83 ($3.30 / Fl Oz)",
        "listPrice": "$22.00 ($3.67 / Fl Oz)",
        "imageUrl": "https://m.media-amazon.com/images/I/31HroXkePfL._SL160_.jpg",
        "detailPageURL": "https://www.amazon.com/dp/B01ALT5MKW",
        "rating": "4.3",
        "totalReviews": "4823",
        "subtitle": "",
        "isPrimeEligible": "1"
    },
    {
        "ASIN": "B084R1PWGV",
        "title": "Hawaiian Tropic Everyday Active Spray Sunscreen SPF 50, 6oz | Hawaiian Tropic Sunscreen SPF 50, Sunblock, Oxybenzone No Sunscreen, Spray On Sunscreen, Body Sunscreen Spray SPF 50, 6oz each Twin Pack",
        "price": "$21.94 ($1.83 / Ounce)",
        "listPrice": "",
        "imageUrl": "https://m.media-amazon.com/images/I/41VC9S8bUKL._SL160_.jpg",
        "detailPageURL": "https://www.amazon.com/dp/B084R1PWGV",
        "rating": "4.8",
        "totalReviews": "1599",
        "subtitle": "Hawaiian Tropic",
        "isPrimeEligible": "1"
    },
    {
        "ASIN": "B0BHBNSYF1",
        "title": "Alba Botanica Sunscreen for Face and Body, Hawaiian Coconut Sunscreen Spray, Broad Spectrum SPF 50 Sunscreen, Water Resistant and Biodegradable, 6 fl. oz. Bottle (Pack of 2)",
        "price": "$20.96 ($1.75 / Ounce)",
        "listPrice": "",
        "imageUrl": "https://m.media-amazon.com/images/I/41FVqhXC93L._SL160_.jpg",
        "detailPageURL": "https://www.amazon.com/dp/B0BHBNSYF1",
        "rating": "3.5",
        "totalReviews": "512",
        "subtitle": "Alba Botanica",
        "isPrimeEligible": "1"
    },
    {
        "ASIN": "B079YXK3L8",
        "title": "EltaMD UV Elements Tinted Sunscreen Moisturizer, SPF 44 Tinted SPF Moisturizer for Face and Body, Lightweight Oil Free Formula, Great for Using Under Makeup and Sensitive Skin Types, 2.0 oz Tube",
        "price": "$40.00 ($20.00 / Ounce)",
        "listPrice": "",
        "imageUrl": "https://m.media-amazon.com/images/I/41xRAhWL9mL._SL160_.jpg",
        "detailPageURL": "https://www.amazon.com/dp/B079YXK3L8",
        "rating": "4.6",
        "totalReviews": "12561",
        "subtitle": "",
        "isPrimeEligible": "1"
    },
    {
        "ASIN": "B07KLY4RYG",
        "title": "CeraVe 100% Mineral Sunscreen SPF 50 | Face Sunscreen with Zinc Oxide & Titanium Dioxide for Sensitive Skin | With Hyaluronic Acid, Niacinamide, and Ceramides | 2.5 oz",
        "price": "$13.97 ($5.59 / Fl Oz)",
        "listPrice": "$14.99 ($6.00 / Fl Oz)",
        "imageUrl": "https://m.media-amazon.com/images/I/51-3uqKYqLL._SL160_.jpg",
        "detailPageURL": "https://www.amazon.com/dp/B07KLY4RYG",
        "rating": "3.9",
        "totalReviews": "17159",
        "subtitle": "CeraVe",
        "isPrimeEligible": "1"
    },
    {
        "ASIN": "B087H5FFGK",
        "title": "Supergoop! PLAY Everyday Lotion SPF 50 18.0 oz/ 532 mL",
        "price": "$68.00 ($3.78 / Fl Oz)",
        "listPrice": "",
        "imageUrl": "https://m.media-amazon.com/images/I/31ZMoYhtPDL._SL160_.jpg",
        "detailPageURL": "https://www.amazon.com/dp/B087H5FFGK",
        "rating": "4.6",
        "totalReviews": "7457",
        "subtitle": "Supergoop!",
        "isPrimeEligible": "1"
    },
    {
        "ASIN": "B004CDQ73K",
        "title": "Thinkbaby SPF 50+ Baby Sunscreen \u2013 Safe, Natural Sunblock for Babies - Water Resistant Sun Cream \u2013 Broad Spectrum UVA/UVB Sun Protection \u2013 Vegan Mineral Sun Lotion, 3 Oz.",
        "price": "$11.50 ($3.83 / Ounce)",
        "listPrice": "$14.49 ($4.83 / Ounce)",
        "imageUrl": "https://m.media-amazon.com/images/I/31kHOU82sLL._SL160_.jpg",
        "detailPageURL": "https://www.amazon.com/dp/B004CDQ73K",
        "rating": "4.7",
        "totalReviews": "19643",
        "subtitle": "THINK",
        "isPrimeEligible": "1"
    },
    {
        "ASIN": "B008VK3F94",
        "title": "EltaMD UV Sport Body Sunscreen, SPF 50 Sport Sunscreen Lotion, Sweat Resistant and Water Resistant up to 80 Minutes, Formulated with Zinc Oxide, Oil Free, Full Body Sunscreen, 3 oz Tube",
        "price": "$30.00 ($10.00 / Ounce)",
        "listPrice": "",
        "imageUrl": "https://m.media-amazon.com/images/I/31hS0-Rg4tL._SL160_.jpg",
        "detailPageURL": "https://www.amazon.com/dp/B008VK3F94",
        "rating": "4.7",
        "totalReviews": "11738",
        "subtitle": "",
        "isPrimeEligible": "1"
    },
    {
        "ASIN": "B004CDTCOQ",
        "title": "Banana Boat Sport Ultra SPF 100 Sunscreen Spray, 6oz | High SPF & Water Resistant",
        "price": "$10.97 ($1.83 / Ounce)",
        "listPrice": "$13.99 ($2.33 / Ounce)",
        "imageUrl": "https://m.media-amazon.com/images/I/41-+5yfWBNS._SL160_.jpg",
        "detailPageURL": "https://www.amazon.com/dp/B004CDTCOQ",
        "rating": "4.7",
        "totalReviews": "11473",
        "subtitle": "Banana Boat",
        "isPrimeEligible": "1"
    },
    {
        "ASIN": "B01ALT5MKW",
        "title": "Babo Botanicals Sheer Zinc Continuous Sunscreen Spray SPF30 - Natural Zinc Oxide - Extra Sensitive Skin - Water Resistant - Vegan - Fragrance-Free - Air-Powered Spray - For all ages",
        "price": "$19.83 ($3.30 / Fl Oz)",
        "listPrice": "$22.00 ($3.67 / Fl Oz)",
        "imageUrl": "https://m.media-amazon.com/images/I/31HroXkePfL._SL160_.jpg",
        "detailPageURL": "https://www.amazon.com/dp/B01ALT5MKW",
        "rating": "4.3",
        "totalReviews": "4823",
        "subtitle": "",
        "isPrimeEligible": "1"
    },
    {
        "ASIN": "B084R1PWGV",
        "title": "Hawaiian Tropic Everyday Active Spray Sunscreen SPF 50, 6oz | Hawaiian Tropic Sunscreen SPF 50, Sunblock, Oxybenzone No Sunscreen, Spray On Sunscreen, Body Sunscreen Spray SPF 50, 6oz each Twin Pack",
        "price": "$21.94 ($1.83 / Ounce)",
        "listPrice": "",
        "imageUrl": "https://m.media-amazon.com/images/I/41VC9S8bUKL._SL160_.jpg",
        "detailPageURL": "https://www.amazon.com/dp/B084R1PWGV",
        "rating": "4.8",
        "totalReviews": "1599",
        "subtitle": "Hawaiian Tropic",
        "isPrimeEligible": "1"
    },
    {
        "ASIN": "B01MY051NZ",
        "title": "Hawaiian Tropic Everyday Active Lotion Sunscreen SPF 50, 8oz | Sunblock, Broad Spectrum & Oxybenzone Free Sunscreen, Water Resistant",
        "price": "$9.76 ($1.22 / Fl Oz)",
        "listPrice": "$13.99 ($1.75 / Fl Oz)",
        "imageUrl": "https://m.media-amazon.com/images/I/31jTeLLdt7L._SL160_.jpg",
        "detailPageURL": "https://www.amazon.com/dp/B01MY051NZ",
        "rating": "4.8",
        "totalReviews": "5815",
        "subtitle": "Hawaiian Tropic",
        "isPrimeEligible": "1"
    },
    {
        "ASIN": "B079YXK3L8",
        "title": "EltaMD UV Elements Tinted Sunscreen Moisturizer, SPF 44 Tinted SPF Moisturizer for Face and Body, Lightweight Oil Free Formula, Great for Using Under Makeup and Sensitive Skin Types, 2.0 oz Tube",
        "price": "$40.00 ($20.00 / Ounce)",
        "listPrice": "",
        "imageUrl": "https://m.media-amazon.com/images/I/41xRAhWL9mL._SL160_.jpg",
        "detailPageURL": "https://www.amazon.com/dp/B079YXK3L8",
        "rating": "4.6",
        "totalReviews": "12561",
        "subtitle": "",
        "isPrimeEligible": "1"
    },
    {
        "ASIN": "B07KLY4RYG",
        "title": "CeraVe 100% Mineral Sunscreen SPF 50 | Face Sunscreen with Zinc Oxide & Titanium Dioxide for Sensitive Skin | With Hyaluronic Acid, Niacinamide, and Ceramides | 2.5 oz",
        "price": "$13.97 ($5.59 / Fl Oz)",
        "listPrice": "$14.99 ($6.00 / Fl Oz)",
        "imageUrl": "https://m.media-amazon.com/images/I/51-3uqKYqLL._SL160_.jpg",
        "detailPageURL": "https://www.amazon.com/dp/B07KLY4RYG",
        "rating": "3.9",
        "totalReviews": "17159",
        "subtitle": "CeraVe",
        "isPrimeEligible": "1"
    },
    {
        "ASIN": "B087H5FFGK",
        "title": "Supergoop! PLAY Everyday Lotion SPF 50 18.0 oz/ 532 mL",
        "price": "$68.00 ($3.78 / Fl Oz)",
        "listPrice": "",
        "imageUrl": "https://m.media-amazon.com/images/I/31ZMoYhtPDL._SL160_.jpg",
        "detailPageURL": "https://www.amazon.com/dp/B087H5FFGK",
        "rating": "4.6",
        "totalReviews": "7457",
        "subtitle": "Supergoop!",
        "isPrimeEligible": "1"
    },
    {
        "ASIN": "B004CDQ73K",
        "title": "Thinkbaby SPF 50+ Baby Sunscreen \u2013 Safe, Natural Sunblock for Babies - Water Resistant Sun Cream \u2013 Broad Spectrum UVA/UVB Sun Protection \u2013 Vegan Mineral Sun Lotion, 3 Oz.",
        "price": "$11.50 ($3.83 / Ounce)",
        "listPrice": "$14.49 ($4.83 / Ounce)",
        "imageUrl": "https://m.media-amazon.com/images/I/31kHOU82sLL._SL160_.jpg",
        "detailPageURL": "https://www.amazon.com/dp/B004CDQ73K",
        "rating": "4.7",
        "totalReviews": "19643",
        "subtitle": "THINK",
        "isPrimeEligible": "1"
    },
    {
        "ASIN": "B008VK3F94",
        "title": "EltaMD UV Sport Body Sunscreen, SPF 50 Sport Sunscreen Lotion, Sweat Resistant and Water Resistant up to 80 Minutes, Formulated with Zinc Oxide, Oil Free, Full Body Sunscreen, 3 oz Tube",
        "price": "$30.00 ($10.00 / Ounce)",
        "listPrice": "",
        "imageUrl": "https://m.media-amazon.com/images/I/31hS0-Rg4tL._SL160_.jpg",
        "detailPageURL": "https://www.amazon.com/dp/B008VK3F94",
        "rating": "4.7",
        "totalReviews": "11738",
        "subtitle": "",
        "isPrimeEligible": "1"
    },
    {
        "ASIN": "B004CDTCOQ",
        "title": "Banana Boat Sport Ultra SPF 100 Sunscreen Spray, 6oz | High SPF & Water Resistant",
        "price": "$10.97 ($1.83 / Ounce)",
        "listPrice": "$13.99 ($2.33 / Ounce)",
        "imageUrl": "https://m.media-amazon.com/images/I/41-+5yfWBNS._SL160_.jpg",
        "detailPageURL": "https://www.amazon.com/dp/B004CDTCOQ",
        "rating": "4.7",
        "totalReviews": "11473",
        "subtitle": "Banana Boat",
        "isPrimeEligible": "1"
    },
    {
        "ASIN": "B01ALT5MKW",
        "title": "Babo Botanicals Sheer Zinc Continuous Sunscreen Spray SPF30 - Natural Zinc Oxide - Extra Sensitive Skin - Water Resistant - Vegan - Fragrance-Free - Air-Powered Spray - For all ages",
        "price": "$19.83 ($3.30 / Fl Oz)",
        "listPrice": "$22.00 ($3.67 / Fl Oz)",
        "imageUrl": "https://m.media-amazon.com/images/I/31HroXkePfL._SL160_.jpg",
        "detailPageURL": "https://www.amazon.com/dp/B01ALT5MKW",
        "rating": "4.3",
        "totalReviews": "4823",
        "subtitle": "",
        "isPrimeEligible": "1"
    },
    {
        "ASIN": "B084R1PWGV",
        "title": "Hawaiian Tropic Everyday Active Spray Sunscreen SPF 50, 6oz | Hawaiian Tropic Sunscreen SPF 50, Sunblock, Oxybenzone No Sunscreen, Spray On Sunscreen, Body Sunscreen Spray SPF 50, 6oz each Twin Pack",
        "price": "$21.94 ($1.83 / Ounce)",
        "listPrice": "",
        "imageUrl": "https://m.media-amazon.com/images/I/41VC9S8bUKL._SL160_.jpg",
        "detailPageURL": "https://www.amazon.com/dp/B084R1PWGV",
        "rating": "4.8",
        "totalReviews": "1599",
        "subtitle": "Hawaiian Tropic",
        "isPrimeEligible": "1"
    },
    {
        "ASIN": "B01MY051NZ",
        "title": "Hawaiian Tropic Everyday Active Lotion Sunscreen SPF 50, 8oz | Sunblock, Broad Spectrum & Oxybenzone Free Sunscreen, Water Resistant",
        "price": "$9.76 ($1.22 / Fl Oz)",
        "listPrice": "$13.99 ($1.75 / Fl Oz)",
        "imageUrl": "https://m.media-amazon.com/images/I/31jTeLLdt7L._SL160_.jpg",
        "detailPageURL": "https://www.amazon.com/dp/B01MY051NZ",
        "rating": "4.8",
        "totalReviews": "5815",
        "subtitle": "Hawaiian Tropic",
        "isPrimeEligible": "1"
    },
    {
        "ASIN": "B01CTJU09A",
        "title": "La Prairie Cellular Swiss UV Protection Veil SPF 50 Women's Sunscreen, 1.7 Fl Oz",
        "price": "$185.49 ($109.11 / Ounce)",
        "listPrice": "",
        "imageUrl": "https://m.media-amazon.com/images/I/31GO-Psr22L._SL160_.jpg",
        "detailPageURL": "https://www.amazon.com/dp/B01CTJU09A",
        "rating": "4.0",
        "totalReviews": "58",
        "subtitle": "La Prairie",
        "isPrimeEligible": "1"
    },
    {
        "ASIN": "B07KLY4RYG",
        "title": "CeraVe 100% Mineral Sunscreen SPF 50 | Face Sunscreen with Zinc Oxide & Titanium Dioxide for Sensitive Skin | With Hyaluronic Acid, Niacinamide, and Ceramides | 2.5 oz",
        "price": "$13.97 ($5.59 / Fl Oz)",
        "listPrice": "$14.99 ($6.00 / Fl Oz)",
        "imageUrl": "https://m.media-amazon.com/images/I/51-3uqKYqLL._SL160_.jpg",
        "detailPageURL": "https://www.amazon.com/dp/B07KLY4RYG",
        "rating": "3.9",
        "totalReviews": "17159",
        "subtitle": "CeraVe",
        "isPrimeEligible": "1"
    },
    {
        "ASIN": "B087H5FFGK",
        "title": "Supergoop! PLAY Everyday Lotion SPF 50 18.0 oz/ 532 mL",
        "price": "$68.00 ($3.78 / Fl Oz)",
        "listPrice": "",
        "imageUrl": "https://m.media-amazon.com/images/I/31ZMoYhtPDL._SL160_.jpg",
        "detailPageURL": "https://www.amazon.com/dp/B087H5FFGK",
        "rating": "4.6",
        "totalReviews": "7457",
        "subtitle": "Supergoop!",
        "isPrimeEligible": "1"
    },
    {
        "ASIN": "B004CDQ73K",
        "title": "Thinkbaby SPF 50+ Baby Sunscreen \u2013 Safe, Natural Sunblock for Babies - Water Resistant Sun Cream \u2013 Broad Spectrum UVA/UVB Sun Protection \u2013 Vegan Mineral Sun Lotion, 3 Oz.",
        "price": "$11.50 ($3.83 / Ounce)",
        "listPrice": "$14.49 ($4.83 / Ounce)",
        "imageUrl": "https://m.media-amazon.com/images/I/31kHOU82sLL._SL160_.jpg",
        "detailPageURL": "https://www.amazon.com/dp/B004CDQ73K",
        "rating": "4.7",
        "totalReviews": "19643",
        "subtitle": "THINK",
        "isPrimeEligible": "1"
    },
    {
        "ASIN": "B008VK3F94",
        "title": "EltaMD UV Sport Body Sunscreen, SPF 50 Sport Sunscreen Lotion, Sweat Resistant and Water Resistant up to 80 Minutes, Formulated with Zinc Oxide, Oil Free, Full Body Sunscreen, 3 oz Tube",
        "price": "$30.00 ($10.00 / Ounce)",
        "listPrice": "",
        "imageUrl": "https://m.media-amazon.com/images/I/31hS0-Rg4tL._SL160_.jpg",
        "detailPageURL": "https://www.amazon.com/dp/B008VK3F94",
        "rating": "4.7",
        "totalReviews": "11738",
        "subtitle": "",
        "isPrimeEligible": "1"
    },
    {
        "ASIN": "B004CDTCOQ",
        "title": "Banana Boat Sport Ultra SPF 100 Sunscreen Spray, 6oz | High SPF & Water Resistant",
        "price": "$10.97 ($1.83 / Ounce)",
        "listPrice": "$13.99 ($2.33 / Ounce)",
        "imageUrl": "https://m.media-amazon.com/images/I/41-+5yfWBNS._SL160_.jpg",
        "detailPageURL": "https://www.amazon.com/dp/B004CDTCOQ",
        "rating": "4.7",
        "totalReviews": "11473",
        "subtitle": "Banana Boat",
        "isPrimeEligible": "1"
    },
    {
        "ASIN": "B01ALT5MKW",
        "title": "Babo Botanicals Sheer Zinc Continuous Sunscreen Spray SPF30 - Natural Zinc Oxide - Extra Sensitive Skin - Water Resistant - Vegan - Fragrance-Free - Air-Powered Spray - For all ages",
        "price": "$19.83 ($3.30 / Fl Oz)",
        "listPrice": "$22.00 ($3.67 / Fl Oz)",
        "imageUrl": "https://m.media-amazon.com/images/I/31HroXkePfL._SL160_.jpg",
        "detailPageURL": "https://www.amazon.com/dp/B01ALT5MKW",
        "rating": "4.3",
        "totalReviews": "4823",
        "subtitle": "",
        "isPrimeEligible": "1"
    },
    {
        "ASIN": "B084R1PWGV",
        "title": "Hawaiian Tropic Everyday Active Spray Sunscreen SPF 50, 6oz | Hawaiian Tropic Sunscreen SPF 50, Sunblock, Oxybenzone No Sunscreen, Spray On Sunscreen, Body Sunscreen Spray SPF 50, 6oz each Twin Pack",
        "price": "$21.94 ($1.83 / Ounce)",
        "listPrice": "",
        "imageUrl": "https://m.media-amazon.com/images/I/41VC9S8bUKL._SL160_.jpg",
        "detailPageURL": "https://www.amazon.com/dp/B084R1PWGV",
        "rating": "4.8",
        "totalReviews": "1599",
        "subtitle": "Hawaiian Tropic",
        "isPrimeEligible": "1"
    },
    {
        "ASIN": "B01MY051NZ",
        "title": "Hawaiian Tropic Everyday Active Lotion Sunscreen SPF 50, 8oz | Sunblock, Broad Spectrum & Oxybenzone Free Sunscreen, Water Resistant",
        "price": "$9.76 ($1.22 / Fl Oz)",
        "listPrice": "$13.99 ($1.75 / Fl Oz)",
        "imageUrl": "https://m.media-amazon.com/images/I/31jTeLLdt7L._SL160_.jpg",
        "detailPageURL": "https://www.amazon.com/dp/B01MY051NZ",
        "rating": "4.8",
        "totalReviews": "5815",
        "subtitle": "Hawaiian Tropic",
        "isPrimeEligible": "1"
    },
    {
        "ASIN": "B01CTJU09A",
        "title": "La Prairie Cellular Swiss UV Protection Veil SPF 50 Women's Sunscreen, 1.7 Fl Oz",
        "price": "$185.49 ($109.11 / Ounce)",
        "listPrice": "",
        "imageUrl": "https://m.media-amazon.com/images/I/31GO-Psr22L._SL160_.jpg",
        "detailPageURL": "https://www.amazon.com/dp/B01CTJU09A",
        "rating": "4.0",
        "totalReviews": "58",
        "subtitle": "La Prairie",
        "isPrimeEligible": "1"
    },
    {
        "ASIN": "B01C64NN8I",
        "title": "Sun Bum Original Moisturizing Sunscreen Spray SPF 30 | Vegan and Reef Friendly | Octinoxate & Oxybenzone Free | Broad Spectrum UVA/UVB Sunscreen",
        "price": "$55.00 ($3.06 / Fl Oz)",
        "listPrice": "",
        "imageUrl": "https://m.media-amazon.com/images/I/51roU0r26KL._SL160_.jpg",
        "detailPageURL": "https://www.amazon.com/dp/B01C64NN8I",
        "rating": "4.8",
        "totalReviews": "850",
        "subtitle": "Sun Bum",
        "isPrimeEligible": "1"
    },
    {
        "ASIN": "B087H5FFGK",
        "title": "Supergoop! PLAY Everyday Lotion SPF 50 18.0 oz/ 532 mL",
        "price": "$68.00 ($3.78 / Fl Oz)",
        "listPrice": "",
        "imageUrl": "https://m.media-amazon.com/images/I/31ZMoYhtPDL._SL160_.jpg",
        "detailPageURL": "https://www.amazon.com/dp/B087H5FFGK",
        "rating": "4.6",
        "totalReviews": "7457",
        "subtitle": "Supergoop!",
        "isPrimeEligible": "1"
    },
    {
        "ASIN": "B004CDQ73K",
        "title": "Thinkbaby SPF 50+ Baby Sunscreen \u2013 Safe, Natural Sunblock for Babies - Water Resistant Sun Cream \u2013 Broad Spectrum UVA/UVB Sun Protection \u2013 Vegan Mineral Sun Lotion, 3 Oz.",
        "price": "$11.50 ($3.83 / Ounce)",
        "listPrice": "$14.49 ($4.83 / Ounce)",
        "imageUrl": "https://m.media-amazon.com/images/I/31kHOU82sLL._SL160_.jpg",
        "detailPageURL": "https://www.amazon.com/dp/B004CDQ73K",
        "rating": "4.7",
        "totalReviews": "19643",
        "subtitle": "THINK",
        "isPrimeEligible": "1"
    },
    {
        "ASIN": "B008VK3F94",
        "title": "EltaMD UV Sport Body Sunscreen, SPF 50 Sport Sunscreen Lotion, Sweat Resistant and Water Resistant up to 80 Minutes, Formulated with Zinc Oxide, Oil Free, Full Body Sunscreen, 3 oz Tube",
        "price": "$30.00 ($10.00 / Ounce)",
        "listPrice": "",
        "imageUrl": "https://m.media-amazon.com/images/I/31hS0-Rg4tL._SL160_.jpg",
        "detailPageURL": "https://www.amazon.com/dp/B008VK3F94",
        "rating": "4.7",
        "totalReviews": "11738",
        "subtitle": "",
        "isPrimeEligible": "1"
    },
    {
        "ASIN": "B004CDTCOQ",
        "title": "Banana Boat Sport Ultra SPF 100 Sunscreen Spray, 6oz | High SPF & Water Resistant",
        "price": "$10.97 ($1.83 / Ounce)",
        "listPrice": "$13.99 ($2.33 / Ounce)",
        "imageUrl": "https://m.media-amazon.com/images/I/41-+5yfWBNS._SL160_.jpg",
        "detailPageURL": "https://www.amazon.com/dp/B004CDTCOQ",
        "rating": "4.7",
        "totalReviews": "11473",
        "subtitle": "Banana Boat",
        "isPrimeEligible": "1"
    },
    {
        "ASIN": "B01ALT5MKW",
        "title": "Babo Botanicals Sheer Zinc Continuous Sunscreen Spray SPF30 - Natural Zinc Oxide - Extra Sensitive Skin - Water Resistant - Vegan - Fragrance-Free - Air-Powered Spray - For all ages",
        "price": "$19.83 ($3.30 / Fl Oz)",
        "listPrice": "$22.00 ($3.67 / Fl Oz)",
        "imageUrl": "https://m.media-amazon.com/images/I/31HroXkePfL._SL160_.jpg",
        "detailPageURL": "https://www.amazon.com/dp/B01ALT5MKW",
        "rating": "4.3",
        "totalReviews": "4823",
        "subtitle": "",
        "isPrimeEligible": "1"
    },
    {
        "ASIN": "B084R1PWGV",
        "title": "Hawaiian Tropic Everyday Active Spray Sunscreen SPF 50, 6oz | Hawaiian Tropic Sunscreen SPF 50, Sunblock, Oxybenzone No Sunscreen, Spray On Sunscreen, Body Sunscreen Spray SPF 50, 6oz each Twin Pack",
        "price": "$21.94 ($1.83 / Ounce)",
        "listPrice": "",
        "imageUrl": "https://m.media-amazon.com/images/I/41VC9S8bUKL._SL160_.jpg",
        "detailPageURL": "https://www.amazon.com/dp/B084R1PWGV",
        "rating": "4.8",
        "totalReviews": "1599",
        "subtitle": "Hawaiian Tropic",
        "isPrimeEligible": "1"
    },
    {
        "ASIN": "B01MY051NZ",
        "title": "Hawaiian Tropic Everyday Active Lotion Sunscreen SPF 50, 8oz | Sunblock, Broad Spectrum & Oxybenzone Free Sunscreen, Water Resistant",
        "price": "$9.76 ($1.22 / Fl Oz)",
        "listPrice": "$13.99 ($1.75 / Fl Oz)",
        "imageUrl": "https://m.media-amazon.com/images/I/31jTeLLdt7L._SL160_.jpg",
        "detailPageURL": "https://www.amazon.com/dp/B01MY051NZ",
        "rating": "4.8",
        "totalReviews": "5815",
        "subtitle": "Hawaiian Tropic",
        "isPrimeEligible": "1"
    },
    {
        "ASIN": "B01CTJU09A",
        "title": "La Prairie Cellular Swiss UV Protection Veil SPF 50 Women's Sunscreen, 1.7 Fl Oz",
        "price": "$185.49 ($109.11 / Ounce)",
        "listPrice": "",
        "imageUrl": "https://m.media-amazon.com/images/I/31GO-Psr22L._SL160_.jpg",
        "detailPageURL": "https://www.amazon.com/dp/B01CTJU09A",
        "rating": "4.0",
        "totalReviews": "58",
        "subtitle": "La Prairie",
        "isPrimeEligible": "1"
    },
    {
        "ASIN": "B01C64NN8I",
        "title": "Sun Bum Original Moisturizing Sunscreen Spray SPF 30 | Vegan and Reef Friendly | Octinoxate & Oxybenzone Free | Broad Spectrum UVA/UVB Sunscreen",
        "price": "$55.00 ($3.06 / Fl Oz)",
        "listPrice": "",
        "imageUrl": "https://m.media-amazon.com/images/I/51roU0r26KL._SL160_.jpg",
        "detailPageURL": "https://www.amazon.com/dp/B01C64NN8I",
        "rating": "4.8",
        "totalReviews": "850",
        "subtitle": "Sun Bum",
        "isPrimeEligible": "1"
    },
    {
        "ASIN": "B09JTW4J3N",
        "title": "Neutrogena Hydro Boost Water Gel Sunscreen Lotion with Broad Spectrum SPF 50, Water-Resistant Hydrating Body Sunscreen, Non-Greasy, Hyaluronic Acid, Travel Size, 3 fl. Oz, Pack of 3",
        "price": "$29.91 ($3.32 / Fl Oz)",
        "listPrice": "$35.97 ($4.00 / Fl Oz)",
        "imageUrl": "https://m.media-amazon.com/images/I/51n9q77vYdL._SL160_.jpg",
        "detailPageURL": "https://www.amazon.com/dp/B09JTW4J3N",
        "rating": "4.6",
        "totalReviews": "1581",
        "subtitle": "Neutrogena",
        "isPrimeEligible": "1"
    },
    {
        "ASIN": "B004CDQ73K",
        "title": "Thinkbaby SPF 50+ Baby Sunscreen \u2013 Safe, Natural Sunblock for Babies - Water Resistant Sun Cream \u2013 Broad Spectrum UVA/UVB Sun Protection \u2013 Vegan Mineral Sun Lotion, 3 Oz.",
        "price": "$11.50 ($3.83 / Ounce)",
        "listPrice": "$14.49 ($4.83 / Ounce)",
        "imageUrl": "https://m.media-amazon.com/images/I/31kHOU82sLL._SL160_.jpg",
        "detailPageURL": "https://www.amazon.com/dp/B004CDQ73K",
        "rating": "4.7",
        "totalReviews": "19643",
        "subtitle": "THINK",
        "isPrimeEligible": "1"
    },
    {
        "ASIN": "B008VK3F94",
        "title": "EltaMD UV Sport Body Sunscreen, SPF 50 Sport Sunscreen Lotion, Sweat Resistant and Water Resistant up to 80 Minutes, Formulated with Zinc Oxide, Oil Free, Full Body Sunscreen, 3 oz Tube",
        "price": "$30.00 ($10.00 / Ounce)",
        "listPrice": "",
        "imageUrl": "https://m.media-amazon.com/images/I/31hS0-Rg4tL._SL160_.jpg",
        "detailPageURL": "https://www.amazon.com/dp/B008VK3F94",
        "rating": "4.7",
        "totalReviews": "11738",
        "subtitle": "",
        "isPrimeEligible": "1"
    },
    {
        "ASIN": "B004CDTCOQ",
        "title": "Banana Boat Sport Ultra SPF 100 Sunscreen Spray, 6oz | High SPF & Water Resistant",
        "price": "$10.97 ($1.83 / Ounce)",
        "listPrice": "$13.99 ($2.33 / Ounce)",
        "imageUrl": "https://m.media-amazon.com/images/I/41-+5yfWBNS._SL160_.jpg",
        "detailPageURL": "https://www.amazon.com/dp/B004CDTCOQ",
        "rating": "4.7",
        "totalReviews": "11473",
        "subtitle": "Banana Boat",
        "isPrimeEligible": "1"
    },
    {
        "ASIN": "B01ALT5MKW",
        "title": "Babo Botanicals Sheer Zinc Continuous Sunscreen Spray SPF30 - Natural Zinc Oxide - Extra Sensitive Skin - Water Resistant - Vegan - Fragrance-Free - Air-Powered Spray - For all ages",
        "price": "$19.83 ($3.30 / Fl Oz)",
        "listPrice": "$22.00 ($3.67 / Fl Oz)",
        "imageUrl": "https://m.media-amazon.com/images/I/31HroXkePfL._SL160_.jpg",
        "detailPageURL": "https://www.amazon.com/dp/B01ALT5MKW",
        "rating": "4.3",
        "totalReviews": "4823",
        "subtitle": "",
        "isPrimeEligible": "1"
    },
    {
        "ASIN": "B084R1PWGV",
        "title": "Hawaiian Tropic Everyday Active Spray Sunscreen SPF 50, 6oz | Hawaiian Tropic Sunscreen SPF 50, Sunblock, Oxybenzone No Sunscreen, Spray On Sunscreen, Body Sunscreen Spray SPF 50, 6oz each Twin Pack",
        "price": "$21.94 ($1.83 / Ounce)",
        "listPrice": "",
        "imageUrl": "https://m.media-amazon.com/images/I/41VC9S8bUKL._SL160_.jpg",
        "detailPageURL": "https://www.amazon.com/dp/B084R1PWGV",
        "rating": "4.8",
        "totalReviews": "1599",
        "subtitle": "Hawaiian Tropic",
        "isPrimeEligible": "1"
    },
    {
        "ASIN": "B01MY051NZ",
        "title": "Hawaiian Tropic Everyday Active Lotion Sunscreen SPF 50, 8oz | Sunblock, Broad Spectrum & Oxybenzone Free Sunscreen, Water Resistant",
        "price": "$9.76 ($1.22 / Fl Oz)",
        "listPrice": "$13.99 ($1.75 / Fl Oz)",
        "imageUrl": "https://m.media-amazon.com/images/I/31jTeLLdt7L._SL160_.jpg",
        "detailPageURL": "https://www.amazon.com/dp/B01MY051NZ",
        "rating": "4.8",
        "totalReviews": "5815",
        "subtitle": "Hawaiian Tropic",
        "isPrimeEligible": "1"
    },
    {
        "ASIN": "B01CTJU09A",
        "title": "La Prairie Cellular Swiss UV Protection Veil SPF 50 Women's Sunscreen, 1.7 Fl Oz",
        "price": "$185.49 ($109.11 / Ounce)",
        "listPrice": "",
        "imageUrl": "https://m.media-amazon.com/images/I/31GO-Psr22L._SL160_.jpg",
        "detailPageURL": "https://www.amazon.com/dp/B01CTJU09A",
        "rating": "4.0",
        "totalReviews": "58",
        "subtitle": "La Prairie",
        "isPrimeEligible": "1"
    },
    {
        "ASIN": "B01C64NN8I",
        "title": "Sun Bum Original Moisturizing Sunscreen Spray SPF 30 | Vegan and Reef Friendly | Octinoxate & Oxybenzone Free | Broad Spectrum UVA/UVB Sunscreen",
        "price": "$55.00 ($3.06 / Fl Oz)",
        "listPrice": "",
        "imageUrl": "https://m.media-amazon.com/images/I/51roU0r26KL._SL160_.jpg",
        "detailPageURL": "https://www.amazon.com/dp/B01C64NN8I",
        "rating": "4.8",
        "totalReviews": "850",
        "subtitle": "Sun Bum",
        "isPrimeEligible": "1"
    },
    {
        "ASIN": "B09JTW4J3N",
        "title": "Neutrogena Hydro Boost Water Gel Sunscreen Lotion with Broad Spectrum SPF 50, Water-Resistant Hydrating Body Sunscreen, Non-Greasy, Hyaluronic Acid, Travel Size, 3 fl. Oz, Pack of 3",
        "price": "$29.91 ($3.32 / Fl Oz)",
        "listPrice": "$35.97 ($4.00 / Fl Oz)",
        "imageUrl": "https://m.media-amazon.com/images/I/51n9q77vYdL._SL160_.jpg",
        "detailPageURL": "https://www.amazon.com/dp/B09JTW4J3N",
        "rating": "4.6",
        "totalReviews": "1581",
        "subtitle": "Neutrogena",
        "isPrimeEligible": "1"
    },
    {
        "ASIN": "B08Q86TZMK",
        "title": "Bondi Sands Fragrance Free Daily Sunscreen Face Lotion SPF 50 | Hydrating UVA + UVB Protection, Non-Greasy, Gentle, Water Resistant | 2.53 Oz/75 mL",
        "price": "$6.99 ($2.76 / Fl Oz)",
        "listPrice": "",
        "imageUrl": "https://m.media-amazon.com/images/I/31boayTZCUS._SL160_.jpg",
        "detailPageURL": "https://www.amazon.com/dp/B08Q86TZMK",
        "rating": "4.5",
        "totalReviews": "4488",
        "subtitle": "",
        "isPrimeEligible": "1"
    },
    {
        "ASIN": "B008VK3F94",
        "title": "EltaMD UV Sport Body Sunscreen, SPF 50 Sport Sunscreen Lotion, Sweat Resistant and Water Resistant up to 80 Minutes, Formulated with Zinc Oxide, Oil Free, Full Body Sunscreen, 3 oz Tube",
        "price": "$30.00 ($10.00 / Ounce)",
        "listPrice": "",
        "imageUrl": "https://m.media-amazon.com/images/I/31hS0-Rg4tL._SL160_.jpg",
        "detailPageURL": "https://www.amazon.com/dp/B008VK3F94",
        "rating": "4.7",
        "totalReviews": "11738",
        "subtitle": "",
        "isPrimeEligible": "1"
    },
    {
        "ASIN": "B004CDTCOQ",
        "title": "Banana Boat Sport Ultra SPF 100 Sunscreen Spray, 6oz | High SPF & Water Resistant",
        "price": "$10.97 ($1.83 / Ounce)",
        "listPrice": "$13.99 ($2.33 / Ounce)",
        "imageUrl": "https://m.media-amazon.com/images/I/41-+5yfWBNS._SL160_.jpg",
        "detailPageURL": "https://www.amazon.com/dp/B004CDTCOQ",
        "rating": "4.7",
        "totalReviews": "11473",
        "subtitle": "Banana Boat",
        "isPrimeEligible": "1"
    },
    {
        "ASIN": "B01ALT5MKW",
        "title": "Babo Botanicals Sheer Zinc Continuous Sunscreen Spray SPF30 - Natural Zinc Oxide - Extra Sensitive Skin - Water Resistant - Vegan - Fragrance-Free - Air-Powered Spray - For all ages",
        "price": "$19.83 ($3.30 / Fl Oz)",
        "listPrice": "$22.00 ($3.67 / Fl Oz)",
        "imageUrl": "https://m.media-amazon.com/images/I/31HroXkePfL._SL160_.jpg",
        "detailPageURL": "https://www.amazon.com/dp/B01ALT5MKW",
        "rating": "4.3",
        "totalReviews": "4823",
        "subtitle": "",
        "isPrimeEligible": "1"
    },
    {
        "ASIN": "B084R1PWGV",
        "title": "Hawaiian Tropic Everyday Active Spray Sunscreen SPF 50, 6oz | Hawaiian Tropic Sunscreen SPF 50, Sunblock, Oxybenzone No Sunscreen, Spray On Sunscreen, Body Sunscreen Spray SPF 50, 6oz each Twin Pack",
        "price": "$21.94 ($1.83 / Ounce)",
        "listPrice": "",
        "imageUrl": "https://m.media-amazon.com/images/I/41VC9S8bUKL._SL160_.jpg",
        "detailPageURL": "https://www.amazon.com/dp/B084R1PWGV",
        "rating": "4.8",
        "totalReviews": "1599",
        "subtitle": "Hawaiian Tropic",
        "isPrimeEligible": "1"
    },
    {
        "ASIN": "B01MY051NZ",
        "title": "Hawaiian Tropic Everyday Active Lotion Sunscreen SPF 50, 8oz | Sunblock, Broad Spectrum & Oxybenzone Free Sunscreen, Water Resistant",
        "price": "$9.76 ($1.22 / Fl Oz)",
        "listPrice": "$13.99 ($1.75 / Fl Oz)",
        "imageUrl": "https://m.media-amazon.com/images/I/31jTeLLdt7L._SL160_.jpg",
        "detailPageURL": "https://www.amazon.com/dp/B01MY051NZ",
        "rating": "4.8",
        "totalReviews": "5815",
        "subtitle": "Hawaiian Tropic",
        "isPrimeEligible": "1"
    },
    {
        "ASIN": "B01CTJU09A",
        "title": "La Prairie Cellular Swiss UV Protection Veil SPF 50 Women's Sunscreen, 1.7 Fl Oz",
        "price": "$185.49 ($109.11 / Ounce)",
        "listPrice": "",
        "imageUrl": "https://m.media-amazon.com/images/I/31GO-Psr22L._SL160_.jpg",
        "detailPageURL": "https://www.amazon.com/dp/B01CTJU09A",
        "rating": "4.0",
        "totalReviews": "58",
        "subtitle": "La Prairie",
        "isPrimeEligible": "1"
    },
    {
        "ASIN": "B01C64NN8I",
        "title": "Sun Bum Original Moisturizing Sunscreen Spray SPF 30 | Vegan and Reef Friendly | Octinoxate & Oxybenzone Free | Broad Spectrum UVA/UVB Sunscreen",
        "price": "$55.00 ($3.06 / Fl Oz)",
        "listPrice": "",
        "imageUrl": "https://m.media-amazon.com/images/I/51roU0r26KL._SL160_.jpg",
        "detailPageURL": "https://www.amazon.com/dp/B01C64NN8I",
        "rating": "4.8",
        "totalReviews": "850",
        "subtitle": "Sun Bum",
        "isPrimeEligible": "1"
    },
    {
        "ASIN": "B09JTW4J3N",
        "title": "Neutrogena Hydro Boost Water Gel Sunscreen Lotion with Broad Spectrum SPF 50, Water-Resistant Hydrating Body Sunscreen, Non-Greasy, Hyaluronic Acid, Travel Size, 3 fl. Oz, Pack of 3",
        "price": "$29.91 ($3.32 / Fl Oz)",
        "listPrice": "$35.97 ($4.00 / Fl Oz)",
        "imageUrl": "https://m.media-amazon.com/images/I/51n9q77vYdL._SL160_.jpg",
        "detailPageURL": "https://www.amazon.com/dp/B09JTW4J3N",
        "rating": "4.6",
        "totalReviews": "1581",
        "subtitle": "Neutrogena",
        "isPrimeEligible": "1"
    },
    {
        "ASIN": "B08Q86TZMK",
        "title": "Bondi Sands Fragrance Free Daily Sunscreen Face Lotion SPF 50 | Hydrating UVA + UVB Protection, Non-Greasy, Gentle, Water Resistant | 2.53 Oz/75 mL",
        "price": "$6.99 ($2.76 / Fl Oz)",
        "listPrice": "",
        "imageUrl": "https://m.media-amazon.com/images/I/31boayTZCUS._SL160_.jpg",
        "detailPageURL": "https://www.amazon.com/dp/B08Q86TZMK",
        "rating": "4.5",
        "totalReviews": "4488",
        "subtitle": "",
        "isPrimeEligible": "1"
    },
    {
        "ASIN": "B084R247SP",
        "title": "Hawaiian Tropic Sheer Touch Lotion Sunscreen SPF 50, 8oz | Hawaiian Tropic Sunscreen SPF 50, Sunblock, Oxybenzone Free Sunscreen, Body Sunscreen Pack SPF 50, 8oz each Twin Pack",
        "price": "$20.35 ($1.27 / Ounce)",
        "listPrice": "",
        "imageUrl": "https://m.media-amazon.com/images/I/41RQ2KijbeL._SL160_.jpg",
        "detailPageURL": "https://www.amazon.com/dp/B084R247SP",
        "rating": "4.8",
        "totalReviews": "2869",
        "subtitle": "Hawaiian Tropic",
        "isPrimeEligible": "1"
    },
    {
        "ASIN": "B004CDTCOQ",
        "title": "Banana Boat Sport Ultra SPF 100 Sunscreen Spray, 6oz | High SPF & Water Resistant",
        "price": "$10.97 ($1.83 / Ounce)",
        "listPrice": "$13.99 ($2.33 / Ounce)",
        "imageUrl": "https://m.media-amazon.com/images/I/41-+5yfWBNS._SL160_.jpg",
        "detailPageURL": "https://www.amazon.com/dp/B004CDTCOQ",
        "rating": "4.7",
        "totalReviews": "11473",
        "subtitle": "Banana Boat",
        "isPrimeEligible": "1"
    },
    {
        "ASIN": "B01ALT5MKW",
        "title": "Babo Botanicals Sheer Zinc Continuous Sunscreen Spray SPF30 - Natural Zinc Oxide - Extra Sensitive Skin - Water Resistant - Vegan - Fragrance-Free - Air-Powered Spray - For all ages",
        "price": "$19.83 ($3.30 / Fl Oz)",
        "listPrice": "$22.00 ($3.67 / Fl Oz)",
        "imageUrl": "https://m.media-amazon.com/images/I/31HroXkePfL._SL160_.jpg",
        "detailPageURL": "https://www.amazon.com/dp/B01ALT5MKW",
        "rating": "4.3",
        "totalReviews": "4823",
        "subtitle": "",
        "isPrimeEligible": "1"
    },
    {
        "ASIN": "B084R1PWGV",
        "title": "Hawaiian Tropic Everyday Active Spray Sunscreen SPF 50, 6oz | Hawaiian Tropic Sunscreen SPF 50, Sunblock, Oxybenzone No Sunscreen, Spray On Sunscreen, Body Sunscreen Spray SPF 50, 6oz each Twin Pack",
        "price": "$21.94 ($1.83 / Ounce)",
        "listPrice": "",
        "imageUrl": "https://m.media-amazon.com/images/I/41VC9S8bUKL._SL160_.jpg",
        "detailPageURL": "https://www.amazon.com/dp/B084R1PWGV",
        "rating": "4.8",
        "totalReviews": "1599",
        "subtitle": "Hawaiian Tropic",
        "isPrimeEligible": "1"
    },
    {
        "ASIN": "B01MY051NZ",
        "title": "Hawaiian Tropic Everyday Active Lotion Sunscreen SPF 50, 8oz | Sunblock, Broad Spectrum & Oxybenzone Free Sunscreen, Water Resistant",
        "price": "$9.76 ($1.22 / Fl Oz)",
        "listPrice": "$13.99 ($1.75 / Fl Oz)",
        "imageUrl": "https://m.media-amazon.com/images/I/31jTeLLdt7L._SL160_.jpg",
        "detailPageURL": "https://www.amazon.com/dp/B01MY051NZ",
        "rating": "4.8",
        "totalReviews": "5815",
        "subtitle": "Hawaiian Tropic",
        "isPrimeEligible": "1"
    },
    {
        "ASIN": "B01CTJU09A",
        "title": "La Prairie Cellular Swiss UV Protection Veil SPF 50 Women's Sunscreen, 1.7 Fl Oz",
        "price": "$185.49 ($109.11 / Ounce)",
        "listPrice": "",
        "imageUrl": "https://m.media-amazon.com/images/I/31GO-Psr22L._SL160_.jpg",
        "detailPageURL": "https://www.amazon.com/dp/B01CTJU09A",
        "rating": "4.0",
        "totalReviews": "58",
        "subtitle": "La Prairie",
        "isPrimeEligible": "1"
    },
    {
        "ASIN": "B01C64NN8I",
        "title": "Sun Bum Original Moisturizing Sunscreen Spray SPF 30 | Vegan and Reef Friendly | Octinoxate & Oxybenzone Free | Broad Spectrum UVA/UVB Sunscreen",
        "price": "$55.00 ($3.06 / Fl Oz)",
        "listPrice": "",
        "imageUrl": "https://m.media-amazon.com/images/I/51roU0r26KL._SL160_.jpg",
        "detailPageURL": "https://www.amazon.com/dp/B01C64NN8I",
        "rating": "4.8",
        "totalReviews": "850",
        "subtitle": "Sun Bum",
        "isPrimeEligible": "1"
    },
    {
        "ASIN": "B09JTW4J3N",
        "title": "Neutrogena Hydro Boost Water Gel Sunscreen Lotion with Broad Spectrum SPF 50, Water-Resistant Hydrating Body Sunscreen, Non-Greasy, Hyaluronic Acid, Travel Size, 3 fl. Oz, Pack of 3",
        "price": "$29.91 ($3.32 / Fl Oz)",
        "listPrice": "$35.97 ($4.00 / Fl Oz)",
        "imageUrl": "https://m.media-amazon.com/images/I/51n9q77vYdL._SL160_.jpg",
        "detailPageURL": "https://www.amazon.com/dp/B09JTW4J3N",
        "rating": "4.6",
        "totalReviews": "1581",
        "subtitle": "Neutrogena",
        "isPrimeEligible": "1"
    },
    {
        "ASIN": "B08Q86TZMK",
        "title": "Bondi Sands Fragrance Free Daily Sunscreen Face Lotion SPF 50 | Hydrating UVA + UVB Protection, Non-Greasy, Gentle, Water Resistant | 2.53 Oz/75 mL",
        "price": "$6.99 ($2.76 / Fl Oz)",
        "listPrice": "",
        "imageUrl": "https://m.media-amazon.com/images/I/31boayTZCUS._SL160_.jpg",
        "detailPageURL": "https://www.amazon.com/dp/B08Q86TZMK",
        "rating": "4.5",
        "totalReviews": "4488",
        "subtitle": "",
        "isPrimeEligible": "1"
    },
    {
        "ASIN": "B084R247SP",
        "title": "Hawaiian Tropic Sheer Touch Lotion Sunscreen SPF 50, 8oz | Hawaiian Tropic Sunscreen SPF 50, Sunblock, Oxybenzone Free Sunscreen, Body Sunscreen Pack SPF 50, 8oz each Twin Pack",
        "price": "$20.35 ($1.27 / Ounce)",
        "listPrice": "",
        "imageUrl": "https://m.media-amazon.com/images/I/41RQ2KijbeL._SL160_.jpg",
        "detailPageURL": "https://www.amazon.com/dp/B084R247SP",
        "rating": "4.8",
        "totalReviews": "2869",
        "subtitle": "Hawaiian Tropic",
        "isPrimeEligible": "1"
    },
    {
        "ASIN": "B093QKJFKS",
        "title": "Eau Thermale Av\u00e8ne Solaire UV Mineral Multi-Defense Sunscreen Fluid SPF 50+ - Non-Whitening - Antioxidant & Blue Light Protection - 1.7 fl. oz.",
        "price": "$36.00 ($21.18 / Fl Oz)",
        "listPrice": "",
        "imageUrl": "https://m.media-amazon.com/images/I/31Ft2+cd+nL._SL160_.jpg",
        "detailPageURL": "https://www.amazon.com/dp/B093QKJFKS",
        "rating": "4.3",
        "totalReviews": "437",
        "subtitle": "",
        "isPrimeEligible": "1"
    },
    {
        "ASIN": "B01ALT5MKW",
        "title": "Babo Botanicals Sheer Zinc Continuous Sunscreen Spray SPF30 - Natural Zinc Oxide - Extra Sensitive Skin - Water Resistant - Vegan - Fragrance-Free - Air-Powered Spray - For all ages",
        "price": "$19.83 ($3.30 / Fl Oz)",
        "listPrice": "$22.00 ($3.67 / Fl Oz)",
        "imageUrl": "https://m.media-amazon.com/images/I/31HroXkePfL._SL160_.jpg",
        "detailPageURL": "https://www.amazon.com/dp/B01ALT5MKW",
        "rating": "4.3",
        "totalReviews": "4823",
        "subtitle": "",
        "isPrimeEligible": "1"
    },
    {
        "ASIN": "B084R1PWGV",
        "title": "Hawaiian Tropic Everyday Active Spray Sunscreen SPF 50, 6oz | Hawaiian Tropic Sunscreen SPF 50, Sunblock, Oxybenzone No Sunscreen, Spray On Sunscreen, Body Sunscreen Spray SPF 50, 6oz each Twin Pack",
        "price": "$21.94 ($1.83 / Ounce)",
        "listPrice": "",
        "imageUrl": "https://m.media-amazon.com/images/I/41VC9S8bUKL._SL160_.jpg",
        "detailPageURL": "https://www.amazon.com/dp/B084R1PWGV",
        "rating": "4.8",
        "totalReviews": "1599",
        "subtitle": "Hawaiian Tropic",
        "isPrimeEligible": "1"
    },
    {
        "ASIN": "B01MY051NZ",
        "title": "Hawaiian Tropic Everyday Active Lotion Sunscreen SPF 50, 8oz | Sunblock, Broad Spectrum & Oxybenzone Free Sunscreen, Water Resistant",
        "price": "$9.76 ($1.22 / Fl Oz)",
        "listPrice": "$13.99 ($1.75 / Fl Oz)",
        "imageUrl": "https://m.media-amazon.com/images/I/31jTeLLdt7L._SL160_.jpg",
        "detailPageURL": "https://www.amazon.com/dp/B01MY051NZ",
        "rating": "4.8",
        "totalReviews": "5815",
        "subtitle": "Hawaiian Tropic",
        "isPrimeEligible": "1"
    },
    {
        "ASIN": "B01CTJU09A",
        "title": "La Prairie Cellular Swiss UV Protection Veil SPF 50 Women's Sunscreen, 1.7 Fl Oz",
        "price": "$185.49 ($109.11 / Ounce)",
        "listPrice": "",
        "imageUrl": "https://m.media-amazon.com/images/I/31GO-Psr22L._SL160_.jpg",
        "detailPageURL": "https://www.amazon.com/dp/B01CTJU09A",
        "rating": "4.0",
        "totalReviews": "58",
        "subtitle": "La Prairie",
        "isPrimeEligible": "1"
    },
    {
        "ASIN": "B01C64NN8I",
        "title": "Sun Bum Original Moisturizing Sunscreen Spray SPF 30 | Vegan and Reef Friendly | Octinoxate & Oxybenzone Free | Broad Spectrum UVA/UVB Sunscreen",
        "price": "$55.00 ($3.06 / Fl Oz)",
        "listPrice": "",
        "imageUrl": "https://m.media-amazon.com/images/I/51roU0r26KL._SL160_.jpg",
        "detailPageURL": "https://www.amazon.com/dp/B01C64NN8I",
        "rating": "4.8",
        "totalReviews": "850",
        "subtitle": "Sun Bum",
        "isPrimeEligible": "1"
    },
    {
        "ASIN": "B09JTW4J3N",
        "title": "Neutrogena Hydro Boost Water Gel Sunscreen Lotion with Broad Spectrum SPF 50, Water-Resistant Hydrating Body Sunscreen, Non-Greasy, Hyaluronic Acid, Travel Size, 3 fl. Oz, Pack of 3",
        "price": "$29.91 ($3.32 / Fl Oz)",
        "listPrice": "$35.97 ($4.00 / Fl Oz)",
        "imageUrl": "https://m.media-amazon.com/images/I/51n9q77vYdL._SL160_.jpg",
        "detailPageURL": "https://www.amazon.com/dp/B09JTW4J3N",
        "rating": "4.6",
        "totalReviews": "1581",
        "subtitle": "Neutrogena",
        "isPrimeEligible": "1"
    },
    {
        "ASIN": "B08Q86TZMK",
        "title": "Bondi Sands Fragrance Free Daily Sunscreen Face Lotion SPF 50 | Hydrating UVA + UVB Protection, Non-Greasy, Gentle, Water Resistant | 2.53 Oz/75 mL",
        "price": "$6.99 ($2.76 / Fl Oz)",
        "listPrice": "",
        "imageUrl": "https://m.media-amazon.com/images/I/31boayTZCUS._SL160_.jpg",
        "detailPageURL": "https://www.amazon.com/dp/B08Q86TZMK",
        "rating": "4.5",
        "totalReviews": "4488",
        "subtitle": "",
        "isPrimeEligible": "1"
    },
    {
        "ASIN": "B084R247SP",
        "title": "Hawaiian Tropic Sheer Touch Lotion Sunscreen SPF 50, 8oz | Hawaiian Tropic Sunscreen SPF 50, Sunblock, Oxybenzone Free Sunscreen, Body Sunscreen Pack SPF 50, 8oz each Twin Pack",
        "price": "$20.35 ($1.27 / Ounce)",
        "listPrice": "",
        "imageUrl": "https://m.media-amazon.com/images/I/41RQ2KijbeL._SL160_.jpg",
        "detailPageURL": "https://www.amazon.com/dp/B084R247SP",
        "rating": "4.8",
        "totalReviews": "2869",
        "subtitle": "Hawaiian Tropic",
        "isPrimeEligible": "1"
    },
    {
        "ASIN": "B093QKJFKS",
        "title": "Eau Thermale Av\u00e8ne Solaire UV Mineral Multi-Defense Sunscreen Fluid SPF 50+ - Non-Whitening - Antioxidant & Blue Light Protection - 1.7 fl. oz.",
        "price": "$36.00 ($21.18 / Fl Oz)",
        "listPrice": "",
        "imageUrl": "https://m.media-amazon.com/images/I/31Ft2+cd+nL._SL160_.jpg",
        "detailPageURL": "https://www.amazon.com/dp/B093QKJFKS",
        "rating": "4.3",
        "totalReviews": "437",
        "subtitle": "",
        "isPrimeEligible": "1"
    },
    {
        "ASIN": "B077MVGNXP",
        "title": "DRMTLGY Anti Aging Clear Face Sunscreen and Facial Moisturizer with Broad Spectrum SPF 45. Oil Free, Zinc Oxide Sunscreen For Sensitive Skin and Acne Prone Skin.",
        "price": "$26.50 ($15.59 / Ounce)",
        "listPrice": "$27.99 ($16.46 / Ounce)",
        "imageUrl": "https://m.media-amazon.com/images/I/21hH5dWRjJL._SL160_.jpg",
        "detailPageURL": "https://www.amazon.com/dp/B077MVGNXP",
        "rating": "4.3",
        "totalReviews": "4985",
        "subtitle": "DRMTLGY",
        "isPrimeEligible": "0"
    },
    {
        "ASIN": "B084R1PWGV",
        "title": "Hawaiian Tropic Everyday Active Spray Sunscreen SPF 50, 6oz | Hawaiian Tropic Sunscreen SPF 50, Sunblock, Oxybenzone No Sunscreen, Spray On Sunscreen, Body Sunscreen Spray SPF 50, 6oz each Twin Pack",
        "price": "$21.94 ($1.83 / Ounce)",
        "listPrice": "",
        "imageUrl": "https://m.media-amazon.com/images/I/41VC9S8bUKL._SL160_.jpg",
        "detailPageURL": "https://www.amazon.com/dp/B084R1PWGV",
        "rating": "4.8",
        "totalReviews": "1599",
        "subtitle": "Hawaiian Tropic",
        "isPrimeEligible": "1"
    },
    {
        "ASIN": "B01MY051NZ",
        "title": "Hawaiian Tropic Everyday Active Lotion Sunscreen SPF 50, 8oz | Sunblock, Broad Spectrum & Oxybenzone Free Sunscreen, Water Resistant",
        "price": "$9.76 ($1.22 / Fl Oz)",
        "listPrice": "$13.99 ($1.75 / Fl Oz)",
        "imageUrl": "https://m.media-amazon.com/images/I/31jTeLLdt7L._SL160_.jpg",
        "detailPageURL": "https://www.amazon.com/dp/B01MY051NZ",
        "rating": "4.8",
        "totalReviews": "5815",
        "subtitle": "Hawaiian Tropic",
        "isPrimeEligible": "1"
    },
    {
        "ASIN": "B01CTJU09A",
        "title": "La Prairie Cellular Swiss UV Protection Veil SPF 50 Women's Sunscreen, 1.7 Fl Oz",
        "price": "$185.49 ($109.11 / Ounce)",
        "listPrice": "",
        "imageUrl": "https://m.media-amazon.com/images/I/31GO-Psr22L._SL160_.jpg",
        "detailPageURL": "https://www.amazon.com/dp/B01CTJU09A",
        "rating": "4.0",
        "totalReviews": "58",
        "subtitle": "La Prairie",
        "isPrimeEligible": "1"
    },
    {
        "ASIN": "B01C64NN8I",
        "title": "Sun Bum Original Moisturizing Sunscreen Spray SPF 30 | Vegan and Reef Friendly | Octinoxate & Oxybenzone Free | Broad Spectrum UVA/UVB Sunscreen",
        "price": "$55.00 ($3.06 / Fl Oz)",
        "listPrice": "",
        "imageUrl": "https://m.media-amazon.com/images/I/51roU0r26KL._SL160_.jpg",
        "detailPageURL": "https://www.amazon.com/dp/B01C64NN8I",
        "rating": "4.8",
        "totalReviews": "850",
        "subtitle": "Sun Bum",
        "isPrimeEligible": "1"
    },
    {
        "ASIN": "B09JTW4J3N",
        "title": "Neutrogena Hydro Boost Water Gel Sunscreen Lotion with Broad Spectrum SPF 50, Water-Resistant Hydrating Body Sunscreen, Non-Greasy, Hyaluronic Acid, Travel Size, 3 fl. Oz, Pack of 3",
        "price": "$29.91 ($3.32 / Fl Oz)",
        "listPrice": "$35.97 ($4.00 / Fl Oz)",
        "imageUrl": "https://m.media-amazon.com/images/I/51n9q77vYdL._SL160_.jpg",
        "detailPageURL": "https://www.amazon.com/dp/B09JTW4J3N",
        "rating": "4.6",
        "totalReviews": "1581",
        "subtitle": "Neutrogena",
        "isPrimeEligible": "1"
    },
    {
        "ASIN": "B08Q86TZMK",
        "title": "Bondi Sands Fragrance Free Daily Sunscreen Face Lotion SPF 50 | Hydrating UVA + UVB Protection, Non-Greasy, Gentle, Water Resistant | 2.53 Oz/75 mL",
        "price": "$6.99 ($2.76 / Fl Oz)",
        "listPrice": "",
        "imageUrl": "https://m.media-amazon.com/images/I/31boayTZCUS._SL160_.jpg",
        "detailPageURL": "https://www.amazon.com/dp/B08Q86TZMK",
        "rating": "4.5",
        "totalReviews": "4488",
        "subtitle": "",
        "isPrimeEligible": "1"
    },
    {
        "ASIN": "B084R247SP",
        "title": "Hawaiian Tropic Sheer Touch Lotion Sunscreen SPF 50, 8oz | Hawaiian Tropic Sunscreen SPF 50, Sunblock, Oxybenzone Free Sunscreen, Body Sunscreen Pack SPF 50, 8oz each Twin Pack",
        "price": "$20.35 ($1.27 / Ounce)",
        "listPrice": "",
        "imageUrl": "https://m.media-amazon.com/images/I/41RQ2KijbeL._SL160_.jpg",
        "detailPageURL": "https://www.amazon.com/dp/B084R247SP",
        "rating": "4.8",
        "totalReviews": "2869",
        "subtitle": "Hawaiian Tropic",
        "isPrimeEligible": "1"
    },
    {
        "ASIN": "B093QKJFKS",
        "title": "Eau Thermale Av\u00e8ne Solaire UV Mineral Multi-Defense Sunscreen Fluid SPF 50+ - Non-Whitening - Antioxidant & Blue Light Protection - 1.7 fl. oz.",
        "price": "$36.00 ($21.18 / Fl Oz)",
        "listPrice": "",
        "imageUrl": "https://m.media-amazon.com/images/I/31Ft2+cd+nL._SL160_.jpg",
        "detailPageURL": "https://www.amazon.com/dp/B093QKJFKS",
        "rating": "4.3",
        "totalReviews": "437",
        "subtitle": "",
        "isPrimeEligible": "1"
    },
    {
        "ASIN": "B077MVGNXP",
        "title": "DRMTLGY Anti Aging Clear Face Sunscreen and Facial Moisturizer with Broad Spectrum SPF 45. Oil Free, Zinc Oxide Sunscreen For Sensitive Skin and Acne Prone Skin.",
        "price": "$26.50 ($15.59 / Ounce)",
        "listPrice": "$27.99 ($16.46 / Ounce)",
        "imageUrl": "https://m.media-amazon.com/images/I/21hH5dWRjJL._SL160_.jpg",
        "detailPageURL": "https://www.amazon.com/dp/B077MVGNXP",
        "rating": "4.3",
        "totalReviews": "4985",
        "subtitle": "DRMTLGY",
        "isPrimeEligible": "0"
    },
    {
        "ASIN": "B00UTLTC1S",
        "title": "Alba Botanica Sunscreen for Face and Body, Fragrance-Free Sunscreen Spray for Sensitive Skin, Broad Spectrum SPF 50, Water Resistant, 5 fl. oz. Bottle",
        "price": "$10.48 ($2.10 / Fl Oz)",
        "listPrice": "$13.99 ($2.80 / Fl Oz)",
        "imageUrl": "https://m.media-amazon.com/images/I/41HPkp46vHL._SL160_.jpg",
        "detailPageURL": "https://www.amazon.com/dp/B00UTLTC1S",
        "rating": "4.3",
        "totalReviews": "2815",
        "subtitle": "Alba Botanica",
        "isPrimeEligible": "1"
    },
    {
        "ASIN": "B01MY051NZ",
        "title": "Hawaiian Tropic Everyday Active Lotion Sunscreen SPF 50, 8oz | Sunblock, Broad Spectrum & Oxybenzone Free Sunscreen, Water Resistant",
        "price": "$9.76 ($1.22 / Fl Oz)",
        "listPrice": "$13.99 ($1.75 / Fl Oz)",
        "imageUrl": "https://m.media-amazon.com/images/I/31jTeLLdt7L._SL160_.jpg",
        "detailPageURL": "https://www.amazon.com/dp/B01MY051NZ",
        "rating": "4.8",
        "totalReviews": "5815",
        "subtitle": "Hawaiian Tropic",
        "isPrimeEligible": "1"
    },
    {
        "ASIN": "B01CTJU09A",
        "title": "La Prairie Cellular Swiss UV Protection Veil SPF 50 Women's Sunscreen, 1.7 Fl Oz",
        "price": "$185.49 ($109.11 / Ounce)",
        "listPrice": "",
        "imageUrl": "https://m.media-amazon.com/images/I/31GO-Psr22L._SL160_.jpg",
        "detailPageURL": "https://www.amazon.com/dp/B01CTJU09A",
        "rating": "4.0",
        "totalReviews": "58",
        "subtitle": "La Prairie",
        "isPrimeEligible": "1"
    },
    {
        "ASIN": "B01C64NN8I",
        "title": "Sun Bum Original Moisturizing Sunscreen Spray SPF 30 | Vegan and Reef Friendly | Octinoxate & Oxybenzone Free | Broad Spectrum UVA/UVB Sunscreen",
        "price": "$55.00 ($3.06 / Fl Oz)",
        "listPrice": "",
        "imageUrl": "https://m.media-amazon.com/images/I/51roU0r26KL._SL160_.jpg",
        "detailPageURL": "https://www.amazon.com/dp/B01C64NN8I",
        "rating": "4.8",
        "totalReviews": "850",
        "subtitle": "Sun Bum",
        "isPrimeEligible": "1"
    },
    {
        "ASIN": "B09JTW4J3N",
        "title": "Neutrogena Hydro Boost Water Gel Sunscreen Lotion with Broad Spectrum SPF 50, Water-Resistant Hydrating Body Sunscreen, Non-Greasy, Hyaluronic Acid, Travel Size, 3 fl. Oz, Pack of 3",
        "price": "$29.91 ($3.32 / Fl Oz)",
        "listPrice": "$35.97 ($4.00 / Fl Oz)",
        "imageUrl": "https://m.media-amazon.com/images/I/51n9q77vYdL._SL160_.jpg",
        "detailPageURL": "https://www.amazon.com/dp/B09JTW4J3N",
        "rating": "4.6",
        "totalReviews": "1581",
        "subtitle": "Neutrogena",
        "isPrimeEligible": "1"
    },
    {
        "ASIN": "B08Q86TZMK",
        "title": "Bondi Sands Fragrance Free Daily Sunscreen Face Lotion SPF 50 | Hydrating UVA + UVB Protection, Non-Greasy, Gentle, Water Resistant | 2.53 Oz/75 mL",
        "price": "$6.99 ($2.76 / Fl Oz)",
        "listPrice": "",
        "imageUrl": "https://m.media-amazon.com/images/I/31boayTZCUS._SL160_.jpg",
        "detailPageURL": "https://www.amazon.com/dp/B08Q86TZMK",
        "rating": "4.5",
        "totalReviews": "4488",
        "subtitle": "",
        "isPrimeEligible": "1"
    },
    {
        "ASIN": "B084R247SP",
        "title": "Hawaiian Tropic Sheer Touch Lotion Sunscreen SPF 50, 8oz | Hawaiian Tropic Sunscreen SPF 50, Sunblock, Oxybenzone Free Sunscreen, Body Sunscreen Pack SPF 50, 8oz each Twin Pack",
        "price": "$20.35 ($1.27 / Ounce)",
        "listPrice": "",
        "imageUrl": "https://m.media-amazon.com/images/I/41RQ2KijbeL._SL160_.jpg",
        "detailPageURL": "https://www.amazon.com/dp/B084R247SP",
        "rating": "4.8",
        "totalReviews": "2869",
        "subtitle": "Hawaiian Tropic",
        "isPrimeEligible": "1"
    },
    {
        "ASIN": "B093QKJFKS",
        "title": "Eau Thermale Av\u00e8ne Solaire UV Mineral Multi-Defense Sunscreen Fluid SPF 50+ - Non-Whitening - Antioxidant & Blue Light Protection - 1.7 fl. oz.",
        "price": "$36.00 ($21.18 / Fl Oz)",
        "listPrice": "",
        "imageUrl": "https://m.media-amazon.com/images/I/31Ft2+cd+nL._SL160_.jpg",
        "detailPageURL": "https://www.amazon.com/dp/B093QKJFKS",
        "rating": "4.3",
        "totalReviews": "437",
        "subtitle": "",
        "isPrimeEligible": "1"
    },
    {
        "ASIN": "B077MVGNXP",
        "title": "DRMTLGY Anti Aging Clear Face Sunscreen and Facial Moisturizer with Broad Spectrum SPF 45. Oil Free, Zinc Oxide Sunscreen For Sensitive Skin and Acne Prone Skin.",
        "price": "$26.50 ($15.59 / Ounce)",
        "listPrice": "$27.99 ($16.46 / Ounce)",
        "imageUrl": "https://m.media-amazon.com/images/I/21hH5dWRjJL._SL160_.jpg",
        "detailPageURL": "https://www.amazon.com/dp/B077MVGNXP",
        "rating": "4.3",
        "totalReviews": "4985",
        "subtitle": "DRMTLGY",
        "isPrimeEligible": "0"
    },
    {
        "ASIN": "B00UTLTC1S",
        "title": "Alba Botanica Sunscreen for Face and Body, Fragrance-Free Sunscreen Spray for Sensitive Skin, Broad Spectrum SPF 50, Water Resistant, 5 fl. oz. Bottle",
        "price": "$10.48 ($2.10 / Fl Oz)",
        "listPrice": "$13.99 ($2.80 / Fl Oz)",
        "imageUrl": "https://m.media-amazon.com/images/I/41HPkp46vHL._SL160_.jpg",
        "detailPageURL": "https://www.amazon.com/dp/B00UTLTC1S",
        "rating": "4.3",
        "totalReviews": "2815",
        "subtitle": "Alba Botanica",
        "isPrimeEligible": "1"
    },
    {
        "ASIN": "B000RYH38Q",
        "title": "KINeSYS Fragrance Free Clear Spray Sunscreen for sensitive skin, SPF 30, Hypoallergenic, Broad Spectrum UVA/UVB protection for Face & Body Alcohol, PABA and Oxybenzone FREE, 700 Sprays, 4 fl. oz",
        "price": "$25.99 ($6.50 / Fl Oz)",
        "listPrice": "",
        "imageUrl": "https://m.media-amazon.com/images/I/31WsvPmJBcL._SL160_.jpg",
        "detailPageURL": "https://www.amazon.com/dp/B000RYH38Q",
        "rating": "4.4",
        "totalReviews": "1682",
        "subtitle": "KINeSYS Performance Sunscreen",
        "isPrimeEligible": "1"
    },
    {
        "ASIN": "B01CTJU09A",
        "title": "La Prairie Cellular Swiss UV Protection Veil SPF 50 Women's Sunscreen, 1.7 Fl Oz",
        "price": "$185.49 ($109.11 / Ounce)",
        "listPrice": "",
        "imageUrl": "https://m.media-amazon.com/images/I/31GO-Psr22L._SL160_.jpg",
        "detailPageURL": "https://www.amazon.com/dp/B01CTJU09A",
        "rating": "4.0",
        "totalReviews": "58",
        "subtitle": "La Prairie",
        "isPrimeEligible": "1"
    },
    {
        "ASIN": "B01C64NN8I",
        "title": "Sun Bum Original Moisturizing Sunscreen Spray SPF 30 | Vegan and Reef Friendly | Octinoxate & Oxybenzone Free | Broad Spectrum UVA/UVB Sunscreen",
        "price": "$55.00 ($3.06 / Fl Oz)",
        "listPrice": "",
        "imageUrl": "https://m.media-amazon.com/images/I/51roU0r26KL._SL160_.jpg",
        "detailPageURL": "https://www.amazon.com/dp/B01C64NN8I",
        "rating": "4.8",
        "totalReviews": "850",
        "subtitle": "Sun Bum",
        "isPrimeEligible": "1"
    },
    {
        "ASIN": "B09JTW4J3N",
        "title": "Neutrogena Hydro Boost Water Gel Sunscreen Lotion with Broad Spectrum SPF 50, Water-Resistant Hydrating Body Sunscreen, Non-Greasy, Hyaluronic Acid, Travel Size, 3 fl. Oz, Pack of 3",
        "price": "$29.91 ($3.32 / Fl Oz)",
        "listPrice": "$35.97 ($4.00 / Fl Oz)",
        "imageUrl": "https://m.media-amazon.com/images/I/51n9q77vYdL._SL160_.jpg",
        "detailPageURL": "https://www.amazon.com/dp/B09JTW4J3N",
        "rating": "4.6",
        "totalReviews": "1581",
        "subtitle": "Neutrogena",
        "isPrimeEligible": "1"
    },
    {
        "ASIN": "B08Q86TZMK",
        "title": "Bondi Sands Fragrance Free Daily Sunscreen Face Lotion SPF 50 | Hydrating UVA + UVB Protection, Non-Greasy, Gentle, Water Resistant | 2.53 Oz/75 mL",
        "price": "$6.99 ($2.76 / Fl Oz)",
        "listPrice": "",
        "imageUrl": "https://m.media-amazon.com/images/I/31boayTZCUS._SL160_.jpg",
        "detailPageURL": "https://www.amazon.com/dp/B08Q86TZMK",
        "rating": "4.5",
        "totalReviews": "4488",
        "subtitle": "",
        "isPrimeEligible": "1"
    },
    {
        "ASIN": "B084R247SP",
        "title": "Hawaiian Tropic Sheer Touch Lotion Sunscreen SPF 50, 8oz | Hawaiian Tropic Sunscreen SPF 50, Sunblock, Oxybenzone Free Sunscreen, Body Sunscreen Pack SPF 50, 8oz each Twin Pack",
        "price": "$20.35 ($1.27 / Ounce)",
        "listPrice": "",
        "imageUrl": "https://m.media-amazon.com/images/I/41RQ2KijbeL._SL160_.jpg",
        "detailPageURL": "https://www.amazon.com/dp/B084R247SP",
        "rating": "4.8",
        "totalReviews": "2869",
        "subtitle": "Hawaiian Tropic",
        "isPrimeEligible": "1"
    },
    {
        "ASIN": "B093QKJFKS",
        "title": "Eau Thermale Av\u00e8ne Solaire UV Mineral Multi-Defense Sunscreen Fluid SPF 50+ - Non-Whitening - Antioxidant & Blue Light Protection - 1.7 fl. oz.",
        "price": "$36.00 ($21.18 / Fl Oz)",
        "listPrice": "",
        "imageUrl": "https://m.media-amazon.com/images/I/31Ft2+cd+nL._SL160_.jpg",
        "detailPageURL": "https://www.amazon.com/dp/B093QKJFKS",
        "rating": "4.3",
        "totalReviews": "437",
        "subtitle": "",
        "isPrimeEligible": "1"
    },
    {
        "ASIN": "B077MVGNXP",
        "title": "DRMTLGY Anti Aging Clear Face Sunscreen and Facial Moisturizer with Broad Spectrum SPF 45. Oil Free, Zinc Oxide Sunscreen For Sensitive Skin and Acne Prone Skin.",
        "price": "$26.50 ($15.59 / Ounce)",
        "listPrice": "$27.99 ($16.46 / Ounce)",
        "imageUrl": "https://m.media-amazon.com/images/I/21hH5dWRjJL._SL160_.jpg",
        "detailPageURL": "https://www.amazon.com/dp/B077MVGNXP",
        "rating": "4.3",
        "totalReviews": "4985",
        "subtitle": "DRMTLGY",
        "isPrimeEligible": "0"
    },
    {
        "ASIN": "B00UTLTC1S",
        "title": "Alba Botanica Sunscreen for Face and Body, Fragrance-Free Sunscreen Spray for Sensitive Skin, Broad Spectrum SPF 50, Water Resistant, 5 fl. oz. Bottle",
        "price": "$10.48 ($2.10 / Fl Oz)",
        "listPrice": "$13.99 ($2.80 / Fl Oz)",
        "imageUrl": "https://m.media-amazon.com/images/I/41HPkp46vHL._SL160_.jpg",
        "detailPageURL": "https://www.amazon.com/dp/B00UTLTC1S",
        "rating": "4.3",
        "totalReviews": "2815",
        "subtitle": "Alba Botanica",
        "isPrimeEligible": "1"
    },
    {
        "ASIN": "B000RYH38Q",
        "title": "KINeSYS Fragrance Free Clear Spray Sunscreen for sensitive skin, SPF 30, Hypoallergenic, Broad Spectrum UVA/UVB protection for Face & Body Alcohol, PABA and Oxybenzone FREE, 700 Sprays, 4 fl. oz",
        "price": "$25.99 ($6.50 / Fl Oz)",
        "listPrice": "",
        "imageUrl": "https://m.media-amazon.com/images/I/31WsvPmJBcL._SL160_.jpg",
        "detailPageURL": "https://www.amazon.com/dp/B000RYH38Q",
        "rating": "4.4",
        "totalReviews": "1682",
        "subtitle": "KINeSYS Performance Sunscreen",
        "isPrimeEligible": "1"
    },
    {
        "ASIN": "B09ZHHV1CN",
        "title": "ISNTREE Hyaluronic Acid Watery Sun Gel 50ml 1.69fl.oz",
        "price": "$16.99 ($10.05 / Fl Oz)",
        "listPrice": "",
        "imageUrl": "https://m.media-amazon.com/images/I/219prVRXVEL._SL160_.jpg",
        "detailPageURL": "https://www.amazon.com/dp/B09ZHHV1CN",
        "rating": "4.6",
        "totalReviews": "781",
        "subtitle": "IsNtree",
        "isPrimeEligible": "1"
    },
    {
        "ASIN": "B01C64NN8I",
        "title": "Sun Bum Original Moisturizing Sunscreen Spray SPF 30 | Vegan and Reef Friendly | Octinoxate & Oxybenzone Free | Broad Spectrum UVA/UVB Sunscreen",
        "price": "$55.00 ($3.06 / Fl Oz)",
        "listPrice": "",
        "imageUrl": "https://m.media-amazon.com/images/I/51roU0r26KL._SL160_.jpg",
        "detailPageURL": "https://www.amazon.com/dp/B01C64NN8I",
        "rating": "4.8",
        "totalReviews": "850",
        "subtitle": "Sun Bum",
        "isPrimeEligible": "1"
    },
    {
        "ASIN": "B09JTW4J3N",
        "title": "Neutrogena Hydro Boost Water Gel Sunscreen Lotion with Broad Spectrum SPF 50, Water-Resistant Hydrating Body Sunscreen, Non-Greasy, Hyaluronic Acid, Travel Size, 3 fl. Oz, Pack of 3",
        "price": "$29.91 ($3.32 / Fl Oz)",
        "listPrice": "$35.97 ($4.00 / Fl Oz)",
        "imageUrl": "https://m.media-amazon.com/images/I/51n9q77vYdL._SL160_.jpg",
        "detailPageURL": "https://www.amazon.com/dp/B09JTW4J3N",
        "rating": "4.6",
        "totalReviews": "1581",
        "subtitle": "Neutrogena",
        "isPrimeEligible": "1"
    },
    {
        "ASIN": "B08Q86TZMK",
        "title": "Bondi Sands Fragrance Free Daily Sunscreen Face Lotion SPF 50 | Hydrating UVA + UVB Protection, Non-Greasy, Gentle, Water Resistant | 2.53 Oz/75 mL",
        "price": "$6.99 ($2.76 / Fl Oz)",
        "listPrice": "",
        "imageUrl": "https://m.media-amazon.com/images/I/31boayTZCUS._SL160_.jpg",
        "detailPageURL": "https://www.amazon.com/dp/B08Q86TZMK",
        "rating": "4.5",
        "totalReviews": "4488",
        "subtitle": "",
        "isPrimeEligible": "1"
    },
    {
        "ASIN": "B084R247SP",
        "title": "Hawaiian Tropic Sheer Touch Lotion Sunscreen SPF 50, 8oz | Hawaiian Tropic Sunscreen SPF 50, Sunblock, Oxybenzone Free Sunscreen, Body Sunscreen Pack SPF 50, 8oz each Twin Pack",
        "price": "$20.35 ($1.27 / Ounce)",
        "listPrice": "",
        "imageUrl": "https://m.media-amazon.com/images/I/41RQ2KijbeL._SL160_.jpg",
        "detailPageURL": "https://www.amazon.com/dp/B084R247SP",
        "rating": "4.8",
        "totalReviews": "2869",
        "subtitle": "Hawaiian Tropic",
        "isPrimeEligible": "1"
    },
    {
        "ASIN": "B093QKJFKS",
        "title": "Eau Thermale Av\u00e8ne Solaire UV Mineral Multi-Defense Sunscreen Fluid SPF 50+ - Non-Whitening - Antioxidant & Blue Light Protection - 1.7 fl. oz.",
        "price": "$36.00 ($21.18 / Fl Oz)",
        "listPrice": "",
        "imageUrl": "https://m.media-amazon.com/images/I/31Ft2+cd+nL._SL160_.jpg",
        "detailPageURL": "https://www.amazon.com/dp/B093QKJFKS",
        "rating": "4.3",
        "totalReviews": "437",
        "subtitle": "",
        "isPrimeEligible": "1"
    },
    {
        "ASIN": "B077MVGNXP",
        "title": "DRMTLGY Anti Aging Clear Face Sunscreen and Facial Moisturizer with Broad Spectrum SPF 45. Oil Free, Zinc Oxide Sunscreen For Sensitive Skin and Acne Prone Skin.",
        "price": "$26.50 ($15.59 / Ounce)",
        "listPrice": "$27.99 ($16.46 / Ounce)",
        "imageUrl": "https://m.media-amazon.com/images/I/21hH5dWRjJL._SL160_.jpg",
        "detailPageURL": "https://www.amazon.com/dp/B077MVGNXP",
        "rating": "4.3",
        "totalReviews": "4985",
        "subtitle": "DRMTLGY",
        "isPrimeEligible": "0"
    },
    {
        "ASIN": "B00UTLTC1S",
        "title": "Alba Botanica Sunscreen for Face and Body, Fragrance-Free Sunscreen Spray for Sensitive Skin, Broad Spectrum SPF 50, Water Resistant, 5 fl. oz. Bottle",
        "price": "$10.48 ($2.10 / Fl Oz)",
        "listPrice": "$13.99 ($2.80 / Fl Oz)",
        "imageUrl": "https://m.media-amazon.com/images/I/41HPkp46vHL._SL160_.jpg",
        "detailPageURL": "https://www.amazon.com/dp/B00UTLTC1S",
        "rating": "4.3",
        "totalReviews": "2815",
        "subtitle": "Alba Botanica",
        "isPrimeEligible": "1"
    },
    {
        "ASIN": "B000RYH38Q",
        "title": "KINeSYS Fragrance Free Clear Spray Sunscreen for sensitive skin, SPF 30, Hypoallergenic, Broad Spectrum UVA/UVB protection for Face & Body Alcohol, PABA and Oxybenzone FREE, 700 Sprays, 4 fl. oz",
        "price": "$25.99 ($6.50 / Fl Oz)",
        "listPrice": "",
        "imageUrl": "https://m.media-amazon.com/images/I/31WsvPmJBcL._SL160_.jpg",
        "detailPageURL": "https://www.amazon.com/dp/B000RYH38Q",
        "rating": "4.4",
        "totalReviews": "1682",
        "subtitle": "KINeSYS Performance Sunscreen",
        "isPrimeEligible": "1"
    },
    {
        "ASIN": "B09ZHHV1CN",
        "title": "ISNTREE Hyaluronic Acid Watery Sun Gel 50ml 1.69fl.oz",
        "price": "$16.99 ($10.05 / Fl Oz)",
        "listPrice": "",
        "imageUrl": "https://m.media-amazon.com/images/I/219prVRXVEL._SL160_.jpg",
        "detailPageURL": "https://www.amazon.com/dp/B09ZHHV1CN",
        "rating": "4.6",
        "totalReviews": "781",
        "subtitle": "IsNtree",
        "isPrimeEligible": "1"
    },
    {
        "ASIN": "B0BZGLNZQZ",
        "title": "Skin1004 Facial Sun Screen, Sun Serum Twin Pack",
        "price": "$27.00",
        "listPrice": "$34.00",
        "imageUrl": "https://m.media-amazon.com/images/I/41RqK25IuFL._SL160_.jpg",
        "detailPageURL": "https://www.amazon.com/dp/B0BZGLNZQZ",
        "rating": "4.7",
        "totalReviews": "389",
        "subtitle": "SKIN1004",
        "isPrimeEligible": "1"
    },
    {
        "ASIN": "B09JTW4J3N",
        "title": "Neutrogena Hydro Boost Water Gel Sunscreen Lotion with Broad Spectrum SPF 50, Water-Resistant Hydrating Body Sunscreen, Non-Greasy, Hyaluronic Acid, Travel Size, 3 fl. Oz, Pack of 3",
        "price": "$29.91 ($3.32 / Fl Oz)",
        "listPrice": "$35.97 ($4.00 / Fl Oz)",
        "imageUrl": "https://m.media-amazon.com/images/I/51n9q77vYdL._SL160_.jpg",
        "detailPageURL": "https://www.amazon.com/dp/B09JTW4J3N",
        "rating": "4.6",
        "totalReviews": "1581",
        "subtitle": "Neutrogena",
        "isPrimeEligible": "1"
    },
    {
        "ASIN": "B08Q86TZMK",
        "title": "Bondi Sands Fragrance Free Daily Sunscreen Face Lotion SPF 50 | Hydrating UVA + UVB Protection, Non-Greasy, Gentle, Water Resistant | 2.53 Oz/75 mL",
        "price": "$6.99 ($2.76 / Fl Oz)",
        "listPrice": "",
        "imageUrl": "https://m.media-amazon.com/images/I/31boayTZCUS._SL160_.jpg",
        "detailPageURL": "https://www.amazon.com/dp/B08Q86TZMK",
        "rating": "4.5",
        "totalReviews": "4488",
        "subtitle": "",
        "isPrimeEligible": "1"
    },
    {
        "ASIN": "B084R247SP",
        "title": "Hawaiian Tropic Sheer Touch Lotion Sunscreen SPF 50, 8oz | Hawaiian Tropic Sunscreen SPF 50, Sunblock, Oxybenzone Free Sunscreen, Body Sunscreen Pack SPF 50, 8oz each Twin Pack",
        "price": "$20.35 ($1.27 / Ounce)",
        "listPrice": "",
        "imageUrl": "https://m.media-amazon.com/images/I/41RQ2KijbeL._SL160_.jpg",
        "detailPageURL": "https://www.amazon.com/dp/B084R247SP",
        "rating": "4.8",
        "totalReviews": "2869",
        "subtitle": "Hawaiian Tropic",
        "isPrimeEligible": "1"
    },
    {
        "ASIN": "B093QKJFKS",
        "title": "Eau Thermale Av\u00e8ne Solaire UV Mineral Multi-Defense Sunscreen Fluid SPF 50+ - Non-Whitening - Antioxidant & Blue Light Protection - 1.7 fl. oz.",
        "price": "$36.00 ($21.18 / Fl Oz)",
        "listPrice": "",
        "imageUrl": "https://m.media-amazon.com/images/I/31Ft2+cd+nL._SL160_.jpg",
        "detailPageURL": "https://www.amazon.com/dp/B093QKJFKS",
        "rating": "4.3",
        "totalReviews": "437",
        "subtitle": "",
        "isPrimeEligible": "1"
    },
    {
        "ASIN": "B077MVGNXP",
        "title": "DRMTLGY Anti Aging Clear Face Sunscreen and Facial Moisturizer with Broad Spectrum SPF 45. Oil Free, Zinc Oxide Sunscreen For Sensitive Skin and Acne Prone Skin.",
        "price": "$26.50 ($15.59 / Ounce)",
        "listPrice": "$27.99 ($16.46 / Ounce)",
        "imageUrl": "https://m.media-amazon.com/images/I/21hH5dWRjJL._SL160_.jpg",
        "detailPageURL": "https://www.amazon.com/dp/B077MVGNXP",
        "rating": "4.3",
        "totalReviews": "4985",
        "subtitle": "DRMTLGY",
        "isPrimeEligible": "0"
    },
    {
        "ASIN": "B00UTLTC1S",
        "title": "Alba Botanica Sunscreen for Face and Body, Fragrance-Free Sunscreen Spray for Sensitive Skin, Broad Spectrum SPF 50, Water Resistant, 5 fl. oz. Bottle",
        "price": "$10.48 ($2.10 / Fl Oz)",
        "listPrice": "$13.99 ($2.80 / Fl Oz)",
        "imageUrl": "https://m.media-amazon.com/images/I/41HPkp46vHL._SL160_.jpg",
        "detailPageURL": "https://www.amazon.com/dp/B00UTLTC1S",
        "rating": "4.3",
        "totalReviews": "2815",
        "subtitle": "Alba Botanica",
        "isPrimeEligible": "1"
    },
    {
        "ASIN": "B000RYH38Q",
        "title": "KINeSYS Fragrance Free Clear Spray Sunscreen for sensitive skin, SPF 30, Hypoallergenic, Broad Spectrum UVA/UVB protection for Face & Body Alcohol, PABA and Oxybenzone FREE, 700 Sprays, 4 fl. oz",
        "price": "$25.99 ($6.50 / Fl Oz)",
        "listPrice": "",
        "imageUrl": "https://m.media-amazon.com/images/I/31WsvPmJBcL._SL160_.jpg",
        "detailPageURL": "https://www.amazon.com/dp/B000RYH38Q",
        "rating": "4.4",
        "totalReviews": "1682",
        "subtitle": "KINeSYS Performance Sunscreen",
        "isPrimeEligible": "1"
    },
    {
        "ASIN": "B09ZHHV1CN",
        "title": "ISNTREE Hyaluronic Acid Watery Sun Gel 50ml 1.69fl.oz",
        "price": "$16.99 ($10.05 / Fl Oz)",
        "listPrice": "",
        "imageUrl": "https://m.media-amazon.com/images/I/219prVRXVEL._SL160_.jpg",
        "detailPageURL": "https://www.amazon.com/dp/B09ZHHV1CN",
        "rating": "4.6",
        "totalReviews": "781",
        "subtitle": "IsNtree",
        "isPrimeEligible": "1"
    },
    {
        "ASIN": "B0BZGLNZQZ",
        "title": "Skin1004 Facial Sun Screen, Sun Serum Twin Pack",
        "price": "$27.00",
        "listPrice": "$34.00",
        "imageUrl": "https://m.media-amazon.com/images/I/41RqK25IuFL._SL160_.jpg",
        "detailPageURL": "https://www.amazon.com/dp/B0BZGLNZQZ",
        "rating": "4.7",
        "totalReviews": "389",
        "subtitle": "SKIN1004",
        "isPrimeEligible": "1"
    },
    {
        "ASIN": "B084R18M8L",
        "title": "Banana Boat Mineral Enriched Sunscreen, Sensitive Skin, Broad Spectrum Spray, SPF 50, 6oz. - Twin Pack",
        "price": "$16.68 ($1.39 / Ounce)",
        "listPrice": "$19.98 ($1.66 / Ounce)",
        "imageUrl": "https://m.media-amazon.com/images/I/51k7+IXmOZL._SL160_.jpg",
        "detailPageURL": "https://www.amazon.com/dp/B084R18M8L",
        "rating": "4.5",
        "totalReviews": "2566",
        "subtitle": "Banana Boat",
        "isPrimeEligible": "1"
    },
    {
        "ASIN": "B08Q86TZMK",
        "title": "Bondi Sands Fragrance Free Daily Sunscreen Face Lotion SPF 50 | Hydrating UVA + UVB Protection, Non-Greasy, Gentle, Water Resistant | 2.53 Oz/75 mL",
        "price": "$6.99 ($2.76 / Fl Oz)",
        "listPrice": "",
        "imageUrl": "https://m.media-amazon.com/images/I/31boayTZCUS._SL160_.jpg",
        "detailPageURL": "https://www.amazon.com/dp/B08Q86TZMK",
        "rating": "4.5",
        "totalReviews": "4488",
        "subtitle": "",
        "isPrimeEligible": "1"
    },
    {
        "ASIN": "B084R247SP",
        "title": "Hawaiian Tropic Sheer Touch Lotion Sunscreen SPF 50, 8oz | Hawaiian Tropic Sunscreen SPF 50, Sunblock, Oxybenzone Free Sunscreen, Body Sunscreen Pack SPF 50, 8oz each Twin Pack",
        "price": "$20.35 ($1.27 / Ounce)",
        "listPrice": "",
        "imageUrl": "https://m.media-amazon.com/images/I/41RQ2KijbeL._SL160_.jpg",
        "detailPageURL": "https://www.amazon.com/dp/B084R247SP",
        "rating": "4.8",
        "totalReviews": "2869",
        "subtitle": "Hawaiian Tropic",
        "isPrimeEligible": "1"
    },
    {
        "ASIN": "B093QKJFKS",
        "title": "Eau Thermale Av\u00e8ne Solaire UV Mineral Multi-Defense Sunscreen Fluid SPF 50+ - Non-Whitening - Antioxidant & Blue Light Protection - 1.7 fl. oz.",
        "price": "$36.00 ($21.18 / Fl Oz)",
        "listPrice": "",
        "imageUrl": "https://m.media-amazon.com/images/I/31Ft2+cd+nL._SL160_.jpg",
        "detailPageURL": "https://www.amazon.com/dp/B093QKJFKS",
        "rating": "4.3",
        "totalReviews": "437",
        "subtitle": "",
        "isPrimeEligible": "1"
    },
    {
        "ASIN": "B077MVGNXP",
        "title": "DRMTLGY Anti Aging Clear Face Sunscreen and Facial Moisturizer with Broad Spectrum SPF 45. Oil Free, Zinc Oxide Sunscreen For Sensitive Skin and Acne Prone Skin.",
        "price": "$26.50 ($15.59 / Ounce)",
        "listPrice": "$27.99 ($16.46 / Ounce)",
        "imageUrl": "https://m.media-amazon.com/images/I/21hH5dWRjJL._SL160_.jpg",
        "detailPageURL": "https://www.amazon.com/dp/B077MVGNXP",
        "rating": "4.3",
        "totalReviews": "4985",
        "subtitle": "DRMTLGY",
        "isPrimeEligible": "0"
    },
    {
        "ASIN": "B00UTLTC1S",
        "title": "Alba Botanica Sunscreen for Face and Body, Fragrance-Free Sunscreen Spray for Sensitive Skin, Broad Spectrum SPF 50, Water Resistant, 5 fl. oz. Bottle",
        "price": "$10.48 ($2.10 / Fl Oz)",
        "listPrice": "$13.99 ($2.80 / Fl Oz)",
        "imageUrl": "https://m.media-amazon.com/images/I/41HPkp46vHL._SL160_.jpg",
        "detailPageURL": "https://www.amazon.com/dp/B00UTLTC1S",
        "rating": "4.3",
        "totalReviews": "2815",
        "subtitle": "Alba Botanica",
        "isPrimeEligible": "1"
    },
    {
        "ASIN": "B000RYH38Q",
        "title": "KINeSYS Fragrance Free Clear Spray Sunscreen for sensitive skin, SPF 30, Hypoallergenic, Broad Spectrum UVA/UVB protection for Face & Body Alcohol, PABA and Oxybenzone FREE, 700 Sprays, 4 fl. oz",
        "price": "$25.99 ($6.50 / Fl Oz)",
        "listPrice": "",
        "imageUrl": "https://m.media-amazon.com/images/I/31WsvPmJBcL._SL160_.jpg",
        "detailPageURL": "https://www.amazon.com/dp/B000RYH38Q",
        "rating": "4.4",
        "totalReviews": "1682",
        "subtitle": "KINeSYS Performance Sunscreen",
        "isPrimeEligible": "1"
    },
    {
        "ASIN": "B09ZHHV1CN",
        "title": "ISNTREE Hyaluronic Acid Watery Sun Gel 50ml 1.69fl.oz",
        "price": "$16.99 ($10.05 / Fl Oz)",
        "listPrice": "",
        "imageUrl": "https://m.media-amazon.com/images/I/219prVRXVEL._SL160_.jpg",
        "detailPageURL": "https://www.amazon.com/dp/B09ZHHV1CN",
        "rating": "4.6",
        "totalReviews": "781",
        "subtitle": "IsNtree",
        "isPrimeEligible": "1"
    },
    {
        "ASIN": "B0BZGLNZQZ",
        "title": "Skin1004 Facial Sun Screen, Sun Serum Twin Pack",
        "price": "$27.00",
        "listPrice": "$34.00",
        "imageUrl": "https://m.media-amazon.com/images/I/41RqK25IuFL._SL160_.jpg",
        "detailPageURL": "https://www.amazon.com/dp/B0BZGLNZQZ",
        "rating": "4.7",
        "totalReviews": "389",
        "subtitle": "SKIN1004",
        "isPrimeEligible": "1"
    },
    {
        "ASIN": "B084R18M8L",
        "title": "Banana Boat Mineral Enriched Sunscreen, Sensitive Skin, Broad Spectrum Spray, SPF 50, 6oz. - Twin Pack",
        "price": "$16.68 ($1.39 / Ounce)",
        "listPrice": "$19.98 ($1.66 / Ounce)",
        "imageUrl": "https://m.media-amazon.com/images/I/51k7+IXmOZL._SL160_.jpg",
        "detailPageURL": "https://www.amazon.com/dp/B084R18M8L",
        "rating": "4.5",
        "totalReviews": "2566",
        "subtitle": "Banana Boat",
        "isPrimeEligible": "1"
    },
    {
        "ASIN": "B07YZQYBVN",
        "title": "Australian Gold Continuous Spray Sunscreen with Instant Bronzer SPF 15, Immediate Glow & Dries Fast, Broad Spectrum, Water Resistant, Non-Greasy, Oxybenzone Free, Cruelty Free, 6 Ounce",
        "price": "$8.77 ($1.46 / Fl Oz)",
        "listPrice": "",
        "imageUrl": "https://m.media-amazon.com/images/I/41SFUr+ishL._SL160_.jpg",
        "detailPageURL": "https://www.amazon.com/dp/B07YZQYBVN",
        "rating": "4.7",
        "totalReviews": "12037",
        "subtitle": "Australian Gold",
        "isPrimeEligible": "1"
    },
    {
        "ASIN": "B084R247SP",
        "title": "Hawaiian Tropic Sheer Touch Lotion Sunscreen SPF 50, 8oz | Hawaiian Tropic Sunscreen SPF 50, Sunblock, Oxybenzone Free Sunscreen, Body Sunscreen Pack SPF 50, 8oz each Twin Pack",
        "price": "$20.35 ($1.27 / Ounce)",
        "listPrice": "",
        "imageUrl": "https://m.media-amazon.com/images/I/41RQ2KijbeL._SL160_.jpg",
        "detailPageURL": "https://www.amazon.com/dp/B084R247SP",
        "rating": "4.8",
        "totalReviews": "2869",
        "subtitle": "Hawaiian Tropic",
        "isPrimeEligible": "1"
    },
    {
        "ASIN": "B093QKJFKS",
        "title": "Eau Thermale Av\u00e8ne Solaire UV Mineral Multi-Defense Sunscreen Fluid SPF 50+ - Non-Whitening - Antioxidant & Blue Light Protection - 1.7 fl. oz.",
        "price": "$36.00 ($21.18 / Fl Oz)",
        "listPrice": "",
        "imageUrl": "https://m.media-amazon.com/images/I/31Ft2+cd+nL._SL160_.jpg",
        "detailPageURL": "https://www.amazon.com/dp/B093QKJFKS",
        "rating": "4.3",
        "totalReviews": "437",
        "subtitle": "",
        "isPrimeEligible": "1"
    },
    {
        "ASIN": "B077MVGNXP",
        "title": "DRMTLGY Anti Aging Clear Face Sunscreen and Facial Moisturizer with Broad Spectrum SPF 45. Oil Free, Zinc Oxide Sunscreen For Sensitive Skin and Acne Prone Skin.",
        "price": "$26.50 ($15.59 / Ounce)",
        "listPrice": "$27.99 ($16.46 / Ounce)",
        "imageUrl": "https://m.media-amazon.com/images/I/21hH5dWRjJL._SL160_.jpg",
        "detailPageURL": "https://www.amazon.com/dp/B077MVGNXP",
        "rating": "4.3",
        "totalReviews": "4985",
        "subtitle": "DRMTLGY",
        "isPrimeEligible": "0"
    },
    {
        "ASIN": "B00UTLTC1S",
        "title": "Alba Botanica Sunscreen for Face and Body, Fragrance-Free Sunscreen Spray for Sensitive Skin, Broad Spectrum SPF 50, Water Resistant, 5 fl. oz. Bottle",
        "price": "$10.48 ($2.10 / Fl Oz)",
        "listPrice": "$13.99 ($2.80 / Fl Oz)",
        "imageUrl": "https://m.media-amazon.com/images/I/41HPkp46vHL._SL160_.jpg",
        "detailPageURL": "https://www.amazon.com/dp/B00UTLTC1S",
        "rating": "4.3",
        "totalReviews": "2815",
        "subtitle": "Alba Botanica",
        "isPrimeEligible": "1"
    },
    {
        "ASIN": "B000RYH38Q",
        "title": "KINeSYS Fragrance Free Clear Spray Sunscreen for sensitive skin, SPF 30, Hypoallergenic, Broad Spectrum UVA/UVB protection for Face & Body Alcohol, PABA and Oxybenzone FREE, 700 Sprays, 4 fl. oz",
        "price": "$25.99 ($6.50 / Fl Oz)",
        "listPrice": "",
        "imageUrl": "https://m.media-amazon.com/images/I/31WsvPmJBcL._SL160_.jpg",
        "detailPageURL": "https://www.amazon.com/dp/B000RYH38Q",
        "rating": "4.4",
        "totalReviews": "1682",
        "subtitle": "KINeSYS Performance Sunscreen",
        "isPrimeEligible": "1"
    },
    {
        "ASIN": "B09ZHHV1CN",
        "title": "ISNTREE Hyaluronic Acid Watery Sun Gel 50ml 1.69fl.oz",
        "price": "$16.99 ($10.05 / Fl Oz)",
        "listPrice": "",
        "imageUrl": "https://m.media-amazon.com/images/I/219prVRXVEL._SL160_.jpg",
        "detailPageURL": "https://www.amazon.com/dp/B09ZHHV1CN",
        "rating": "4.6",
        "totalReviews": "781",
        "subtitle": "IsNtree",
        "isPrimeEligible": "1"
    },
    {
        "ASIN": "B0BZGLNZQZ",
        "title": "Skin1004 Facial Sun Screen, Sun Serum Twin Pack",
        "price": "$27.00",
        "listPrice": "$34.00",
        "imageUrl": "https://m.media-amazon.com/images/I/41RqK25IuFL._SL160_.jpg",
        "detailPageURL": "https://www.amazon.com/dp/B0BZGLNZQZ",
        "rating": "4.7",
        "totalReviews": "389",
        "subtitle": "SKIN1004",
        "isPrimeEligible": "1"
    },
    {
        "ASIN": "B084R18M8L",
        "title": "Banana Boat Mineral Enriched Sunscreen, Sensitive Skin, Broad Spectrum Spray, SPF 50, 6oz. - Twin Pack",
        "price": "$16.68 ($1.39 / Ounce)",
        "listPrice": "$19.98 ($1.66 / Ounce)",
        "imageUrl": "https://m.media-amazon.com/images/I/51k7+IXmOZL._SL160_.jpg",
        "detailPageURL": "https://www.amazon.com/dp/B084R18M8L",
        "rating": "4.5",
        "totalReviews": "2566",
        "subtitle": "Banana Boat",
        "isPrimeEligible": "1"
    },
    {
        "ASIN": "B07YZQYBVN",
        "title": "Australian Gold Continuous Spray Sunscreen with Instant Bronzer SPF 15, Immediate Glow & Dries Fast, Broad Spectrum, Water Resistant, Non-Greasy, Oxybenzone Free, Cruelty Free, 6 Ounce",
        "price": "$8.77 ($1.46 / Fl Oz)",
        "listPrice": "",
        "imageUrl": "https://m.media-amazon.com/images/I/41SFUr+ishL._SL160_.jpg",
        "detailPageURL": "https://www.amazon.com/dp/B07YZQYBVN",
        "rating": "4.7",
        "totalReviews": "12037",
        "subtitle": "Australian Gold",
        "isPrimeEligible": "1"
    },
    {
        "ASIN": "B00TBJWP9K",
        "title": "La Roche-Posay Anthelios Cooling Water Lotion Sunscreen for Body and Face, Broad Spectrum Sunscreen SPF, Absorbs Quickly, Water Resistant Every Day Sun Protection for Sensitive Skin",
        "price": "$37.99 ($7.60 / Fl Oz)",
        "listPrice": "",
        "imageUrl": "https://m.media-amazon.com/images/I/41Cj-xyUG3L._SL160_.jpg",
        "detailPageURL": "https://www.amazon.com/dp/B00TBJWP9K",
        "rating": "4.7",
        "totalReviews": "1608",
        "subtitle": "",
        "isPrimeEligible": "1"
    },
    {
        "ASIN": "B093QKJFKS",
        "title": "Eau Thermale Av\u00e8ne Solaire UV Mineral Multi-Defense Sunscreen Fluid SPF 50+ - Non-Whitening - Antioxidant & Blue Light Protection - 1.7 fl. oz.",
        "price": "$36.00 ($21.18 / Fl Oz)",
        "listPrice": "",
        "imageUrl": "https://m.media-amazon.com/images/I/31Ft2+cd+nL._SL160_.jpg",
        "detailPageURL": "https://www.amazon.com/dp/B093QKJFKS",
        "rating": "4.3",
        "totalReviews": "437",
        "subtitle": "",
        "isPrimeEligible": "1"
    },
    {
        "ASIN": "B077MVGNXP",
        "title": "DRMTLGY Anti Aging Clear Face Sunscreen and Facial Moisturizer with Broad Spectrum SPF 45. Oil Free, Zinc Oxide Sunscreen For Sensitive Skin and Acne Prone Skin.",
        "price": "$26.50 ($15.59 / Ounce)",
        "listPrice": "$27.99 ($16.46 / Ounce)",
        "imageUrl": "https://m.media-amazon.com/images/I/21hH5dWRjJL._SL160_.jpg",
        "detailPageURL": "https://www.amazon.com/dp/B077MVGNXP",
        "rating": "4.3",
        "totalReviews": "4985",
        "subtitle": "DRMTLGY",
        "isPrimeEligible": "0"
    },
    {
        "ASIN": "B00UTLTC1S",
        "title": "Alba Botanica Sunscreen for Face and Body, Fragrance-Free Sunscreen Spray for Sensitive Skin, Broad Spectrum SPF 50, Water Resistant, 5 fl. oz. Bottle",
        "price": "$10.48 ($2.10 / Fl Oz)",
        "listPrice": "$13.99 ($2.80 / Fl Oz)",
        "imageUrl": "https://m.media-amazon.com/images/I/41HPkp46vHL._SL160_.jpg",
        "detailPageURL": "https://www.amazon.com/dp/B00UTLTC1S",
        "rating": "4.3",
        "totalReviews": "2815",
        "subtitle": "Alba Botanica",
        "isPrimeEligible": "1"
    },
    {
        "ASIN": "B000RYH38Q",
        "title": "KINeSYS Fragrance Free Clear Spray Sunscreen for sensitive skin, SPF 30, Hypoallergenic, Broad Spectrum UVA/UVB protection for Face & Body Alcohol, PABA and Oxybenzone FREE, 700 Sprays, 4 fl. oz",
        "price": "$25.99 ($6.50 / Fl Oz)",
        "listPrice": "",
        "imageUrl": "https://m.media-amazon.com/images/I/31WsvPmJBcL._SL160_.jpg",
        "detailPageURL": "https://www.amazon.com/dp/B000RYH38Q",
        "rating": "4.4",
        "totalReviews": "1682",
        "subtitle": "KINeSYS Performance Sunscreen",
        "isPrimeEligible": "1"
    },
    {
        "ASIN": "B09ZHHV1CN",
        "title": "ISNTREE Hyaluronic Acid Watery Sun Gel 50ml 1.69fl.oz",
        "price": "$16.99 ($10.05 / Fl Oz)",
        "listPrice": "",
        "imageUrl": "https://m.media-amazon.com/images/I/219prVRXVEL._SL160_.jpg",
        "detailPageURL": "https://www.amazon.com/dp/B09ZHHV1CN",
        "rating": "4.6",
        "totalReviews": "781",
        "subtitle": "IsNtree",
        "isPrimeEligible": "1"
    },
    {
        "ASIN": "B0BZGLNZQZ",
        "title": "Skin1004 Facial Sun Screen, Sun Serum Twin Pack",
        "price": "$27.00",
        "listPrice": "$34.00",
        "imageUrl": "https://m.media-amazon.com/images/I/41RqK25IuFL._SL160_.jpg",
        "detailPageURL": "https://www.amazon.com/dp/B0BZGLNZQZ",
        "rating": "4.7",
        "totalReviews": "389",
        "subtitle": "SKIN1004",
        "isPrimeEligible": "1"
    },
    {
        "ASIN": "B084R18M8L",
        "title": "Banana Boat Mineral Enriched Sunscreen, Sensitive Skin, Broad Spectrum Spray, SPF 50, 6oz. - Twin Pack",
        "price": "$16.68 ($1.39 / Ounce)",
        "listPrice": "$19.98 ($1.66 / Ounce)",
        "imageUrl": "https://m.media-amazon.com/images/I/51k7+IXmOZL._SL160_.jpg",
        "detailPageURL": "https://www.amazon.com/dp/B084R18M8L",
        "rating": "4.5",
        "totalReviews": "2566",
        "subtitle": "Banana Boat",
        "isPrimeEligible": "1"
    },
    {
        "ASIN": "B07YZQYBVN",
        "title": "Australian Gold Continuous Spray Sunscreen with Instant Bronzer SPF 15, Immediate Glow & Dries Fast, Broad Spectrum, Water Resistant, Non-Greasy, Oxybenzone Free, Cruelty Free, 6 Ounce",
        "price": "$8.77 ($1.46 / Fl Oz)",
        "listPrice": "",
        "imageUrl": "https://m.media-amazon.com/images/I/41SFUr+ishL._SL160_.jpg",
        "detailPageURL": "https://www.amazon.com/dp/B07YZQYBVN",
        "rating": "4.7",
        "totalReviews": "12037",
        "subtitle": "Australian Gold",
        "isPrimeEligible": "1"
    },
    {
        "ASIN": "B00TBJWP9K",
        "title": "La Roche-Posay Anthelios Cooling Water Lotion Sunscreen for Body and Face, Broad Spectrum Sunscreen SPF, Absorbs Quickly, Water Resistant Every Day Sun Protection for Sensitive Skin",
        "price": "$37.99 ($7.60 / Fl Oz)",
        "listPrice": "",
        "imageUrl": "https://m.media-amazon.com/images/I/41Cj-xyUG3L._SL160_.jpg",
        "detailPageURL": "https://www.amazon.com/dp/B00TBJWP9K",
        "rating": "4.7",
        "totalReviews": "1608",
        "subtitle": "",
        "isPrimeEligible": "1"
    },
    {
        "ASIN": "B087HBVDYT",
        "title": "Supergoop! PLAY Antioxidant Body Mist w/ Vitamin C, 6 fl oz - SPF 50 PA++++ Broad Spectrum Sunscreen - Body Spray for Sensitive Skin - Clean Ingredients - Great for Active Days",
        "price": "$21.00 ($3.50 / Ounce)",
        "listPrice": "",
        "imageUrl": "https://m.media-amazon.com/images/I/31Tu-BVxTiL._SL160_.jpg",
        "detailPageURL": "https://www.amazon.com/dp/B087HBVDYT",
        "rating": "4.5",
        "totalReviews": "2543",
        "subtitle": "Supergoop!",
        "isPrimeEligible": "1"
    },
    {
        "ASIN": "B077MVGNXP",
        "title": "DRMTLGY Anti Aging Clear Face Sunscreen and Facial Moisturizer with Broad Spectrum SPF 45. Oil Free, Zinc Oxide Sunscreen For Sensitive Skin and Acne Prone Skin.",
        "price": "$26.50 ($15.59 / Ounce)",
        "listPrice": "$27.99 ($16.46 / Ounce)",
        "imageUrl": "https://m.media-amazon.com/images/I/21hH5dWRjJL._SL160_.jpg",
        "detailPageURL": "https://www.amazon.com/dp/B077MVGNXP",
        "rating": "4.3",
        "totalReviews": "4985",
        "subtitle": "DRMTLGY",
        "isPrimeEligible": "0"
    },
    {
        "ASIN": "B00UTLTC1S",
        "title": "Alba Botanica Sunscreen for Face and Body, Fragrance-Free Sunscreen Spray for Sensitive Skin, Broad Spectrum SPF 50, Water Resistant, 5 fl. oz. Bottle",
        "price": "$10.48 ($2.10 / Fl Oz)",
        "listPrice": "$13.99 ($2.80 / Fl Oz)",
        "imageUrl": "https://m.media-amazon.com/images/I/41HPkp46vHL._SL160_.jpg",
        "detailPageURL": "https://www.amazon.com/dp/B00UTLTC1S",
        "rating": "4.3",
        "totalReviews": "2815",
        "subtitle": "Alba Botanica",
        "isPrimeEligible": "1"
    },
    {
        "ASIN": "B000RYH38Q",
        "title": "KINeSYS Fragrance Free Clear Spray Sunscreen for sensitive skin, SPF 30, Hypoallergenic, Broad Spectrum UVA/UVB protection for Face & Body Alcohol, PABA and Oxybenzone FREE, 700 Sprays, 4 fl. oz",
        "price": "$25.99 ($6.50 / Fl Oz)",
        "listPrice": "",
        "imageUrl": "https://m.media-amazon.com/images/I/31WsvPmJBcL._SL160_.jpg",
        "detailPageURL": "https://www.amazon.com/dp/B000RYH38Q",
        "rating": "4.4",
        "totalReviews": "1682",
        "subtitle": "KINeSYS Performance Sunscreen",
        "isPrimeEligible": "1"
    },
    {
        "ASIN": "B09ZHHV1CN",
        "title": "ISNTREE Hyaluronic Acid Watery Sun Gel 50ml 1.69fl.oz",
        "price": "$16.99 ($10.05 / Fl Oz)",
        "listPrice": "",
        "imageUrl": "https://m.media-amazon.com/images/I/219prVRXVEL._SL160_.jpg",
        "detailPageURL": "https://www.amazon.com/dp/B09ZHHV1CN",
        "rating": "4.6",
        "totalReviews": "781",
        "subtitle": "IsNtree",
        "isPrimeEligible": "1"
    },
    {
        "ASIN": "B0BZGLNZQZ",
        "title": "Skin1004 Facial Sun Screen, Sun Serum Twin Pack",
        "price": "$27.00",
        "listPrice": "$34.00",
        "imageUrl": "https://m.media-amazon.com/images/I/41RqK25IuFL._SL160_.jpg",
        "detailPageURL": "https://www.amazon.com/dp/B0BZGLNZQZ",
        "rating": "4.7",
        "totalReviews": "389",
        "subtitle": "SKIN1004",
        "isPrimeEligible": "1"
    },
    {
        "ASIN": "B084R18M8L",
        "title": "Banana Boat Mineral Enriched Sunscreen, Sensitive Skin, Broad Spectrum Spray, SPF 50, 6oz. - Twin Pack",
        "price": "$16.68 ($1.39 / Ounce)",
        "listPrice": "$19.98 ($1.66 / Ounce)",
        "imageUrl": "https://m.media-amazon.com/images/I/51k7+IXmOZL._SL160_.jpg",
        "detailPageURL": "https://www.amazon.com/dp/B084R18M8L",
        "rating": "4.5",
        "totalReviews": "2566",
        "subtitle": "Banana Boat",
        "isPrimeEligible": "1"
    },
    {
        "ASIN": "B07YZQYBVN",
        "title": "Australian Gold Continuous Spray Sunscreen with Instant Bronzer SPF 15, Immediate Glow & Dries Fast, Broad Spectrum, Water Resistant, Non-Greasy, Oxybenzone Free, Cruelty Free, 6 Ounce",
        "price": "$8.77 ($1.46 / Fl Oz)",
        "listPrice": "",
        "imageUrl": "https://m.media-amazon.com/images/I/41SFUr+ishL._SL160_.jpg",
        "detailPageURL": "https://www.amazon.com/dp/B07YZQYBVN",
        "rating": "4.7",
        "totalReviews": "12037",
        "subtitle": "Australian Gold",
        "isPrimeEligible": "1"
    },
    {
        "ASIN": "B00TBJWP9K",
        "title": "La Roche-Posay Anthelios Cooling Water Lotion Sunscreen for Body and Face, Broad Spectrum Sunscreen SPF, Absorbs Quickly, Water Resistant Every Day Sun Protection for Sensitive Skin",
        "price": "$37.99 ($7.60 / Fl Oz)",
        "listPrice": "",
        "imageUrl": "https://m.media-amazon.com/images/I/41Cj-xyUG3L._SL160_.jpg",
        "detailPageURL": "https://www.amazon.com/dp/B00TBJWP9K",
        "rating": "4.7",
        "totalReviews": "1608",
        "subtitle": "",
        "isPrimeEligible": "1"
    },
    {
        "ASIN": "B087HBVDYT",
        "title": "Supergoop! PLAY Antioxidant Body Mist w/ Vitamin C, 6 fl oz - SPF 50 PA++++ Broad Spectrum Sunscreen - Body Spray for Sensitive Skin - Clean Ingredients - Great for Active Days",
        "price": "$21.00 ($3.50 / Ounce)",
        "listPrice": "",
        "imageUrl": "https://m.media-amazon.com/images/I/31Tu-BVxTiL._SL160_.jpg",
        "detailPageURL": "https://www.amazon.com/dp/B087HBVDYT",
        "rating": "4.5",
        "totalReviews": "2543",
        "subtitle": "Supergoop!",
        "isPrimeEligible": "1"
    },
    {
        "ASIN": "B001U2FOSA",
        "title": "NO-AD Sport SPF 50 Sunscreen Lotion | Water-Resistant, Non-Greasy | Sunscreen SPF 50 Suitable for All Skin Types | Broad Spectrum Protection for Active Lifestyles | 16 oz",
        "price": "$18.00",
        "listPrice": "$19.99",
        "imageUrl": "https://m.media-amazon.com/images/I/41KxGRFsiIL._SL160_.jpg",
        "detailPageURL": "https://www.amazon.com/dp/B001U2FOSA",
        "rating": "4.5",
        "totalReviews": "1026",
        "subtitle": "",
        "isPrimeEligible": "1"
    },
    {
        "ASIN": "B00UTLTC1S",
        "title": "Alba Botanica Sunscreen for Face and Body, Fragrance-Free Sunscreen Spray for Sensitive Skin, Broad Spectrum SPF 50, Water Resistant, 5 fl. oz. Bottle",
        "price": "$10.48 ($2.10 / Fl Oz)",
        "listPrice": "$13.99 ($2.80 / Fl Oz)",
        "imageUrl": "https://m.media-amazon.com/images/I/41HPkp46vHL._SL160_.jpg",
        "detailPageURL": "https://www.amazon.com/dp/B00UTLTC1S",
        "rating": "4.3",
        "totalReviews": "2815",
        "subtitle": "Alba Botanica",
        "isPrimeEligible": "1"
    },
    {
        "ASIN": "B000RYH38Q",
        "title": "KINeSYS Fragrance Free Clear Spray Sunscreen for sensitive skin, SPF 30, Hypoallergenic, Broad Spectrum UVA/UVB protection for Face & Body Alcohol, PABA and Oxybenzone FREE, 700 Sprays, 4 fl. oz",
        "price": "$25.99 ($6.50 / Fl Oz)",
        "listPrice": "",
        "imageUrl": "https://m.media-amazon.com/images/I/31WsvPmJBcL._SL160_.jpg",
        "detailPageURL": "https://www.amazon.com/dp/B000RYH38Q",
        "rating": "4.4",
        "totalReviews": "1682",
        "subtitle": "KINeSYS Performance Sunscreen",
        "isPrimeEligible": "1"
    },
    {
        "ASIN": "B09ZHHV1CN",
        "title": "ISNTREE Hyaluronic Acid Watery Sun Gel 50ml 1.69fl.oz",
        "price": "$16.99 ($10.05 / Fl Oz)",
        "listPrice": "",
        "imageUrl": "https://m.media-amazon.com/images/I/219prVRXVEL._SL160_.jpg",
        "detailPageURL": "https://www.amazon.com/dp/B09ZHHV1CN",
        "rating": "4.6",
        "totalReviews": "781",
        "subtitle": "IsNtree",
        "isPrimeEligible": "1"
    },
    {
        "ASIN": "B0BZGLNZQZ",
        "title": "Skin1004 Facial Sun Screen, Sun Serum Twin Pack",
        "price": "$27.00",
        "listPrice": "$34.00",
        "imageUrl": "https://m.media-amazon.com/images/I/41RqK25IuFL._SL160_.jpg",
        "detailPageURL": "https://www.amazon.com/dp/B0BZGLNZQZ",
        "rating": "4.7",
        "totalReviews": "389",
        "subtitle": "SKIN1004",
        "isPrimeEligible": "1"
    },
    {
        "ASIN": "B084R18M8L",
        "title": "Banana Boat Mineral Enriched Sunscreen, Sensitive Skin, Broad Spectrum Spray, SPF 50, 6oz. - Twin Pack",
        "price": "$16.68 ($1.39 / Ounce)",
        "listPrice": "$19.98 ($1.66 / Ounce)",
        "imageUrl": "https://m.media-amazon.com/images/I/51k7+IXmOZL._SL160_.jpg",
        "detailPageURL": "https://www.amazon.com/dp/B084R18M8L",
        "rating": "4.5",
        "totalReviews": "2566",
        "subtitle": "Banana Boat",
        "isPrimeEligible": "1"
    },
    {
        "ASIN": "B07YZQYBVN",
        "title": "Australian Gold Continuous Spray Sunscreen with Instant Bronzer SPF 15, Immediate Glow & Dries Fast, Broad Spectrum, Water Resistant, Non-Greasy, Oxybenzone Free, Cruelty Free, 6 Ounce",
        "price": "$8.77 ($1.46 / Fl Oz)",
        "listPrice": "",
        "imageUrl": "https://m.media-amazon.com/images/I/41SFUr+ishL._SL160_.jpg",
        "detailPageURL": "https://www.amazon.com/dp/B07YZQYBVN",
        "rating": "4.7",
        "totalReviews": "12037",
        "subtitle": "Australian Gold",
        "isPrimeEligible": "1"
    },
    {
        "ASIN": "B00TBJWP9K",
        "title": "La Roche-Posay Anthelios Cooling Water Lotion Sunscreen for Body and Face, Broad Spectrum Sunscreen SPF, Absorbs Quickly, Water Resistant Every Day Sun Protection for Sensitive Skin",
        "price": "$37.99 ($7.60 / Fl Oz)",
        "listPrice": "",
        "imageUrl": "https://m.media-amazon.com/images/I/41Cj-xyUG3L._SL160_.jpg",
        "detailPageURL": "https://www.amazon.com/dp/B00TBJWP9K",
        "rating": "4.7",
        "totalReviews": "1608",
        "subtitle": "",
        "isPrimeEligible": "1"
    },
    {
        "ASIN": "B087HBVDYT",
        "title": "Supergoop! PLAY Antioxidant Body Mist w/ Vitamin C, 6 fl oz - SPF 50 PA++++ Broad Spectrum Sunscreen - Body Spray for Sensitive Skin - Clean Ingredients - Great for Active Days",
        "price": "$21.00 ($3.50 / Ounce)",
        "listPrice": "",
        "imageUrl": "https://m.media-amazon.com/images/I/31Tu-BVxTiL._SL160_.jpg",
        "detailPageURL": "https://www.amazon.com/dp/B087HBVDYT",
        "rating": "4.5",
        "totalReviews": "2543",
        "subtitle": "Supergoop!",
        "isPrimeEligible": "1"
    },
    {
        "ASIN": "B001U2FOSA",
        "title": "NO-AD Sport SPF 50 Sunscreen Lotion | Water-Resistant, Non-Greasy | Sunscreen SPF 50 Suitable for All Skin Types | Broad Spectrum Protection for Active Lifestyles | 16 oz",
        "price": "$18.00",
        "listPrice": "$19.99",
        "imageUrl": "https://m.media-amazon.com/images/I/41KxGRFsiIL._SL160_.jpg",
        "detailPageURL": "https://www.amazon.com/dp/B001U2FOSA",
        "rating": "4.5",
        "totalReviews": "1026",
        "subtitle": "",
        "isPrimeEligible": "1"
    },
    {
        "ASIN": "B08Q2QX7PJ",
        "title": "Hawaiian Tropic Weightless Hydration Clear Spray Sunscreen SPF 15, 6oz | Hawaiian Tropic Sunscreen SPF 15, Sunblock, Oxybenzone Free Sunscreen, Spray On Sunscreen Pack SPF 15, 6oz each Twin Pack",
        "price": "$19.94 ($1.66 / Ounce)",
        "listPrice": "",
        "imageUrl": "https://m.media-amazon.com/images/I/41ZpMMpv2gL._SL160_.jpg",
        "detailPageURL": "https://www.amazon.com/dp/B08Q2QX7PJ",
        "rating": "4.8",
        "totalReviews": "1593",
        "subtitle": "Hawaiian Tropic",
        "isPrimeEligible": "1"
    },
    {
        "ASIN": "B000RYH38Q",
        "title": "KINeSYS Fragrance Free Clear Spray Sunscreen for sensitive skin, SPF 30, Hypoallergenic, Broad Spectrum UVA/UVB protection for Face & Body Alcohol, PABA and Oxybenzone FREE, 700 Sprays, 4 fl. oz",
        "price": "$25.99 ($6.50 / Fl Oz)",
        "listPrice": "",
        "imageUrl": "https://m.media-amazon.com/images/I/31WsvPmJBcL._SL160_.jpg",
        "detailPageURL": "https://www.amazon.com/dp/B000RYH38Q",
        "rating": "4.4",
        "totalReviews": "1682",
        "subtitle": "KINeSYS Performance Sunscreen",
        "isPrimeEligible": "1"
    },
    {
        "ASIN": "B09ZHHV1CN",
        "title": "ISNTREE Hyaluronic Acid Watery Sun Gel 50ml 1.69fl.oz",
        "price": "$16.99 ($10.05 / Fl Oz)",
        "listPrice": "",
        "imageUrl": "https://m.media-amazon.com/images/I/219prVRXVEL._SL160_.jpg",
        "detailPageURL": "https://www.amazon.com/dp/B09ZHHV1CN",
        "rating": "4.6",
        "totalReviews": "781",
        "subtitle": "IsNtree",
        "isPrimeEligible": "1"
    },
    {
        "ASIN": "B0BZGLNZQZ",
        "title": "Skin1004 Facial Sun Screen, Sun Serum Twin Pack",
        "price": "$27.00",
        "listPrice": "$34.00",
        "imageUrl": "https://m.media-amazon.com/images/I/41RqK25IuFL._SL160_.jpg",
        "detailPageURL": "https://www.amazon.com/dp/B0BZGLNZQZ",
        "rating": "4.7",
        "totalReviews": "389",
        "subtitle": "SKIN1004",
        "isPrimeEligible": "1"
    },
    {
        "ASIN": "B084R18M8L",
        "title": "Banana Boat Mineral Enriched Sunscreen, Sensitive Skin, Broad Spectrum Spray, SPF 50, 6oz. - Twin Pack",
        "price": "$16.68 ($1.39 / Ounce)",
        "listPrice": "$19.98 ($1.66 / Ounce)",
        "imageUrl": "https://m.media-amazon.com/images/I/51k7+IXmOZL._SL160_.jpg",
        "detailPageURL": "https://www.amazon.com/dp/B084R18M8L",
        "rating": "4.5",
        "totalReviews": "2566",
        "subtitle": "Banana Boat",
        "isPrimeEligible": "1"
    },
    {
        "ASIN": "B07YZQYBVN",
        "title": "Australian Gold Continuous Spray Sunscreen with Instant Bronzer SPF 15, Immediate Glow & Dries Fast, Broad Spectrum, Water Resistant, Non-Greasy, Oxybenzone Free, Cruelty Free, 6 Ounce",
        "price": "$8.77 ($1.46 / Fl Oz)",
        "listPrice": "",
        "imageUrl": "https://m.media-amazon.com/images/I/41SFUr+ishL._SL160_.jpg",
        "detailPageURL": "https://www.amazon.com/dp/B07YZQYBVN",
        "rating": "4.7",
        "totalReviews": "12037",
        "subtitle": "Australian Gold",
        "isPrimeEligible": "1"
    },
    {
        "ASIN": "B00TBJWP9K",
        "title": "La Roche-Posay Anthelios Cooling Water Lotion Sunscreen for Body and Face, Broad Spectrum Sunscreen SPF, Absorbs Quickly, Water Resistant Every Day Sun Protection for Sensitive Skin",
        "price": "$37.99 ($7.60 / Fl Oz)",
        "listPrice": "",
        "imageUrl": "https://m.media-amazon.com/images/I/41Cj-xyUG3L._SL160_.jpg",
        "detailPageURL": "https://www.amazon.com/dp/B00TBJWP9K",
        "rating": "4.7",
        "totalReviews": "1608",
        "subtitle": "",
        "isPrimeEligible": "1"
    },
    {
        "ASIN": "B087HBVDYT",
        "title": "Supergoop! PLAY Antioxidant Body Mist w/ Vitamin C, 6 fl oz - SPF 50 PA++++ Broad Spectrum Sunscreen - Body Spray for Sensitive Skin - Clean Ingredients - Great for Active Days",
        "price": "$21.00 ($3.50 / Ounce)",
        "listPrice": "",
        "imageUrl": "https://m.media-amazon.com/images/I/31Tu-BVxTiL._SL160_.jpg",
        "detailPageURL": "https://www.amazon.com/dp/B087HBVDYT",
        "rating": "4.5",
        "totalReviews": "2543",
        "subtitle": "Supergoop!",
        "isPrimeEligible": "1"
    },
    {
        "ASIN": "B001U2FOSA",
        "title": "NO-AD Sport SPF 50 Sunscreen Lotion | Water-Resistant, Non-Greasy | Sunscreen SPF 50 Suitable for All Skin Types | Broad Spectrum Protection for Active Lifestyles | 16 oz",
        "price": "$18.00",
        "listPrice": "$19.99",
        "imageUrl": "https://m.media-amazon.com/images/I/41KxGRFsiIL._SL160_.jpg",
        "detailPageURL": "https://www.amazon.com/dp/B001U2FOSA",
        "rating": "4.5",
        "totalReviews": "1026",
        "subtitle": "",
        "isPrimeEligible": "1"
    },
    {
        "ASIN": "B08Q2QX7PJ",
        "title": "Hawaiian Tropic Weightless Hydration Clear Spray Sunscreen SPF 15, 6oz | Hawaiian Tropic Sunscreen SPF 15, Sunblock, Oxybenzone Free Sunscreen, Spray On Sunscreen Pack SPF 15, 6oz each Twin Pack",
        "price": "$19.94 ($1.66 / Ounce)",
        "listPrice": "",
        "imageUrl": "https://m.media-amazon.com/images/I/41ZpMMpv2gL._SL160_.jpg",
        "detailPageURL": "https://www.amazon.com/dp/B08Q2QX7PJ",
        "rating": "4.8",
        "totalReviews": "1593",
        "subtitle": "Hawaiian Tropic",
        "isPrimeEligible": "1"
    },
    {
        "ASIN": "B097Y83FHS",
        "title": "SCINIC Enjoy Super Mild Sun Essence SPF50+ PA++++ 1.69 fl oz(50ml) | A Lightweight Hydrating Sun Essence That leaves No Sticky Feeling | Korean Skincare",
        "price": "$7.98 ($4.72 / Fl Oz)",
        "listPrice": "$8.73 ($5.17 / Fl Oz)",
        "imageUrl": "https://m.media-amazon.com/images/I/319BH34DbgL._SL160_.jpg",
        "detailPageURL": "https://www.amazon.com/dp/B097Y83FHS",
        "rating": "4.6",
        "totalReviews": "1030",
        "subtitle": "SCINIC",
        "isPrimeEligible": "1"
    },
    {
        "ASIN": "B09ZHHV1CN",
        "title": "ISNTREE Hyaluronic Acid Watery Sun Gel 50ml 1.69fl.oz",
        "price": "$16.99 ($10.05 / Fl Oz)",
        "listPrice": "",
        "imageUrl": "https://m.media-amazon.com/images/I/219prVRXVEL._SL160_.jpg",
        "detailPageURL": "https://www.amazon.com/dp/B09ZHHV1CN",
        "rating": "4.6",
        "totalReviews": "781",
        "subtitle": "IsNtree",
        "isPrimeEligible": "1"
    },
    {
        "ASIN": "B0BZGLNZQZ",
        "title": "Skin1004 Facial Sun Screen, Sun Serum Twin Pack",
        "price": "$27.00",
        "listPrice": "$34.00",
        "imageUrl": "https://m.media-amazon.com/images/I/41RqK25IuFL._SL160_.jpg",
        "detailPageURL": "https://www.amazon.com/dp/B0BZGLNZQZ",
        "rating": "4.7",
        "totalReviews": "389",
        "subtitle": "SKIN1004",
        "isPrimeEligible": "1"
    },
    {
        "ASIN": "B084R18M8L",
        "title": "Banana Boat Mineral Enriched Sunscreen, Sensitive Skin, Broad Spectrum Spray, SPF 50, 6oz. - Twin Pack",
        "price": "$16.68 ($1.39 / Ounce)",
        "listPrice": "$19.98 ($1.66 / Ounce)",
        "imageUrl": "https://m.media-amazon.com/images/I/51k7+IXmOZL._SL160_.jpg",
        "detailPageURL": "https://www.amazon.com/dp/B084R18M8L",
        "rating": "4.5",
        "totalReviews": "2566",
        "subtitle": "Banana Boat",
        "isPrimeEligible": "1"
    },
    {
        "ASIN": "B07YZQYBVN",
        "title": "Australian Gold Continuous Spray Sunscreen with Instant Bronzer SPF 15, Immediate Glow & Dries Fast, Broad Spectrum, Water Resistant, Non-Greasy, Oxybenzone Free, Cruelty Free, 6 Ounce",
        "price": "$8.77 ($1.46 / Fl Oz)",
        "listPrice": "",
        "imageUrl": "https://m.media-amazon.com/images/I/41SFUr+ishL._SL160_.jpg",
        "detailPageURL": "https://www.amazon.com/dp/B07YZQYBVN",
        "rating": "4.7",
        "totalReviews": "12037",
        "subtitle": "Australian Gold",
        "isPrimeEligible": "1"
    },
    {
        "ASIN": "B00TBJWP9K",
        "title": "La Roche-Posay Anthelios Cooling Water Lotion Sunscreen for Body and Face, Broad Spectrum Sunscreen SPF, Absorbs Quickly, Water Resistant Every Day Sun Protection for Sensitive Skin",
        "price": "$37.99 ($7.60 / Fl Oz)",
        "listPrice": "",
        "imageUrl": "https://m.media-amazon.com/images/I/41Cj-xyUG3L._SL160_.jpg",
        "detailPageURL": "https://www.amazon.com/dp/B00TBJWP9K",
        "rating": "4.7",
        "totalReviews": "1608",
        "subtitle": "",
        "isPrimeEligible": "1"
    },
    {
        "ASIN": "B087HBVDYT",
        "title": "Supergoop! PLAY Antioxidant Body Mist w/ Vitamin C, 6 fl oz - SPF 50 PA++++ Broad Spectrum Sunscreen - Body Spray for Sensitive Skin - Clean Ingredients - Great for Active Days",
        "price": "$21.00 ($3.50 / Ounce)",
        "listPrice": "",
        "imageUrl": "https://m.media-amazon.com/images/I/31Tu-BVxTiL._SL160_.jpg",
        "detailPageURL": "https://www.amazon.com/dp/B087HBVDYT",
        "rating": "4.5",
        "totalReviews": "2543",
        "subtitle": "Supergoop!",
        "isPrimeEligible": "1"
    },
    {
        "ASIN": "B001U2FOSA",
        "title": "NO-AD Sport SPF 50 Sunscreen Lotion | Water-Resistant, Non-Greasy | Sunscreen SPF 50 Suitable for All Skin Types | Broad Spectrum Protection for Active Lifestyles | 16 oz",
        "price": "$18.00",
        "listPrice": "$19.99",
        "imageUrl": "https://m.media-amazon.com/images/I/41KxGRFsiIL._SL160_.jpg",
        "detailPageURL": "https://www.amazon.com/dp/B001U2FOSA",
        "rating": "4.5",
        "totalReviews": "1026",
        "subtitle": "",
        "isPrimeEligible": "1"
    },
    {
        "ASIN": "B08Q2QX7PJ",
        "title": "Hawaiian Tropic Weightless Hydration Clear Spray Sunscreen SPF 15, 6oz | Hawaiian Tropic Sunscreen SPF 15, Sunblock, Oxybenzone Free Sunscreen, Spray On Sunscreen Pack SPF 15, 6oz each Twin Pack",
        "price": "$19.94 ($1.66 / Ounce)",
        "listPrice": "",
        "imageUrl": "https://m.media-amazon.com/images/I/41ZpMMpv2gL._SL160_.jpg",
        "detailPageURL": "https://www.amazon.com/dp/B08Q2QX7PJ",
        "rating": "4.8",
        "totalReviews": "1593",
        "subtitle": "Hawaiian Tropic",
        "isPrimeEligible": "1"
    },
    {
        "ASIN": "B097Y83FHS",
        "title": "SCINIC Enjoy Super Mild Sun Essence SPF50+ PA++++ 1.69 fl oz(50ml) | A Lightweight Hydrating Sun Essence That leaves No Sticky Feeling | Korean Skincare",
        "price": "$7.98 ($4.72 / Fl Oz)",
        "listPrice": "$8.73 ($5.17 / Fl Oz)",
        "imageUrl": "https://m.media-amazon.com/images/I/319BH34DbgL._SL160_.jpg",
        "detailPageURL": "https://www.amazon.com/dp/B097Y83FHS",
        "rating": "4.6",
        "totalReviews": "1030",
        "subtitle": "SCINIC",
        "isPrimeEligible": "1"
    },
    {
        "ASIN": "B08L8C6XCY",
        "title": "Aveeno Protect + Hydrate Moisturizing Face Sunscreen Lotion With Broad Spectrum Spf 60 & Prebiotic Oat, Weightless & Refreshing Feel, Paraben-free, Oil-free, Oxybenzone-free, 2.0 ounces",
        "price": "$8.99 ($4.50 / Fl Oz)",
        "listPrice": "$10.89 ($5.44 / Fl Oz)",
        "imageUrl": "https://m.media-amazon.com/images/I/41cJs3cRPYL._SL160_.jpg",
        "detailPageURL": "https://www.amazon.com/dp/B08L8C6XCY",
        "rating": "4.5",
        "totalReviews": "4824",
        "subtitle": "Aveeno",
        "isPrimeEligible": "1"
    },
    {
        "ASIN": "B0BZGLNZQZ",
        "title": "Skin1004 Facial Sun Screen, Sun Serum Twin Pack",
        "price": "$27.00",
        "listPrice": "$34.00",
        "imageUrl": "https://m.media-amazon.com/images/I/41RqK25IuFL._SL160_.jpg",
        "detailPageURL": "https://www.amazon.com/dp/B0BZGLNZQZ",
        "rating": "4.7",
        "totalReviews": "389",
        "subtitle": "SKIN1004",
        "isPrimeEligible": "1"
    },
    {
        "ASIN": "B084R18M8L",
        "title": "Banana Boat Mineral Enriched Sunscreen, Sensitive Skin, Broad Spectrum Spray, SPF 50, 6oz. - Twin Pack",
        "price": "$16.68 ($1.39 / Ounce)",
        "listPrice": "$19.98 ($1.66 / Ounce)",
        "imageUrl": "https://m.media-amazon.com/images/I/51k7+IXmOZL._SL160_.jpg",
        "detailPageURL": "https://www.amazon.com/dp/B084R18M8L",
        "rating": "4.5",
        "totalReviews": "2566",
        "subtitle": "Banana Boat",
        "isPrimeEligible": "1"
    },
    {
        "ASIN": "B07YZQYBVN",
        "title": "Australian Gold Continuous Spray Sunscreen with Instant Bronzer SPF 15, Immediate Glow & Dries Fast, Broad Spectrum, Water Resistant, Non-Greasy, Oxybenzone Free, Cruelty Free, 6 Ounce",
        "price": "$8.77 ($1.46 / Fl Oz)",
        "listPrice": "",
        "imageUrl": "https://m.media-amazon.com/images/I/41SFUr+ishL._SL160_.jpg",
        "detailPageURL": "https://www.amazon.com/dp/B07YZQYBVN",
        "rating": "4.7",
        "totalReviews": "12037",
        "subtitle": "Australian Gold",
        "isPrimeEligible": "1"
    },
    {
        "ASIN": "B00TBJWP9K",
        "title": "La Roche-Posay Anthelios Cooling Water Lotion Sunscreen for Body and Face, Broad Spectrum Sunscreen SPF, Absorbs Quickly, Water Resistant Every Day Sun Protection for Sensitive Skin",
        "price": "$37.99 ($7.60 / Fl Oz)",
        "listPrice": "",
        "imageUrl": "https://m.media-amazon.com/images/I/41Cj-xyUG3L._SL160_.jpg",
        "detailPageURL": "https://www.amazon.com/dp/B00TBJWP9K",
        "rating": "4.7",
        "totalReviews": "1608",
        "subtitle": "",
        "isPrimeEligible": "1"
    },
    {
        "ASIN": "B087HBVDYT",
        "title": "Supergoop! PLAY Antioxidant Body Mist w/ Vitamin C, 6 fl oz - SPF 50 PA++++ Broad Spectrum Sunscreen - Body Spray for Sensitive Skin - Clean Ingredients - Great for Active Days",
        "price": "$21.00 ($3.50 / Ounce)",
        "listPrice": "",
        "imageUrl": "https://m.media-amazon.com/images/I/31Tu-BVxTiL._SL160_.jpg",
        "detailPageURL": "https://www.amazon.com/dp/B087HBVDYT",
        "rating": "4.5",
        "totalReviews": "2543",
        "subtitle": "Supergoop!",
        "isPrimeEligible": "1"
    },
    {
        "ASIN": "B001U2FOSA",
        "title": "NO-AD Sport SPF 50 Sunscreen Lotion | Water-Resistant, Non-Greasy | Sunscreen SPF 50 Suitable for All Skin Types | Broad Spectrum Protection for Active Lifestyles | 16 oz",
        "price": "$18.00",
        "listPrice": "$19.99",
        "imageUrl": "https://m.media-amazon.com/images/I/41KxGRFsiIL._SL160_.jpg",
        "detailPageURL": "https://www.amazon.com/dp/B001U2FOSA",
        "rating": "4.5",
        "totalReviews": "1026",
        "subtitle": "",
        "isPrimeEligible": "1"
    },
    {
        "ASIN": "B08Q2QX7PJ",
        "title": "Hawaiian Tropic Weightless Hydration Clear Spray Sunscreen SPF 15, 6oz | Hawaiian Tropic Sunscreen SPF 15, Sunblock, Oxybenzone Free Sunscreen, Spray On Sunscreen Pack SPF 15, 6oz each Twin Pack",
        "price": "$19.94 ($1.66 / Ounce)",
        "listPrice": "",
        "imageUrl": "https://m.media-amazon.com/images/I/41ZpMMpv2gL._SL160_.jpg",
        "detailPageURL": "https://www.amazon.com/dp/B08Q2QX7PJ",
        "rating": "4.8",
        "totalReviews": "1593",
        "subtitle": "Hawaiian Tropic",
        "isPrimeEligible": "1"
    },
    {
        "ASIN": "B097Y83FHS",
        "title": "SCINIC Enjoy Super Mild Sun Essence SPF50+ PA++++ 1.69 fl oz(50ml) | A Lightweight Hydrating Sun Essence That leaves No Sticky Feeling | Korean Skincare",
        "price": "$7.98 ($4.72 / Fl Oz)",
        "listPrice": "$8.73 ($5.17 / Fl Oz)",
        "imageUrl": "https://m.media-amazon.com/images/I/319BH34DbgL._SL160_.jpg",
        "detailPageURL": "https://www.amazon.com/dp/B097Y83FHS",
        "rating": "4.6",
        "totalReviews": "1030",
        "subtitle": "SCINIC",
        "isPrimeEligible": "1"
    },
    {
        "ASIN": "B08L8C6XCY",
        "title": "Aveeno Protect + Hydrate Moisturizing Face Sunscreen Lotion With Broad Spectrum Spf 60 & Prebiotic Oat, Weightless & Refreshing Feel, Paraben-free, Oil-free, Oxybenzone-free, 2.0 ounces",
        "price": "$8.99 ($4.50 / Fl Oz)",
        "listPrice": "$10.89 ($5.44 / Fl Oz)",
        "imageUrl": "https://m.media-amazon.com/images/I/41cJs3cRPYL._SL160_.jpg",
        "detailPageURL": "https://www.amazon.com/dp/B08L8C6XCY",
        "rating": "4.5",
        "totalReviews": "4824",
        "subtitle": "Aveeno",
        "isPrimeEligible": "1"
    },
    {
        "ASIN": "B09P8G5KH7",
        "title": "2022 Model Anessa Perfect UV Skin Care Gel N Sunscreen / UV Fruity Floral Scent, Main Unit 3.1 oz (90 g)",
        "price": "$30.32 ($9.78 / Fl Oz)",
        "listPrice": "$31.99 ($10.32 / Fl Oz)",
        "imageUrl": "https://m.media-amazon.com/images/I/31GcsnhPdiL._SL160_.jpg",
        "detailPageURL": "https://www.amazon.com/dp/B09P8G5KH7",
        "rating": "4.5",
        "totalReviews": "685",
        "subtitle": "Anessa",
        "isPrimeEligible": "1"
    },
    {
        "ASIN": "B084R18M8L",
        "title": "Banana Boat Mineral Enriched Sunscreen, Sensitive Skin, Broad Spectrum Spray, SPF 50, 6oz. - Twin Pack",
        "price": "$16.68 ($1.39 / Ounce)",
        "listPrice": "$19.98 ($1.66 / Ounce)",
        "imageUrl": "https://m.media-amazon.com/images/I/51k7+IXmOZL._SL160_.jpg",
        "detailPageURL": "https://www.amazon.com/dp/B084R18M8L",
        "rating": "4.5",
        "totalReviews": "2566",
        "subtitle": "Banana Boat",
        "isPrimeEligible": "1"
    },
    {
        "ASIN": "B07YZQYBVN",
        "title": "Australian Gold Continuous Spray Sunscreen with Instant Bronzer SPF 15, Immediate Glow & Dries Fast, Broad Spectrum, Water Resistant, Non-Greasy, Oxybenzone Free, Cruelty Free, 6 Ounce",
        "price": "$8.77 ($1.46 / Fl Oz)",
        "listPrice": "",
        "imageUrl": "https://m.media-amazon.com/images/I/41SFUr+ishL._SL160_.jpg",
        "detailPageURL": "https://www.amazon.com/dp/B07YZQYBVN",
        "rating": "4.7",
        "totalReviews": "12037",
        "subtitle": "Australian Gold",
        "isPrimeEligible": "1"
    },
    {
        "ASIN": "B00TBJWP9K",
        "title": "La Roche-Posay Anthelios Cooling Water Lotion Sunscreen for Body and Face, Broad Spectrum Sunscreen SPF, Absorbs Quickly, Water Resistant Every Day Sun Protection for Sensitive Skin",
        "price": "$37.99 ($7.60 / Fl Oz)",
        "listPrice": "",
        "imageUrl": "https://m.media-amazon.com/images/I/41Cj-xyUG3L._SL160_.jpg",
        "detailPageURL": "https://www.amazon.com/dp/B00TBJWP9K",
        "rating": "4.7",
        "totalReviews": "1608",
        "subtitle": "",
        "isPrimeEligible": "1"
    },
    {
        "ASIN": "B087HBVDYT",
        "title": "Supergoop! PLAY Antioxidant Body Mist w/ Vitamin C, 6 fl oz - SPF 50 PA++++ Broad Spectrum Sunscreen - Body Spray for Sensitive Skin - Clean Ingredients - Great for Active Days",
        "price": "$21.00 ($3.50 / Ounce)",
        "listPrice": "",
        "imageUrl": "https://m.media-amazon.com/images/I/31Tu-BVxTiL._SL160_.jpg",
        "detailPageURL": "https://www.amazon.com/dp/B087HBVDYT",
        "rating": "4.5",
        "totalReviews": "2543",
        "subtitle": "Supergoop!",
        "isPrimeEligible": "1"
    },
    {
        "ASIN": "B001U2FOSA",
        "title": "NO-AD Sport SPF 50 Sunscreen Lotion | Water-Resistant, Non-Greasy | Sunscreen SPF 50 Suitable for All Skin Types | Broad Spectrum Protection for Active Lifestyles | 16 oz",
        "price": "$18.00",
        "listPrice": "$19.99",
        "imageUrl": "https://m.media-amazon.com/images/I/41KxGRFsiIL._SL160_.jpg",
        "detailPageURL": "https://www.amazon.com/dp/B001U2FOSA",
        "rating": "4.5",
        "totalReviews": "1026",
        "subtitle": "",
        "isPrimeEligible": "1"
    },
    {
        "ASIN": "B08Q2QX7PJ",
        "title": "Hawaiian Tropic Weightless Hydration Clear Spray Sunscreen SPF 15, 6oz | Hawaiian Tropic Sunscreen SPF 15, Sunblock, Oxybenzone Free Sunscreen, Spray On Sunscreen Pack SPF 15, 6oz each Twin Pack",
        "price": "$19.94 ($1.66 / Ounce)",
        "listPrice": "",
        "imageUrl": "https://m.media-amazon.com/images/I/41ZpMMpv2gL._SL160_.jpg",
        "detailPageURL": "https://www.amazon.com/dp/B08Q2QX7PJ",
        "rating": "4.8",
        "totalReviews": "1593",
        "subtitle": "Hawaiian Tropic",
        "isPrimeEligible": "1"
    },
    {
        "ASIN": "B097Y83FHS",
        "title": "SCINIC Enjoy Super Mild Sun Essence SPF50+ PA++++ 1.69 fl oz(50ml) | A Lightweight Hydrating Sun Essence That leaves No Sticky Feeling | Korean Skincare",
        "price": "$7.98 ($4.72 / Fl Oz)",
        "listPrice": "$8.73 ($5.17 / Fl Oz)",
        "imageUrl": "https://m.media-amazon.com/images/I/319BH34DbgL._SL160_.jpg",
        "detailPageURL": "https://www.amazon.com/dp/B097Y83FHS",
        "rating": "4.6",
        "totalReviews": "1030",
        "subtitle": "SCINIC",
        "isPrimeEligible": "1"
    },
    {
        "ASIN": "B08L8C6XCY",
        "title": "Aveeno Protect + Hydrate Moisturizing Face Sunscreen Lotion With Broad Spectrum Spf 60 & Prebiotic Oat, Weightless & Refreshing Feel, Paraben-free, Oil-free, Oxybenzone-free, 2.0 ounces",
        "price": "$8.99 ($4.50 / Fl Oz)",
        "listPrice": "$10.89 ($5.44 / Fl Oz)",
        "imageUrl": "https://m.media-amazon.com/images/I/41cJs3cRPYL._SL160_.jpg",
        "detailPageURL": "https://www.amazon.com/dp/B08L8C6XCY",
        "rating": "4.5",
        "totalReviews": "4824",
        "subtitle": "Aveeno",
        "isPrimeEligible": "1"
    },
    {
        "ASIN": "B09P8G5KH7",
        "title": "2022 Model Anessa Perfect UV Skin Care Gel N Sunscreen / UV Fruity Floral Scent, Main Unit 3.1 oz (90 g)",
        "price": "$30.32 ($9.78 / Fl Oz)",
        "listPrice": "$31.99 ($10.32 / Fl Oz)",
        "imageUrl": "https://m.media-amazon.com/images/I/31GcsnhPdiL._SL160_.jpg",
        "detailPageURL": "https://www.amazon.com/dp/B09P8G5KH7",
        "rating": "4.5",
        "totalReviews": "685",
        "subtitle": "Anessa",
        "isPrimeEligible": "1"
    },
    {
        "ASIN": "B07GSNS5D7",
        "title": "Neutrogena Ultra Sheer Dry-Touch Water Resistant and Non-Greasy Sunscreen Lotion with Broad Spectrum SPF 45, 3 fl. oz, (Pack of 2)",
        "price": "$16.99 ($2.83 / Fl Oz)",
        "listPrice": "$29.98 ($5.00 / Fl Oz)",
        "imageUrl": "https://m.media-amazon.com/images/I/41QqnCvR-mL._SL160_.jpg",
        "detailPageURL": "https://www.amazon.com/dp/B07GSNS5D7",
        "rating": "4.6",
        "totalReviews": "442",
        "subtitle": "Neutrogena",
        "isPrimeEligible": "0"
    },
    {
        "ASIN": "B07YZQYBVN",
        "title": "Australian Gold Continuous Spray Sunscreen with Instant Bronzer SPF 15, Immediate Glow & Dries Fast, Broad Spectrum, Water Resistant, Non-Greasy, Oxybenzone Free, Cruelty Free, 6 Ounce",
        "price": "$8.77 ($1.46 / Fl Oz)",
        "listPrice": "",
        "imageUrl": "https://m.media-amazon.com/images/I/41SFUr+ishL._SL160_.jpg",
        "detailPageURL": "https://www.amazon.com/dp/B07YZQYBVN",
        "rating": "4.7",
        "totalReviews": "12037",
        "subtitle": "Australian Gold",
        "isPrimeEligible": "1"
    },
    {
        "ASIN": "B00TBJWP9K",
        "title": "La Roche-Posay Anthelios Cooling Water Lotion Sunscreen for Body and Face, Broad Spectrum Sunscreen SPF, Absorbs Quickly, Water Resistant Every Day Sun Protection for Sensitive Skin",
        "price": "$37.99 ($7.60 / Fl Oz)",
        "listPrice": "",
        "imageUrl": "https://m.media-amazon.com/images/I/41Cj-xyUG3L._SL160_.jpg",
        "detailPageURL": "https://www.amazon.com/dp/B00TBJWP9K",
        "rating": "4.7",
        "totalReviews": "1608",
        "subtitle": "",
        "isPrimeEligible": "1"
    },
    {
        "ASIN": "B087HBVDYT",
        "title": "Supergoop! PLAY Antioxidant Body Mist w/ Vitamin C, 6 fl oz - SPF 50 PA++++ Broad Spectrum Sunscreen - Body Spray for Sensitive Skin - Clean Ingredients - Great for Active Days",
        "price": "$21.00 ($3.50 / Ounce)",
        "listPrice": "",
        "imageUrl": "https://m.media-amazon.com/images/I/31Tu-BVxTiL._SL160_.jpg",
        "detailPageURL": "https://www.amazon.com/dp/B087HBVDYT",
        "rating": "4.5",
        "totalReviews": "2543",
        "subtitle": "Supergoop!",
        "isPrimeEligible": "1"
    },
    {
        "ASIN": "B001U2FOSA",
        "title": "NO-AD Sport SPF 50 Sunscreen Lotion | Water-Resistant, Non-Greasy | Sunscreen SPF 50 Suitable for All Skin Types | Broad Spectrum Protection for Active Lifestyles | 16 oz",
        "price": "$18.00",
        "listPrice": "$19.99",
        "imageUrl": "https://m.media-amazon.com/images/I/41KxGRFsiIL._SL160_.jpg",
        "detailPageURL": "https://www.amazon.com/dp/B001U2FOSA",
        "rating": "4.5",
        "totalReviews": "1026",
        "subtitle": "",
        "isPrimeEligible": "1"
    },
    {
        "ASIN": "B08Q2QX7PJ",
        "title": "Hawaiian Tropic Weightless Hydration Clear Spray Sunscreen SPF 15, 6oz | Hawaiian Tropic Sunscreen SPF 15, Sunblock, Oxybenzone Free Sunscreen, Spray On Sunscreen Pack SPF 15, 6oz each Twin Pack",
        "price": "$19.94 ($1.66 / Ounce)",
        "listPrice": "",
        "imageUrl": "https://m.media-amazon.com/images/I/41ZpMMpv2gL._SL160_.jpg",
        "detailPageURL": "https://www.amazon.com/dp/B08Q2QX7PJ",
        "rating": "4.8",
        "totalReviews": "1593",
        "subtitle": "Hawaiian Tropic",
        "isPrimeEligible": "1"
    },
    {
        "ASIN": "B097Y83FHS",
        "title": "SCINIC Enjoy Super Mild Sun Essence SPF50+ PA++++ 1.69 fl oz(50ml) | A Lightweight Hydrating Sun Essence That leaves No Sticky Feeling | Korean Skincare",
        "price": "$7.98 ($4.72 / Fl Oz)",
        "listPrice": "$8.73 ($5.17 / Fl Oz)",
        "imageUrl": "https://m.media-amazon.com/images/I/319BH34DbgL._SL160_.jpg",
        "detailPageURL": "https://www.amazon.com/dp/B097Y83FHS",
        "rating": "4.6",
        "totalReviews": "1030",
        "subtitle": "SCINIC",
        "isPrimeEligible": "1"
    },
    {
        "ASIN": "B08L8C6XCY",
        "title": "Aveeno Protect + Hydrate Moisturizing Face Sunscreen Lotion With Broad Spectrum Spf 60 & Prebiotic Oat, Weightless & Refreshing Feel, Paraben-free, Oil-free, Oxybenzone-free, 2.0 ounces",
        "price": "$8.99 ($4.50 / Fl Oz)",
        "listPrice": "$10.89 ($5.44 / Fl Oz)",
        "imageUrl": "https://m.media-amazon.com/images/I/41cJs3cRPYL._SL160_.jpg",
        "detailPageURL": "https://www.amazon.com/dp/B08L8C6XCY",
        "rating": "4.5",
        "totalReviews": "4824",
        "subtitle": "Aveeno",
        "isPrimeEligible": "1"
    },
    {
        "ASIN": "B09P8G5KH7",
        "title": "2022 Model Anessa Perfect UV Skin Care Gel N Sunscreen / UV Fruity Floral Scent, Main Unit 3.1 oz (90 g)",
        "price": "$30.32 ($9.78 / Fl Oz)",
        "listPrice": "$31.99 ($10.32 / Fl Oz)",
        "imageUrl": "https://m.media-amazon.com/images/I/31GcsnhPdiL._SL160_.jpg",
        "detailPageURL": "https://www.amazon.com/dp/B09P8G5KH7",
        "rating": "4.5",
        "totalReviews": "685",
        "subtitle": "Anessa",
        "isPrimeEligible": "1"
    },
    {
        "ASIN": "B07GSNS5D7",
        "title": "Neutrogena Ultra Sheer Dry-Touch Water Resistant and Non-Greasy Sunscreen Lotion with Broad Spectrum SPF 45, 3 fl. oz, (Pack of 2)",
        "price": "$16.99 ($2.83 / Fl Oz)",
        "listPrice": "$29.98 ($5.00 / Fl Oz)",
        "imageUrl": "https://m.media-amazon.com/images/I/41QqnCvR-mL._SL160_.jpg",
        "detailPageURL": "https://www.amazon.com/dp/B07GSNS5D7",
        "rating": "4.6",
        "totalReviews": "442",
        "subtitle": "Neutrogena",
        "isPrimeEligible": "0"
    },
    {
        "ASIN": "B09MJGJS5V",
        "title": "Eucerin Sun Age Defense SPF 50 Face Sunscreen Lotion with Hyaluronic Acid, Facial Sunscreen with 5 Antioxidants, 2.5 Fl Oz Bottle (Color: White)",
        "price": "$13.92 ($5.57 / Fl Oz)",
        "listPrice": "",
        "imageUrl": "https://m.media-amazon.com/images/I/318GDXeURmL._SL160_.jpg",
        "detailPageURL": "https://www.amazon.com/dp/B09MJGJS5V",
        "rating": "4.6",
        "totalReviews": "1015",
        "subtitle": "Eucerin",
        "isPrimeEligible": "1"
    },
    {
        "ASIN": "B00TBJWP9K",
        "title": "La Roche-Posay Anthelios Cooling Water Lotion Sunscreen for Body and Face, Broad Spectrum Sunscreen SPF, Absorbs Quickly, Water Resistant Every Day Sun Protection for Sensitive Skin",
        "price": "$37.99 ($7.60 / Fl Oz)",
        "listPrice": "",
        "imageUrl": "https://m.media-amazon.com/images/I/41Cj-xyUG3L._SL160_.jpg",
        "detailPageURL": "https://www.amazon.com/dp/B00TBJWP9K",
        "rating": "4.7",
        "totalReviews": "1608",
        "subtitle": "",
        "isPrimeEligible": "1"
    },
    {
        "ASIN": "B087HBVDYT",
        "title": "Supergoop! PLAY Antioxidant Body Mist w/ Vitamin C, 6 fl oz - SPF 50 PA++++ Broad Spectrum Sunscreen - Body Spray for Sensitive Skin - Clean Ingredients - Great for Active Days",
        "price": "$21.00 ($3.50 / Ounce)",
        "listPrice": "",
        "imageUrl": "https://m.media-amazon.com/images/I/31Tu-BVxTiL._SL160_.jpg",
        "detailPageURL": "https://www.amazon.com/dp/B087HBVDYT",
        "rating": "4.5",
        "totalReviews": "2543",
        "subtitle": "Supergoop!",
        "isPrimeEligible": "1"
    },
    {
        "ASIN": "B001U2FOSA",
        "title": "NO-AD Sport SPF 50 Sunscreen Lotion | Water-Resistant, Non-Greasy | Sunscreen SPF 50 Suitable for All Skin Types | Broad Spectrum Protection for Active Lifestyles | 16 oz",
        "price": "$18.00",
        "listPrice": "$19.99",
        "imageUrl": "https://m.media-amazon.com/images/I/41KxGRFsiIL._SL160_.jpg",
        "detailPageURL": "https://www.amazon.com/dp/B001U2FOSA",
        "rating": "4.5",
        "totalReviews": "1026",
        "subtitle": "",
        "isPrimeEligible": "1"
    },
    {
        "ASIN": "B08Q2QX7PJ",
        "title": "Hawaiian Tropic Weightless Hydration Clear Spray Sunscreen SPF 15, 6oz | Hawaiian Tropic Sunscreen SPF 15, Sunblock, Oxybenzone Free Sunscreen, Spray On Sunscreen Pack SPF 15, 6oz each Twin Pack",
        "price": "$19.94 ($1.66 / Ounce)",
        "listPrice": "",
        "imageUrl": "https://m.media-amazon.com/images/I/41ZpMMpv2gL._SL160_.jpg",
        "detailPageURL": "https://www.amazon.com/dp/B08Q2QX7PJ",
        "rating": "4.8",
        "totalReviews": "1593",
        "subtitle": "Hawaiian Tropic",
        "isPrimeEligible": "1"
    },
    {
        "ASIN": "B097Y83FHS",
        "title": "SCINIC Enjoy Super Mild Sun Essence SPF50+ PA++++ 1.69 fl oz(50ml) | A Lightweight Hydrating Sun Essence That leaves No Sticky Feeling | Korean Skincare",
        "price": "$7.98 ($4.72 / Fl Oz)",
        "listPrice": "$8.73 ($5.17 / Fl Oz)",
        "imageUrl": "https://m.media-amazon.com/images/I/319BH34DbgL._SL160_.jpg",
        "detailPageURL": "https://www.amazon.com/dp/B097Y83FHS",
        "rating": "4.6",
        "totalReviews": "1030",
        "subtitle": "SCINIC",
        "isPrimeEligible": "1"
    },
    {
        "ASIN": "B08L8C6XCY",
        "title": "Aveeno Protect + Hydrate Moisturizing Face Sunscreen Lotion With Broad Spectrum Spf 60 & Prebiotic Oat, Weightless & Refreshing Feel, Paraben-free, Oil-free, Oxybenzone-free, 2.0 ounces",
        "price": "$8.99 ($4.50 / Fl Oz)",
        "listPrice": "$10.89 ($5.44 / Fl Oz)",
        "imageUrl": "https://m.media-amazon.com/images/I/41cJs3cRPYL._SL160_.jpg",
        "detailPageURL": "https://www.amazon.com/dp/B08L8C6XCY",
        "rating": "4.5",
        "totalReviews": "4824",
        "subtitle": "Aveeno",
        "isPrimeEligible": "1"
    },
    {
        "ASIN": "B09P8G5KH7",
        "title": "2022 Model Anessa Perfect UV Skin Care Gel N Sunscreen / UV Fruity Floral Scent, Main Unit 3.1 oz (90 g)",
        "price": "$30.32 ($9.78 / Fl Oz)",
        "listPrice": "$31.99 ($10.32 / Fl Oz)",
        "imageUrl": "https://m.media-amazon.com/images/I/31GcsnhPdiL._SL160_.jpg",
        "detailPageURL": "https://www.amazon.com/dp/B09P8G5KH7",
        "rating": "4.5",
        "totalReviews": "685",
        "subtitle": "Anessa",
        "isPrimeEligible": "1"
    },
    {
        "ASIN": "B07GSNS5D7",
        "title": "Neutrogena Ultra Sheer Dry-Touch Water Resistant and Non-Greasy Sunscreen Lotion with Broad Spectrum SPF 45, 3 fl. oz, (Pack of 2)",
        "price": "$16.99 ($2.83 / Fl Oz)",
        "listPrice": "$29.98 ($5.00 / Fl Oz)",
        "imageUrl": "https://m.media-amazon.com/images/I/41QqnCvR-mL._SL160_.jpg",
        "detailPageURL": "https://www.amazon.com/dp/B07GSNS5D7",
        "rating": "4.6",
        "totalReviews": "442",
        "subtitle": "Neutrogena",
        "isPrimeEligible": "0"
    },
    {
        "ASIN": "B09MJGJS5V",
        "title": "Eucerin Sun Age Defense SPF 50 Face Sunscreen Lotion with Hyaluronic Acid, Facial Sunscreen with 5 Antioxidants, 2.5 Fl Oz Bottle (Color: White)",
        "price": "$13.92 ($5.57 / Fl Oz)",
        "listPrice": "",
        "imageUrl": "https://m.media-amazon.com/images/I/318GDXeURmL._SL160_.jpg",
        "detailPageURL": "https://www.amazon.com/dp/B09MJGJS5V",
        "rating": "4.6",
        "totalReviews": "1015",
        "subtitle": "Eucerin",
        "isPrimeEligible": "1"
    },
    {
        "ASIN": "B095CM22PT",
        "title": "Oars + Alps Hydrating SPF 50 Sunscreen Spray, Infused with Vitamin C and Antioxidants, Water and Sweat Resistant, 6 Oz, 2 Pack",
        "price": "$35.98 ($3.00 / Ounce)",
        "listPrice": "",
        "imageUrl": "https://m.media-amazon.com/images/I/41Y3N1-I9oS._SL160_.jpg",
        "detailPageURL": "https://www.amazon.com/dp/B095CM22PT",
        "rating": "4.2",
        "totalReviews": "636",
        "subtitle": "Oars + Alps",
        "isPrimeEligible": "1"
    },
    {
        "ASIN": "B087HBVDYT",
        "title": "Supergoop! PLAY Antioxidant Body Mist w/ Vitamin C, 6 fl oz - SPF 50 PA++++ Broad Spectrum Sunscreen - Body Spray for Sensitive Skin - Clean Ingredients - Great for Active Days",
        "price": "$21.00 ($3.50 / Ounce)",
        "listPrice": "",
        "imageUrl": "https://m.media-amazon.com/images/I/31Tu-BVxTiL._SL160_.jpg",
        "detailPageURL": "https://www.amazon.com/dp/B087HBVDYT",
        "rating": "4.5",
        "totalReviews": "2543",
        "subtitle": "Supergoop!",
        "isPrimeEligible": "1"
    },
    {
        "ASIN": "B001U2FOSA",
        "title": "NO-AD Sport SPF 50 Sunscreen Lotion | Water-Resistant, Non-Greasy | Sunscreen SPF 50 Suitable for All Skin Types | Broad Spectrum Protection for Active Lifestyles | 16 oz",
        "price": "$18.00",
        "listPrice": "$19.99",
        "imageUrl": "https://m.media-amazon.com/images/I/41KxGRFsiIL._SL160_.jpg",
        "detailPageURL": "https://www.amazon.com/dp/B001U2FOSA",
        "rating": "4.5",
        "totalReviews": "1026",
        "subtitle": "",
        "isPrimeEligible": "1"
    },
    {
        "ASIN": "B08Q2QX7PJ",
        "title": "Hawaiian Tropic Weightless Hydration Clear Spray Sunscreen SPF 15, 6oz | Hawaiian Tropic Sunscreen SPF 15, Sunblock, Oxybenzone Free Sunscreen, Spray On Sunscreen Pack SPF 15, 6oz each Twin Pack",
        "price": "$19.94 ($1.66 / Ounce)",
        "listPrice": "",
        "imageUrl": "https://m.media-amazon.com/images/I/41ZpMMpv2gL._SL160_.jpg",
        "detailPageURL": "https://www.amazon.com/dp/B08Q2QX7PJ",
        "rating": "4.8",
        "totalReviews": "1593",
        "subtitle": "Hawaiian Tropic",
        "isPrimeEligible": "1"
    },
    {
        "ASIN": "B097Y83FHS",
        "title": "SCINIC Enjoy Super Mild Sun Essence SPF50+ PA++++ 1.69 fl oz(50ml) | A Lightweight Hydrating Sun Essence That leaves No Sticky Feeling | Korean Skincare",
        "price": "$7.98 ($4.72 / Fl Oz)",
        "listPrice": "$8.73 ($5.17 / Fl Oz)",
        "imageUrl": "https://m.media-amazon.com/images/I/319BH34DbgL._SL160_.jpg",
        "detailPageURL": "https://www.amazon.com/dp/B097Y83FHS",
        "rating": "4.6",
        "totalReviews": "1030",
        "subtitle": "SCINIC",
        "isPrimeEligible": "1"
    },
    {
        "ASIN": "B08L8C6XCY",
        "title": "Aveeno Protect + Hydrate Moisturizing Face Sunscreen Lotion With Broad Spectrum Spf 60 & Prebiotic Oat, Weightless & Refreshing Feel, Paraben-free, Oil-free, Oxybenzone-free, 2.0 ounces",
        "price": "$8.99 ($4.50 / Fl Oz)",
        "listPrice": "$10.89 ($5.44 / Fl Oz)",
        "imageUrl": "https://m.media-amazon.com/images/I/41cJs3cRPYL._SL160_.jpg",
        "detailPageURL": "https://www.amazon.com/dp/B08L8C6XCY",
        "rating": "4.5",
        "totalReviews": "4824",
        "subtitle": "Aveeno",
        "isPrimeEligible": "1"
    },
    {
        "ASIN": "B09P8G5KH7",
        "title": "2022 Model Anessa Perfect UV Skin Care Gel N Sunscreen / UV Fruity Floral Scent, Main Unit 3.1 oz (90 g)",
        "price": "$30.32 ($9.78 / Fl Oz)",
        "listPrice": "$31.99 ($10.32 / Fl Oz)",
        "imageUrl": "https://m.media-amazon.com/images/I/31GcsnhPdiL._SL160_.jpg",
        "detailPageURL": "https://www.amazon.com/dp/B09P8G5KH7",
        "rating": "4.5",
        "totalReviews": "685",
        "subtitle": "Anessa",
        "isPrimeEligible": "1"
    },
    {
        "ASIN": "B07GSNS5D7",
        "title": "Neutrogena Ultra Sheer Dry-Touch Water Resistant and Non-Greasy Sunscreen Lotion with Broad Spectrum SPF 45, 3 fl. oz, (Pack of 2)",
        "price": "$16.99 ($2.83 / Fl Oz)",
        "listPrice": "$29.98 ($5.00 / Fl Oz)",
        "imageUrl": "https://m.media-amazon.com/images/I/41QqnCvR-mL._SL160_.jpg",
        "detailPageURL": "https://www.amazon.com/dp/B07GSNS5D7",
        "rating": "4.6",
        "totalReviews": "442",
        "subtitle": "Neutrogena",
        "isPrimeEligible": "0"
    },
    {
        "ASIN": "B09MJGJS5V",
        "title": "Eucerin Sun Age Defense SPF 50 Face Sunscreen Lotion with Hyaluronic Acid, Facial Sunscreen with 5 Antioxidants, 2.5 Fl Oz Bottle (Color: White)",
        "price": "$13.92 ($5.57 / Fl Oz)",
        "listPrice": "",
        "imageUrl": "https://m.media-amazon.com/images/I/318GDXeURmL._SL160_.jpg",
        "detailPageURL": "https://www.amazon.com/dp/B09MJGJS5V",
        "rating": "4.6",
        "totalReviews": "1015",
        "subtitle": "Eucerin",
        "isPrimeEligible": "1"
    },
    {
        "ASIN": "B095CM22PT",
        "title": "Oars + Alps Hydrating SPF 50 Sunscreen Spray, Infused with Vitamin C and Antioxidants, Water and Sweat Resistant, 6 Oz, 2 Pack",
        "price": "$35.98 ($3.00 / Ounce)",
        "listPrice": "",
        "imageUrl": "https://m.media-amazon.com/images/I/41Y3N1-I9oS._SL160_.jpg",
        "detailPageURL": "https://www.amazon.com/dp/B095CM22PT",
        "rating": "4.2",
        "totalReviews": "636",
        "subtitle": "Oars + Alps",
        "isPrimeEligible": "1"
    },
    {
        "ASIN": "B004CDTDTK",
        "title": "Banana Boat Ultra Defense MAX Skin Protect Clear, Broad Spectrum, Ultra Mist Sunscreen Spray, SPF 100, 6oz, blue cyan",
        "price": "$10.97 ($1.83 / Ounce)",
        "listPrice": "$13.99 ($2.33 / Ounce)",
        "imageUrl": "https://m.media-amazon.com/images/I/41DYt5wZS1L._SL160_.jpg",
        "detailPageURL": "https://www.amazon.com/dp/B004CDTDTK",
        "rating": "4.7",
        "totalReviews": "4629",
        "subtitle": "Banana Boat",
        "isPrimeEligible": "1"
    },
    {
        "ASIN": "B001U2FOSA",
        "title": "NO-AD Sport SPF 50 Sunscreen Lotion | Water-Resistant, Non-Greasy | Sunscreen SPF 50 Suitable for All Skin Types | Broad Spectrum Protection for Active Lifestyles | 16 oz",
        "price": "$18.00",
        "listPrice": "$19.99",
        "imageUrl": "https://m.media-amazon.com/images/I/41KxGRFsiIL._SL160_.jpg",
        "detailPageURL": "https://www.amazon.com/dp/B001U2FOSA",
        "rating": "4.5",
        "totalReviews": "1026",
        "subtitle": "",
        "isPrimeEligible": "1"
    },
    {
        "ASIN": "B08Q2QX7PJ",
        "title": "Hawaiian Tropic Weightless Hydration Clear Spray Sunscreen SPF 15, 6oz | Hawaiian Tropic Sunscreen SPF 15, Sunblock, Oxybenzone Free Sunscreen, Spray On Sunscreen Pack SPF 15, 6oz each Twin Pack",
        "price": "$19.94 ($1.66 / Ounce)",
        "listPrice": "",
        "imageUrl": "https://m.media-amazon.com/images/I/41ZpMMpv2gL._SL160_.jpg",
        "detailPageURL": "https://www.amazon.com/dp/B08Q2QX7PJ",
        "rating": "4.8",
        "totalReviews": "1593",
        "subtitle": "Hawaiian Tropic",
        "isPrimeEligible": "1"
    },
    {
        "ASIN": "B097Y83FHS",
        "title": "SCINIC Enjoy Super Mild Sun Essence SPF50+ PA++++ 1.69 fl oz(50ml) | A Lightweight Hydrating Sun Essence That leaves No Sticky Feeling | Korean Skincare",
        "price": "$7.98 ($4.72 / Fl Oz)",
        "listPrice": "$8.73 ($5.17 / Fl Oz)",
        "imageUrl": "https://m.media-amazon.com/images/I/319BH34DbgL._SL160_.jpg",
        "detailPageURL": "https://www.amazon.com/dp/B097Y83FHS",
        "rating": "4.6",
        "totalReviews": "1030",
        "subtitle": "SCINIC",
        "isPrimeEligible": "1"
    },
    {
        "ASIN": "B08L8C6XCY",
        "title": "Aveeno Protect + Hydrate Moisturizing Face Sunscreen Lotion With Broad Spectrum Spf 60 & Prebiotic Oat, Weightless & Refreshing Feel, Paraben-free, Oil-free, Oxybenzone-free, 2.0 ounces",
        "price": "$8.99 ($4.50 / Fl Oz)",
        "listPrice": "$10.89 ($5.44 / Fl Oz)",
        "imageUrl": "https://m.media-amazon.com/images/I/41cJs3cRPYL._SL160_.jpg",
        "detailPageURL": "https://www.amazon.com/dp/B08L8C6XCY",
        "rating": "4.5",
        "totalReviews": "4824",
        "subtitle": "Aveeno",
        "isPrimeEligible": "1"
    },
    {
        "ASIN": "B09P8G5KH7",
        "title": "2022 Model Anessa Perfect UV Skin Care Gel N Sunscreen / UV Fruity Floral Scent, Main Unit 3.1 oz (90 g)",
        "price": "$30.32 ($9.78 / Fl Oz)",
        "listPrice": "$31.99 ($10.32 / Fl Oz)",
        "imageUrl": "https://m.media-amazon.com/images/I/31GcsnhPdiL._SL160_.jpg",
        "detailPageURL": "https://www.amazon.com/dp/B09P8G5KH7",
        "rating": "4.5",
        "totalReviews": "685",
        "subtitle": "Anessa",
        "isPrimeEligible": "1"
    },
    {
        "ASIN": "B07GSNS5D7",
        "title": "Neutrogena Ultra Sheer Dry-Touch Water Resistant and Non-Greasy Sunscreen Lotion with Broad Spectrum SPF 45, 3 fl. oz, (Pack of 2)",
        "price": "$16.99 ($2.83 / Fl Oz)",
        "listPrice": "$29.98 ($5.00 / Fl Oz)",
        "imageUrl": "https://m.media-amazon.com/images/I/41QqnCvR-mL._SL160_.jpg",
        "detailPageURL": "https://www.amazon.com/dp/B07GSNS5D7",
        "rating": "4.6",
        "totalReviews": "442",
        "subtitle": "Neutrogena",
        "isPrimeEligible": "0"
    },
    {
        "ASIN": "B09MJGJS5V",
        "title": "Eucerin Sun Age Defense SPF 50 Face Sunscreen Lotion with Hyaluronic Acid, Facial Sunscreen with 5 Antioxidants, 2.5 Fl Oz Bottle (Color: White)",
        "price": "$13.92 ($5.57 / Fl Oz)",
        "listPrice": "",
        "imageUrl": "https://m.media-amazon.com/images/I/318GDXeURmL._SL160_.jpg",
        "detailPageURL": "https://www.amazon.com/dp/B09MJGJS5V",
        "rating": "4.6",
        "totalReviews": "1015",
        "subtitle": "Eucerin",
        "isPrimeEligible": "1"
    },
    {
        "ASIN": "B095CM22PT",
        "title": "Oars + Alps Hydrating SPF 50 Sunscreen Spray, Infused with Vitamin C and Antioxidants, Water and Sweat Resistant, 6 Oz, 2 Pack",
        "price": "$35.98 ($3.00 / Ounce)",
        "listPrice": "",
        "imageUrl": "https://m.media-amazon.com/images/I/41Y3N1-I9oS._SL160_.jpg",
        "detailPageURL": "https://www.amazon.com/dp/B095CM22PT",
        "rating": "4.2",
        "totalReviews": "636",
        "subtitle": "Oars + Alps",
        "isPrimeEligible": "1"
    },
    {
        "ASIN": "B004CDTDTK",
        "title": "Banana Boat Ultra Defense MAX Skin Protect Clear, Broad Spectrum, Ultra Mist Sunscreen Spray, SPF 100, 6oz, blue cyan",
        "price": "$10.97 ($1.83 / Ounce)",
        "listPrice": "$13.99 ($2.33 / Ounce)",
        "imageUrl": "https://m.media-amazon.com/images/I/41DYt5wZS1L._SL160_.jpg",
        "detailPageURL": "https://www.amazon.com/dp/B004CDTDTK",
        "rating": "4.7",
        "totalReviews": "4629",
        "subtitle": "Banana Boat",
        "isPrimeEligible": "1"
    },
    {
        "ASIN": "B07HF7VMXZ",
        "title": "La Roche-Posay Anthelios Mineral Sunscreen Gentle Lotion Broad Spectrum SPF 50, Face and Body Sunscreen with Zinc Oxide and Titanium Dioxide, Oxybenzone & Octinoxate Free, Oil-Free",
        "price": "$25.99 ($8.66 / Fl Oz)",
        "listPrice": "",
        "imageUrl": "https://m.media-amazon.com/images/I/41-bo7rwBPL._SL160_.jpg",
        "detailPageURL": "https://www.amazon.com/dp/B07HF7VMXZ",
        "rating": "4.2",
        "totalReviews": "2474",
        "subtitle": "",
        "isPrimeEligible": "1"
    },
    {
        "ASIN": "B08Q2QX7PJ",
        "title": "Hawaiian Tropic Weightless Hydration Clear Spray Sunscreen SPF 15, 6oz | Hawaiian Tropic Sunscreen SPF 15, Sunblock, Oxybenzone Free Sunscreen, Spray On Sunscreen Pack SPF 15, 6oz each Twin Pack",
        "price": "$19.94 ($1.66 / Ounce)",
        "listPrice": "",
        "imageUrl": "https://m.media-amazon.com/images/I/41ZpMMpv2gL._SL160_.jpg",
        "detailPageURL": "https://www.amazon.com/dp/B08Q2QX7PJ",
        "rating": "4.8",
        "totalReviews": "1593",
        "subtitle": "Hawaiian Tropic",
        "isPrimeEligible": "1"
    },
    {
        "ASIN": "B097Y83FHS",
        "title": "SCINIC Enjoy Super Mild Sun Essence SPF50+ PA++++ 1.69 fl oz(50ml) | A Lightweight Hydrating Sun Essence That leaves No Sticky Feeling | Korean Skincare",
        "price": "$7.98 ($4.72 / Fl Oz)",
        "listPrice": "$8.73 ($5.17 / Fl Oz)",
        "imageUrl": "https://m.media-amazon.com/images/I/319BH34DbgL._SL160_.jpg",
        "detailPageURL": "https://www.amazon.com/dp/B097Y83FHS",
        "rating": "4.6",
        "totalReviews": "1030",
        "subtitle": "SCINIC",
        "isPrimeEligible": "1"
    },
    {
        "ASIN": "B08L8C6XCY",
        "title": "Aveeno Protect + Hydrate Moisturizing Face Sunscreen Lotion With Broad Spectrum Spf 60 & Prebiotic Oat, Weightless & Refreshing Feel, Paraben-free, Oil-free, Oxybenzone-free, 2.0 ounces",
        "price": "$8.99 ($4.50 / Fl Oz)",
        "listPrice": "$10.89 ($5.44 / Fl Oz)",
        "imageUrl": "https://m.media-amazon.com/images/I/41cJs3cRPYL._SL160_.jpg",
        "detailPageURL": "https://www.amazon.com/dp/B08L8C6XCY",
        "rating": "4.5",
        "totalReviews": "4824",
        "subtitle": "Aveeno",
        "isPrimeEligible": "1"
    },
    {
        "ASIN": "B09P8G5KH7",
        "title": "2022 Model Anessa Perfect UV Skin Care Gel N Sunscreen / UV Fruity Floral Scent, Main Unit 3.1 oz (90 g)",
        "price": "$30.32 ($9.78 / Fl Oz)",
        "listPrice": "$31.99 ($10.32 / Fl Oz)",
        "imageUrl": "https://m.media-amazon.com/images/I/31GcsnhPdiL._SL160_.jpg",
        "detailPageURL": "https://www.amazon.com/dp/B09P8G5KH7",
        "rating": "4.5",
        "totalReviews": "685",
        "subtitle": "Anessa",
        "isPrimeEligible": "1"
    },
    {
        "ASIN": "B07GSNS5D7",
        "title": "Neutrogena Ultra Sheer Dry-Touch Water Resistant and Non-Greasy Sunscreen Lotion with Broad Spectrum SPF 45, 3 fl. oz, (Pack of 2)",
        "price": "$16.99 ($2.83 / Fl Oz)",
        "listPrice": "$29.98 ($5.00 / Fl Oz)",
        "imageUrl": "https://m.media-amazon.com/images/I/41QqnCvR-mL._SL160_.jpg",
        "detailPageURL": "https://www.amazon.com/dp/B07GSNS5D7",
        "rating": "4.6",
        "totalReviews": "442",
        "subtitle": "Neutrogena",
        "isPrimeEligible": "0"
    },
    {
        "ASIN": "B09MJGJS5V",
        "title": "Eucerin Sun Age Defense SPF 50 Face Sunscreen Lotion with Hyaluronic Acid, Facial Sunscreen with 5 Antioxidants, 2.5 Fl Oz Bottle (Color: White)",
        "price": "$13.92 ($5.57 / Fl Oz)",
        "listPrice": "",
        "imageUrl": "https://m.media-amazon.com/images/I/318GDXeURmL._SL160_.jpg",
        "detailPageURL": "https://www.amazon.com/dp/B09MJGJS5V",
        "rating": "4.6",
        "totalReviews": "1015",
        "subtitle": "Eucerin",
        "isPrimeEligible": "1"
    },
    {
        "ASIN": "B095CM22PT",
        "title": "Oars + Alps Hydrating SPF 50 Sunscreen Spray, Infused with Vitamin C and Antioxidants, Water and Sweat Resistant, 6 Oz, 2 Pack",
        "price": "$35.98 ($3.00 / Ounce)",
        "listPrice": "",
        "imageUrl": "https://m.media-amazon.com/images/I/41Y3N1-I9oS._SL160_.jpg",
        "detailPageURL": "https://www.amazon.com/dp/B095CM22PT",
        "rating": "4.2",
        "totalReviews": "636",
        "subtitle": "Oars + Alps",
        "isPrimeEligible": "1"
    },
    {
        "ASIN": "B004CDTDTK",
        "title": "Banana Boat Ultra Defense MAX Skin Protect Clear, Broad Spectrum, Ultra Mist Sunscreen Spray, SPF 100, 6oz, blue cyan",
        "price": "$10.97 ($1.83 / Ounce)",
        "listPrice": "$13.99 ($2.33 / Ounce)",
        "imageUrl": "https://m.media-amazon.com/images/I/41DYt5wZS1L._SL160_.jpg",
        "detailPageURL": "https://www.amazon.com/dp/B004CDTDTK",
        "rating": "4.7",
        "totalReviews": "4629",
        "subtitle": "Banana Boat",
        "isPrimeEligible": "1"
    },
    {
        "ASIN": "B07HF7VMXZ",
        "title": "La Roche-Posay Anthelios Mineral Sunscreen Gentle Lotion Broad Spectrum SPF 50, Face and Body Sunscreen with Zinc Oxide and Titanium Dioxide, Oxybenzone & Octinoxate Free, Oil-Free",
        "price": "$25.99 ($8.66 / Fl Oz)",
        "listPrice": "",
        "imageUrl": "https://m.media-amazon.com/images/I/41-bo7rwBPL._SL160_.jpg",
        "detailPageURL": "https://www.amazon.com/dp/B07HF7VMXZ",
        "rating": "4.2",
        "totalReviews": "2474",
        "subtitle": "",
        "isPrimeEligible": "1"
    },
    {
        "ASIN": "B07FQTDGS9",
        "title": "SolRX SPORT SPF 50 Sunscreen, Oxybenzone Free, Broad Spectrum UVA/UVB, Fragrance Free, Reef Friendly",
        "price": "$15.99 ($4.70 / Fl Oz)",
        "listPrice": "",
        "imageUrl": "https://m.media-amazon.com/images/I/41z3BC+dYDL._SL160_.jpg",
        "detailPageURL": "https://www.amazon.com/dp/B07FQTDGS9",
        "rating": "4.6",
        "totalReviews": "188",
        "subtitle": "SolRX",
        "isPrimeEligible": "1"
    },
    {
        "ASIN": "B097Y83FHS",
        "title": "SCINIC Enjoy Super Mild Sun Essence SPF50+ PA++++ 1.69 fl oz(50ml) | A Lightweight Hydrating Sun Essence That leaves No Sticky Feeling | Korean Skincare",
        "price": "$7.98 ($4.72 / Fl Oz)",
        "listPrice": "$8.73 ($5.17 / Fl Oz)",
        "imageUrl": "https://m.media-amazon.com/images/I/319BH34DbgL._SL160_.jpg",
        "detailPageURL": "https://www.amazon.com/dp/B097Y83FHS",
        "rating": "4.6",
        "totalReviews": "1030",
        "subtitle": "SCINIC",
        "isPrimeEligible": "1"
    },
    {
        "ASIN": "B08L8C6XCY",
        "title": "Aveeno Protect + Hydrate Moisturizing Face Sunscreen Lotion With Broad Spectrum Spf 60 & Prebiotic Oat, Weightless & Refreshing Feel, Paraben-free, Oil-free, Oxybenzone-free, 2.0 ounces",
        "price": "$8.99 ($4.50 / Fl Oz)",
        "listPrice": "$10.89 ($5.44 / Fl Oz)",
        "imageUrl": "https://m.media-amazon.com/images/I/41cJs3cRPYL._SL160_.jpg",
        "detailPageURL": "https://www.amazon.com/dp/B08L8C6XCY",
        "rating": "4.5",
        "totalReviews": "4824",
        "subtitle": "Aveeno",
        "isPrimeEligible": "1"
    },
    {
        "ASIN": "B09P8G5KH7",
        "title": "2022 Model Anessa Perfect UV Skin Care Gel N Sunscreen / UV Fruity Floral Scent, Main Unit 3.1 oz (90 g)",
        "price": "$30.32 ($9.78 / Fl Oz)",
        "listPrice": "$31.99 ($10.32 / Fl Oz)",
        "imageUrl": "https://m.media-amazon.com/images/I/31GcsnhPdiL._SL160_.jpg",
        "detailPageURL": "https://www.amazon.com/dp/B09P8G5KH7",
        "rating": "4.5",
        "totalReviews": "685",
        "subtitle": "Anessa",
        "isPrimeEligible": "1"
    },
    {
        "ASIN": "B07GSNS5D7",
        "title": "Neutrogena Ultra Sheer Dry-Touch Water Resistant and Non-Greasy Sunscreen Lotion with Broad Spectrum SPF 45, 3 fl. oz, (Pack of 2)",
        "price": "$16.99 ($2.83 / Fl Oz)",
        "listPrice": "$29.98 ($5.00 / Fl Oz)",
        "imageUrl": "https://m.media-amazon.com/images/I/41QqnCvR-mL._SL160_.jpg",
        "detailPageURL": "https://www.amazon.com/dp/B07GSNS5D7",
        "rating": "4.6",
        "totalReviews": "442",
        "subtitle": "Neutrogena",
        "isPrimeEligible": "0"
    },
    {
        "ASIN": "B09MJGJS5V",
        "title": "Eucerin Sun Age Defense SPF 50 Face Sunscreen Lotion with Hyaluronic Acid, Facial Sunscreen with 5 Antioxidants, 2.5 Fl Oz Bottle (Color: White)",
        "price": "$13.92 ($5.57 / Fl Oz)",
        "listPrice": "",
        "imageUrl": "https://m.media-amazon.com/images/I/318GDXeURmL._SL160_.jpg",
        "detailPageURL": "https://www.amazon.com/dp/B09MJGJS5V",
        "rating": "4.6",
        "totalReviews": "1015",
        "subtitle": "Eucerin",
        "isPrimeEligible": "1"
    },
    {
        "ASIN": "B095CM22PT",
        "title": "Oars + Alps Hydrating SPF 50 Sunscreen Spray, Infused with Vitamin C and Antioxidants, Water and Sweat Resistant, 6 Oz, 2 Pack",
        "price": "$35.98 ($3.00 / Ounce)",
        "listPrice": "",
        "imageUrl": "https://m.media-amazon.com/images/I/41Y3N1-I9oS._SL160_.jpg",
        "detailPageURL": "https://www.amazon.com/dp/B095CM22PT",
        "rating": "4.2",
        "totalReviews": "636",
        "subtitle": "Oars + Alps",
        "isPrimeEligible": "1"
    },
    {
        "ASIN": "B004CDTDTK",
        "title": "Banana Boat Ultra Defense MAX Skin Protect Clear, Broad Spectrum, Ultra Mist Sunscreen Spray, SPF 100, 6oz, blue cyan",
        "price": "$10.97 ($1.83 / Ounce)",
        "listPrice": "$13.99 ($2.33 / Ounce)",
        "imageUrl": "https://m.media-amazon.com/images/I/41DYt5wZS1L._SL160_.jpg",
        "detailPageURL": "https://www.amazon.com/dp/B004CDTDTK",
        "rating": "4.7",
        "totalReviews": "4629",
        "subtitle": "Banana Boat",
        "isPrimeEligible": "1"
    },
    {
        "ASIN": "B07HF7VMXZ",
        "title": "La Roche-Posay Anthelios Mineral Sunscreen Gentle Lotion Broad Spectrum SPF 50, Face and Body Sunscreen with Zinc Oxide and Titanium Dioxide, Oxybenzone & Octinoxate Free, Oil-Free",
        "price": "$25.99 ($8.66 / Fl Oz)",
        "listPrice": "",
        "imageUrl": "https://m.media-amazon.com/images/I/41-bo7rwBPL._SL160_.jpg",
        "detailPageURL": "https://www.amazon.com/dp/B07HF7VMXZ",
        "rating": "4.2",
        "totalReviews": "2474",
        "subtitle": "",
        "isPrimeEligible": "1"
    },
    {
        "ASIN": "B07FQTDGS9",
        "title": "SolRX SPORT SPF 50 Sunscreen, Oxybenzone Free, Broad Spectrum UVA/UVB, Fragrance Free, Reef Friendly",
        "price": "$15.99 ($4.70 / Fl Oz)",
        "listPrice": "",
        "imageUrl": "https://m.media-amazon.com/images/I/41z3BC+dYDL._SL160_.jpg",
        "detailPageURL": "https://www.amazon.com/dp/B07FQTDGS9",
        "rating": "4.6",
        "totalReviews": "188",
        "subtitle": "SolRX",
        "isPrimeEligible": "1"
    },
    {
        "ASIN": "B074WVS78G",
        "title": "Coppertone SPORT Sunscreen Spray SPF 100, Water Resistant, Continuous Spray Sunscreen, Broad Spectrum SPF 100 Sunscreen, 5.5 Oz Spray",
        "price": "$10.38 ($1.89 / Ounce)",
        "listPrice": "",
        "imageUrl": "https://m.media-amazon.com/images/I/41KFGVMBKyL._SL160_.jpg",
        "detailPageURL": "https://www.amazon.com/dp/B074WVS78G",
        "rating": "4.4",
        "totalReviews": "4353",
        "subtitle": "Coppertone",
        "isPrimeEligible": "1"
    },
    {
        "ASIN": "B08L8C6XCY",
        "title": "Aveeno Protect + Hydrate Moisturizing Face Sunscreen Lotion With Broad Spectrum Spf 60 & Prebiotic Oat, Weightless & Refreshing Feel, Paraben-free, Oil-free, Oxybenzone-free, 2.0 ounces",
        "price": "$8.99 ($4.50 / Fl Oz)",
        "listPrice": "$10.89 ($5.44 / Fl Oz)",
        "imageUrl": "https://m.media-amazon.com/images/I/41cJs3cRPYL._SL160_.jpg",
        "detailPageURL": "https://www.amazon.com/dp/B08L8C6XCY",
        "rating": "4.5",
        "totalReviews": "4824",
        "subtitle": "Aveeno",
        "isPrimeEligible": "1"
    },
    {
        "ASIN": "B09P8G5KH7",
        "title": "2022 Model Anessa Perfect UV Skin Care Gel N Sunscreen / UV Fruity Floral Scent, Main Unit 3.1 oz (90 g)",
        "price": "$30.32 ($9.78 / Fl Oz)",
        "listPrice": "$31.99 ($10.32 / Fl Oz)",
        "imageUrl": "https://m.media-amazon.com/images/I/31GcsnhPdiL._SL160_.jpg",
        "detailPageURL": "https://www.amazon.com/dp/B09P8G5KH7",
        "rating": "4.5",
        "totalReviews": "685",
        "subtitle": "Anessa",
        "isPrimeEligible": "1"
    },
    {
        "ASIN": "B07GSNS5D7",
        "title": "Neutrogena Ultra Sheer Dry-Touch Water Resistant and Non-Greasy Sunscreen Lotion with Broad Spectrum SPF 45, 3 fl. oz, (Pack of 2)",
        "price": "$16.99 ($2.83 / Fl Oz)",
        "listPrice": "$29.98 ($5.00 / Fl Oz)",
        "imageUrl": "https://m.media-amazon.com/images/I/41QqnCvR-mL._SL160_.jpg",
        "detailPageURL": "https://www.amazon.com/dp/B07GSNS5D7",
        "rating": "4.6",
        "totalReviews": "442",
        "subtitle": "Neutrogena",
        "isPrimeEligible": "0"
    },
    {
        "ASIN": "B09MJGJS5V",
        "title": "Eucerin Sun Age Defense SPF 50 Face Sunscreen Lotion with Hyaluronic Acid, Facial Sunscreen with 5 Antioxidants, 2.5 Fl Oz Bottle (Color: White)",
        "price": "$13.92 ($5.57 / Fl Oz)",
        "listPrice": "",
        "imageUrl": "https://m.media-amazon.com/images/I/318GDXeURmL._SL160_.jpg",
        "detailPageURL": "https://www.amazon.com/dp/B09MJGJS5V",
        "rating": "4.6",
        "totalReviews": "1015",
        "subtitle": "Eucerin",
        "isPrimeEligible": "1"
    },
    {
        "ASIN": "B095CM22PT",
        "title": "Oars + Alps Hydrating SPF 50 Sunscreen Spray, Infused with Vitamin C and Antioxidants, Water and Sweat Resistant, 6 Oz, 2 Pack",
        "price": "$35.98 ($3.00 / Ounce)",
        "listPrice": "",
        "imageUrl": "https://m.media-amazon.com/images/I/41Y3N1-I9oS._SL160_.jpg",
        "detailPageURL": "https://www.amazon.com/dp/B095CM22PT",
        "rating": "4.2",
        "totalReviews": "636",
        "subtitle": "Oars + Alps",
        "isPrimeEligible": "1"
    },
    {
        "ASIN": "B004CDTDTK",
        "title": "Banana Boat Ultra Defense MAX Skin Protect Clear, Broad Spectrum, Ultra Mist Sunscreen Spray, SPF 100, 6oz, blue cyan",
        "price": "$10.97 ($1.83 / Ounce)",
        "listPrice": "$13.99 ($2.33 / Ounce)",
        "imageUrl": "https://m.media-amazon.com/images/I/41DYt5wZS1L._SL160_.jpg",
        "detailPageURL": "https://www.amazon.com/dp/B004CDTDTK",
        "rating": "4.7",
        "totalReviews": "4629",
        "subtitle": "Banana Boat",
        "isPrimeEligible": "1"
    },
    {
        "ASIN": "B07HF7VMXZ",
        "title": "La Roche-Posay Anthelios Mineral Sunscreen Gentle Lotion Broad Spectrum SPF 50, Face and Body Sunscreen with Zinc Oxide and Titanium Dioxide, Oxybenzone & Octinoxate Free, Oil-Free",
        "price": "$25.99 ($8.66 / Fl Oz)",
        "listPrice": "",
        "imageUrl": "https://m.media-amazon.com/images/I/41-bo7rwBPL._SL160_.jpg",
        "detailPageURL": "https://www.amazon.com/dp/B07HF7VMXZ",
        "rating": "4.2",
        "totalReviews": "2474",
        "subtitle": "",
        "isPrimeEligible": "1"
    },
    {
        "ASIN": "B07FQTDGS9",
        "title": "SolRX SPORT SPF 50 Sunscreen, Oxybenzone Free, Broad Spectrum UVA/UVB, Fragrance Free, Reef Friendly",
        "price": "$15.99 ($4.70 / Fl Oz)",
        "listPrice": "",
        "imageUrl": "https://m.media-amazon.com/images/I/41z3BC+dYDL._SL160_.jpg",
        "detailPageURL": "https://www.amazon.com/dp/B07FQTDGS9",
        "rating": "4.6",
        "totalReviews": "188",
        "subtitle": "SolRX",
        "isPrimeEligible": "1"
    },
    {
        "ASIN": "B074WVS78G",
        "title": "Coppertone SPORT Sunscreen Spray SPF 100, Water Resistant, Continuous Spray Sunscreen, Broad Spectrum SPF 100 Sunscreen, 5.5 Oz Spray",
        "price": "$10.38 ($1.89 / Ounce)",
        "listPrice": "",
        "imageUrl": "https://m.media-amazon.com/images/I/41KFGVMBKyL._SL160_.jpg",
        "detailPageURL": "https://www.amazon.com/dp/B074WVS78G",
        "rating": "4.4",
        "totalReviews": "4353",
        "subtitle": "Coppertone",
        "isPrimeEligible": "1"
    },
    {
        "ASIN": "B0C69Z5LSP",
        "title": "Biore UV Aqua Rich SPF 50 Moisturizing Sunscreen for Face, Oxybenzone & Octinoxate Free, Dermatologist Tested, Vegan, Cruelty Free, For Sensitive Skin, 1.7 Oz",
        "price": "$14.99 ($8.82 / Fl Oz)",
        "listPrice": "$15.99 ($9.41 / Fl Oz)",
        "imageUrl": "https://m.media-amazon.com/images/I/51ZhQq0ze1L._SL160_.jpg",
        "detailPageURL": "https://www.amazon.com/dp/B0C69Z5LSP",
        "rating": "4.2",
        "totalReviews": "52",
        "subtitle": "Bior\u00e9",
        "isPrimeEligible": "1"
    },
    {
        "ASIN": "B09P8G5KH7",
        "title": "2022 Model Anessa Perfect UV Skin Care Gel N Sunscreen / UV Fruity Floral Scent, Main Unit 3.1 oz (90 g)",
        "price": "$30.32 ($9.78 / Fl Oz)",
        "listPrice": "$31.99 ($10.32 / Fl Oz)",
        "imageUrl": "https://m.media-amazon.com/images/I/31GcsnhPdiL._SL160_.jpg",
        "detailPageURL": "https://www.amazon.com/dp/B09P8G5KH7",
        "rating": "4.5",
        "totalReviews": "685",
        "subtitle": "Anessa",
        "isPrimeEligible": "1"
    },
    {
        "ASIN": "B07GSNS5D7",
        "title": "Neutrogena Ultra Sheer Dry-Touch Water Resistant and Non-Greasy Sunscreen Lotion with Broad Spectrum SPF 45, 3 fl. oz, (Pack of 2)",
        "price": "$16.99 ($2.83 / Fl Oz)",
        "listPrice": "$29.98 ($5.00 / Fl Oz)",
        "imageUrl": "https://m.media-amazon.com/images/I/41QqnCvR-mL._SL160_.jpg",
        "detailPageURL": "https://www.amazon.com/dp/B07GSNS5D7",
        "rating": "4.6",
        "totalReviews": "442",
        "subtitle": "Neutrogena",
        "isPrimeEligible": "0"
    },
    {
        "ASIN": "B09MJGJS5V",
        "title": "Eucerin Sun Age Defense SPF 50 Face Sunscreen Lotion with Hyaluronic Acid, Facial Sunscreen with 5 Antioxidants, 2.5 Fl Oz Bottle (Color: White)",
        "price": "$13.92 ($5.57 / Fl Oz)",
        "listPrice": "",
        "imageUrl": "https://m.media-amazon.com/images/I/318GDXeURmL._SL160_.jpg",
        "detailPageURL": "https://www.amazon.com/dp/B09MJGJS5V",
        "rating": "4.6",
        "totalReviews": "1015",
        "subtitle": "Eucerin",
        "isPrimeEligible": "1"
    },
    {
        "ASIN": "B095CM22PT",
        "title": "Oars + Alps Hydrating SPF 50 Sunscreen Spray, Infused with Vitamin C and Antioxidants, Water and Sweat Resistant, 6 Oz, 2 Pack",
        "price": "$35.98 ($3.00 / Ounce)",
        "listPrice": "",
        "imageUrl": "https://m.media-amazon.com/images/I/41Y3N1-I9oS._SL160_.jpg",
        "detailPageURL": "https://www.amazon.com/dp/B095CM22PT",
        "rating": "4.2",
        "totalReviews": "636",
        "subtitle": "Oars + Alps",
        "isPrimeEligible": "1"
    },
    {
        "ASIN": "B004CDTDTK",
        "title": "Banana Boat Ultra Defense MAX Skin Protect Clear, Broad Spectrum, Ultra Mist Sunscreen Spray, SPF 100, 6oz, blue cyan",
        "price": "$10.97 ($1.83 / Ounce)",
        "listPrice": "$13.99 ($2.33 / Ounce)",
        "imageUrl": "https://m.media-amazon.com/images/I/41DYt5wZS1L._SL160_.jpg",
        "detailPageURL": "https://www.amazon.com/dp/B004CDTDTK",
        "rating": "4.7",
        "totalReviews": "4629",
        "subtitle": "Banana Boat",
        "isPrimeEligible": "1"
    },
    {
        "ASIN": "B07HF7VMXZ",
        "title": "La Roche-Posay Anthelios Mineral Sunscreen Gentle Lotion Broad Spectrum SPF 50, Face and Body Sunscreen with Zinc Oxide and Titanium Dioxide, Oxybenzone & Octinoxate Free, Oil-Free",
        "price": "$25.99 ($8.66 / Fl Oz)",
        "listPrice": "",
        "imageUrl": "https://m.media-amazon.com/images/I/41-bo7rwBPL._SL160_.jpg",
        "detailPageURL": "https://www.amazon.com/dp/B07HF7VMXZ",
        "rating": "4.2",
        "totalReviews": "2474",
        "subtitle": "",
        "isPrimeEligible": "1"
    },
    {
        "ASIN": "B07FQTDGS9",
        "title": "SolRX SPORT SPF 50 Sunscreen, Oxybenzone Free, Broad Spectrum UVA/UVB, Fragrance Free, Reef Friendly",
        "price": "$15.99 ($4.70 / Fl Oz)",
        "listPrice": "",
        "imageUrl": "https://m.media-amazon.com/images/I/41z3BC+dYDL._SL160_.jpg",
        "detailPageURL": "https://www.amazon.com/dp/B07FQTDGS9",
        "rating": "4.6",
        "totalReviews": "188",
        "subtitle": "SolRX",
        "isPrimeEligible": "1"
    },
    {
        "ASIN": "B074WVS78G",
        "title": "Coppertone SPORT Sunscreen Spray SPF 100, Water Resistant, Continuous Spray Sunscreen, Broad Spectrum SPF 100 Sunscreen, 5.5 Oz Spray",
        "price": "$10.38 ($1.89 / Ounce)",
        "listPrice": "",
        "imageUrl": "https://m.media-amazon.com/images/I/41KFGVMBKyL._SL160_.jpg",
        "detailPageURL": "https://www.amazon.com/dp/B074WVS78G",
        "rating": "4.4",
        "totalReviews": "4353",
        "subtitle": "Coppertone",
        "isPrimeEligible": "1"
    },
    {
        "ASIN": "B0C69Z5LSP",
        "title": "Biore UV Aqua Rich SPF 50 Moisturizing Sunscreen for Face, Oxybenzone & Octinoxate Free, Dermatologist Tested, Vegan, Cruelty Free, For Sensitive Skin, 1.7 Oz",
        "price": "$14.99 ($8.82 / Fl Oz)",
        "listPrice": "$15.99 ($9.41 / Fl Oz)",
        "imageUrl": "https://m.media-amazon.com/images/I/51ZhQq0ze1L._SL160_.jpg",
        "detailPageURL": "https://www.amazon.com/dp/B0C69Z5LSP",
        "rating": "4.2",
        "totalReviews": "52",
        "subtitle": "Bior\u00e9",
        "isPrimeEligible": "1"
    },
    {
        "ASIN": "B00CICLTAI",
        "title": "CeraVe Mineral Sunscreen Stick for Kids & Adults | 100% Mineral Sunscreen, Zinc Oxide & Titanium Dioxide with Hyaluronic Acid and Ceramides | Broad Spectrum SPF 50 | Fragrance Free | 0.47 Ounce",
        "price": "$8.99 ($19.13 / Ounce)",
        "listPrice": "$9.99 ($21.26 / Ounce)",
        "imageUrl": "https://m.media-amazon.com/images/I/41brPxL1qiL._SL160_.jpg",
        "detailPageURL": "https://www.amazon.com/dp/B00CICLTAI",
        "rating": "4.5",
        "totalReviews": "5874",
        "subtitle": "CeraVe",
        "isPrimeEligible": "1"
    },
    {
        "ASIN": "B07GSNS5D7",
        "title": "Neutrogena Ultra Sheer Dry-Touch Water Resistant and Non-Greasy Sunscreen Lotion with Broad Spectrum SPF 45, 3 fl. oz, (Pack of 2)",
        "price": "$16.99 ($2.83 / Fl Oz)",
        "listPrice": "$29.98 ($5.00 / Fl Oz)",
        "imageUrl": "https://m.media-amazon.com/images/I/41QqnCvR-mL._SL160_.jpg",
        "detailPageURL": "https://www.amazon.com/dp/B07GSNS5D7",
        "rating": "4.6",
        "totalReviews": "442",
        "subtitle": "Neutrogena",
        "isPrimeEligible": "0"
    },
    {
        "ASIN": "B09MJGJS5V",
        "title": "Eucerin Sun Age Defense SPF 50 Face Sunscreen Lotion with Hyaluronic Acid, Facial Sunscreen with 5 Antioxidants, 2.5 Fl Oz Bottle (Color: White)",
        "price": "$13.92 ($5.57 / Fl Oz)",
        "listPrice": "",
        "imageUrl": "https://m.media-amazon.com/images/I/318GDXeURmL._SL160_.jpg",
        "detailPageURL": "https://www.amazon.com/dp/B09MJGJS5V",
        "rating": "4.6",
        "totalReviews": "1015",
        "subtitle": "Eucerin",
        "isPrimeEligible": "1"
    },
    {
        "ASIN": "B095CM22PT",
        "title": "Oars + Alps Hydrating SPF 50 Sunscreen Spray, Infused with Vitamin C and Antioxidants, Water and Sweat Resistant, 6 Oz, 2 Pack",
        "price": "$35.98 ($3.00 / Ounce)",
        "listPrice": "",
        "imageUrl": "https://m.media-amazon.com/images/I/41Y3N1-I9oS._SL160_.jpg",
        "detailPageURL": "https://www.amazon.com/dp/B095CM22PT",
        "rating": "4.2",
        "totalReviews": "636",
        "subtitle": "Oars + Alps",
        "isPrimeEligible": "1"
    },
    {
        "ASIN": "B004CDTDTK",
        "title": "Banana Boat Ultra Defense MAX Skin Protect Clear, Broad Spectrum, Ultra Mist Sunscreen Spray, SPF 100, 6oz, blue cyan",
        "price": "$10.97 ($1.83 / Ounce)",
        "listPrice": "$13.99 ($2.33 / Ounce)",
        "imageUrl": "https://m.media-amazon.com/images/I/41DYt5wZS1L._SL160_.jpg",
        "detailPageURL": "https://www.amazon.com/dp/B004CDTDTK",
        "rating": "4.7",
        "totalReviews": "4629",
        "subtitle": "Banana Boat",
        "isPrimeEligible": "1"
    },
    {
        "ASIN": "B07HF7VMXZ",
        "title": "La Roche-Posay Anthelios Mineral Sunscreen Gentle Lotion Broad Spectrum SPF 50, Face and Body Sunscreen with Zinc Oxide and Titanium Dioxide, Oxybenzone & Octinoxate Free, Oil-Free",
        "price": "$25.99 ($8.66 / Fl Oz)",
        "listPrice": "",
        "imageUrl": "https://m.media-amazon.com/images/I/41-bo7rwBPL._SL160_.jpg",
        "detailPageURL": "https://www.amazon.com/dp/B07HF7VMXZ",
        "rating": "4.2",
        "totalReviews": "2474",
        "subtitle": "",
        "isPrimeEligible": "1"
    },
    {
        "ASIN": "B07FQTDGS9",
        "title": "SolRX SPORT SPF 50 Sunscreen, Oxybenzone Free, Broad Spectrum UVA/UVB, Fragrance Free, Reef Friendly",
        "price": "$15.99 ($4.70 / Fl Oz)",
        "listPrice": "",
        "imageUrl": "https://m.media-amazon.com/images/I/41z3BC+dYDL._SL160_.jpg",
        "detailPageURL": "https://www.amazon.com/dp/B07FQTDGS9",
        "rating": "4.6",
        "totalReviews": "188",
        "subtitle": "SolRX",
        "isPrimeEligible": "1"
    },
    {
        "ASIN": "B074WVS78G",
        "title": "Coppertone SPORT Sunscreen Spray SPF 100, Water Resistant, Continuous Spray Sunscreen, Broad Spectrum SPF 100 Sunscreen, 5.5 Oz Spray",
        "price": "$10.38 ($1.89 / Ounce)",
        "listPrice": "",
        "imageUrl": "https://m.media-amazon.com/images/I/41KFGVMBKyL._SL160_.jpg",
        "detailPageURL": "https://www.amazon.com/dp/B074WVS78G",
        "rating": "4.4",
        "totalReviews": "4353",
        "subtitle": "Coppertone",
        "isPrimeEligible": "1"
    },
    {
        "ASIN": "B0C69Z5LSP",
        "title": "Biore UV Aqua Rich SPF 50 Moisturizing Sunscreen for Face, Oxybenzone & Octinoxate Free, Dermatologist Tested, Vegan, Cruelty Free, For Sensitive Skin, 1.7 Oz",
        "price": "$14.99 ($8.82 / Fl Oz)",
        "listPrice": "$15.99 ($9.41 / Fl Oz)",
        "imageUrl": "https://m.media-amazon.com/images/I/51ZhQq0ze1L._SL160_.jpg",
        "detailPageURL": "https://www.amazon.com/dp/B0C69Z5LSP",
        "rating": "4.2",
        "totalReviews": "52",
        "subtitle": "Bior\u00e9",
        "isPrimeEligible": "1"
    },
    {
        "ASIN": "B00CICLTAI",
        "title": "CeraVe Mineral Sunscreen Stick for Kids & Adults | 100% Mineral Sunscreen, Zinc Oxide & Titanium Dioxide with Hyaluronic Acid and Ceramides | Broad Spectrum SPF 50 | Fragrance Free | 0.47 Ounce",
        "price": "$8.99 ($19.13 / Ounce)",
        "listPrice": "$9.99 ($21.26 / Ounce)",
        "imageUrl": "https://m.media-amazon.com/images/I/41brPxL1qiL._SL160_.jpg",
        "detailPageURL": "https://www.amazon.com/dp/B00CICLTAI",
        "rating": "4.5",
        "totalReviews": "5874",
        "subtitle": "CeraVe",
        "isPrimeEligible": "1"
    },
    {
        "ASIN": "B08JZJK1QL",
        "title": "Supergoop! PLAY SPF 50 Antioxidant Body Mist w/Vitamin C, 6 fl oz - 2 Pack - Broad Spectrum Sunscreen Spray - Clean Ingredients for Sensitive Skin - Great for Active Days",
        "price": "$42.00 ($3.50 / Fl Oz)",
        "listPrice": "",
        "imageUrl": "https://m.media-amazon.com/images/I/31e7akE0kAL._SL160_.jpg",
        "detailPageURL": "https://www.amazon.com/dp/B08JZJK1QL",
        "rating": "4.3",
        "totalReviews": "918",
        "subtitle": "Supergoop!",
        "isPrimeEligible": "1"
    },
    {
        "ASIN": "B09MJGJS5V",
        "title": "Eucerin Sun Age Defense SPF 50 Face Sunscreen Lotion with Hyaluronic Acid, Facial Sunscreen with 5 Antioxidants, 2.5 Fl Oz Bottle (Color: White)",
        "price": "$13.92 ($5.57 / Fl Oz)",
        "listPrice": "",
        "imageUrl": "https://m.media-amazon.com/images/I/318GDXeURmL._SL160_.jpg",
        "detailPageURL": "https://www.amazon.com/dp/B09MJGJS5V",
        "rating": "4.6",
        "totalReviews": "1015",
        "subtitle": "Eucerin",
        "isPrimeEligible": "1"
    },
    {
        "ASIN": "B095CM22PT",
        "title": "Oars + Alps Hydrating SPF 50 Sunscreen Spray, Infused with Vitamin C and Antioxidants, Water and Sweat Resistant, 6 Oz, 2 Pack",
        "price": "$35.98 ($3.00 / Ounce)",
        "listPrice": "",
        "imageUrl": "https://m.media-amazon.com/images/I/41Y3N1-I9oS._SL160_.jpg",
        "detailPageURL": "https://www.amazon.com/dp/B095CM22PT",
        "rating": "4.2",
        "totalReviews": "636",
        "subtitle": "Oars + Alps",
        "isPrimeEligible": "1"
    },
    {
        "ASIN": "B004CDTDTK",
        "title": "Banana Boat Ultra Defense MAX Skin Protect Clear, Broad Spectrum, Ultra Mist Sunscreen Spray, SPF 100, 6oz, blue cyan",
        "price": "$10.97 ($1.83 / Ounce)",
        "listPrice": "$13.99 ($2.33 / Ounce)",
        "imageUrl": "https://m.media-amazon.com/images/I/41DYt5wZS1L._SL160_.jpg",
        "detailPageURL": "https://www.amazon.com/dp/B004CDTDTK",
        "rating": "4.7",
        "totalReviews": "4629",
        "subtitle": "Banana Boat",
        "isPrimeEligible": "1"
    },
    {
        "ASIN": "B07HF7VMXZ",
        "title": "La Roche-Posay Anthelios Mineral Sunscreen Gentle Lotion Broad Spectrum SPF 50, Face and Body Sunscreen with Zinc Oxide and Titanium Dioxide, Oxybenzone & Octinoxate Free, Oil-Free",
        "price": "$25.99 ($8.66 / Fl Oz)",
        "listPrice": "",
        "imageUrl": "https://m.media-amazon.com/images/I/41-bo7rwBPL._SL160_.jpg",
        "detailPageURL": "https://www.amazon.com/dp/B07HF7VMXZ",
        "rating": "4.2",
        "totalReviews": "2474",
        "subtitle": "",
        "isPrimeEligible": "1"
    },
    {
        "ASIN": "B07FQTDGS9",
        "title": "SolRX SPORT SPF 50 Sunscreen, Oxybenzone Free, Broad Spectrum UVA/UVB, Fragrance Free, Reef Friendly",
        "price": "$15.99 ($4.70 / Fl Oz)",
        "listPrice": "",
        "imageUrl": "https://m.media-amazon.com/images/I/41z3BC+dYDL._SL160_.jpg",
        "detailPageURL": "https://www.amazon.com/dp/B07FQTDGS9",
        "rating": "4.6",
        "totalReviews": "188",
        "subtitle": "SolRX",
        "isPrimeEligible": "1"
    },
    {
        "ASIN": "B074WVS78G",
        "title": "Coppertone SPORT Sunscreen Spray SPF 100, Water Resistant, Continuous Spray Sunscreen, Broad Spectrum SPF 100 Sunscreen, 5.5 Oz Spray",
        "price": "$10.38 ($1.89 / Ounce)",
        "listPrice": "",
        "imageUrl": "https://m.media-amazon.com/images/I/41KFGVMBKyL._SL160_.jpg",
        "detailPageURL": "https://www.amazon.com/dp/B074WVS78G",
        "rating": "4.4",
        "totalReviews": "4353",
        "subtitle": "Coppertone",
        "isPrimeEligible": "1"
    },
    {
        "ASIN": "B0C69Z5LSP",
        "title": "Biore UV Aqua Rich SPF 50 Moisturizing Sunscreen for Face, Oxybenzone & Octinoxate Free, Dermatologist Tested, Vegan, Cruelty Free, For Sensitive Skin, 1.7 Oz",
        "price": "$14.99 ($8.82 / Fl Oz)",
        "listPrice": "$15.99 ($9.41 / Fl Oz)",
        "imageUrl": "https://m.media-amazon.com/images/I/51ZhQq0ze1L._SL160_.jpg",
        "detailPageURL": "https://www.amazon.com/dp/B0C69Z5LSP",
        "rating": "4.2",
        "totalReviews": "52",
        "subtitle": "Bior\u00e9",
        "isPrimeEligible": "1"
    },
    {
        "ASIN": "B00CICLTAI",
        "title": "CeraVe Mineral Sunscreen Stick for Kids & Adults | 100% Mineral Sunscreen, Zinc Oxide & Titanium Dioxide with Hyaluronic Acid and Ceramides | Broad Spectrum SPF 50 | Fragrance Free | 0.47 Ounce",
        "price": "$8.99 ($19.13 / Ounce)",
        "listPrice": "$9.99 ($21.26 / Ounce)",
        "imageUrl": "https://m.media-amazon.com/images/I/41brPxL1qiL._SL160_.jpg",
        "detailPageURL": "https://www.amazon.com/dp/B00CICLTAI",
        "rating": "4.5",
        "totalReviews": "5874",
        "subtitle": "CeraVe",
        "isPrimeEligible": "1"
    },
    {
        "ASIN": "B08JZJK1QL",
        "title": "Supergoop! PLAY SPF 50 Antioxidant Body Mist w/Vitamin C, 6 fl oz - 2 Pack - Broad Spectrum Sunscreen Spray - Clean Ingredients for Sensitive Skin - Great for Active Days",
        "price": "$42.00 ($3.50 / Fl Oz)",
        "listPrice": "",
        "imageUrl": "https://m.media-amazon.com/images/I/31e7akE0kAL._SL160_.jpg",
        "detailPageURL": "https://www.amazon.com/dp/B08JZJK1QL",
        "rating": "4.3",
        "totalReviews": "918",
        "subtitle": "Supergoop!",
        "isPrimeEligible": "1"
    },
    {
        "ASIN": "B07VJ539YP",
        "title": "AHC Natural Perfection Double Shield Sun Stick 22g SPF50+ PA++++",
        "price": "$8.00 ($8.00 / Count)",
        "listPrice": "$16.39 ($16.39 / Count)",
        "imageUrl": "https://m.media-amazon.com/images/I/41bEReI6SNL._SL160_.jpg",
        "detailPageURL": "https://www.amazon.com/dp/B07VJ539YP",
        "rating": "4.5",
        "totalReviews": "2517",
        "subtitle": "AHC",
        "isPrimeEligible": "1"
    },
    {
        "ASIN": "B095CM22PT",
        "title": "Oars + Alps Hydrating SPF 50 Sunscreen Spray, Infused with Vitamin C and Antioxidants, Water and Sweat Resistant, 6 Oz, 2 Pack",
        "price": "$35.98 ($3.00 / Ounce)",
        "listPrice": "",
        "imageUrl": "https://m.media-amazon.com/images/I/41Y3N1-I9oS._SL160_.jpg",
        "detailPageURL": "https://www.amazon.com/dp/B095CM22PT",
        "rating": "4.2",
        "totalReviews": "636",
        "subtitle": "Oars + Alps",
        "isPrimeEligible": "1"
    },
    {
        "ASIN": "B004CDTDTK",
        "title": "Banana Boat Ultra Defense MAX Skin Protect Clear, Broad Spectrum, Ultra Mist Sunscreen Spray, SPF 100, 6oz, blue cyan",
        "price": "$10.97 ($1.83 / Ounce)",
        "listPrice": "$13.99 ($2.33 / Ounce)",
        "imageUrl": "https://m.media-amazon.com/images/I/41DYt5wZS1L._SL160_.jpg",
        "detailPageURL": "https://www.amazon.com/dp/B004CDTDTK",
        "rating": "4.7",
        "totalReviews": "4629",
        "subtitle": "Banana Boat",
        "isPrimeEligible": "1"
    },
    {
        "ASIN": "B07HF7VMXZ",
        "title": "La Roche-Posay Anthelios Mineral Sunscreen Gentle Lotion Broad Spectrum SPF 50, Face and Body Sunscreen with Zinc Oxide and Titanium Dioxide, Oxybenzone & Octinoxate Free, Oil-Free",
        "price": "$25.99 ($8.66 / Fl Oz)",
        "listPrice": "",
        "imageUrl": "https://m.media-amazon.com/images/I/41-bo7rwBPL._SL160_.jpg",
        "detailPageURL": "https://www.amazon.com/dp/B07HF7VMXZ",
        "rating": "4.2",
        "totalReviews": "2474",
        "subtitle": "",
        "isPrimeEligible": "1"
    },
    {
        "ASIN": "B07FQTDGS9",
        "title": "SolRX SPORT SPF 50 Sunscreen, Oxybenzone Free, Broad Spectrum UVA/UVB, Fragrance Free, Reef Friendly",
        "price": "$15.99 ($4.70 / Fl Oz)",
        "listPrice": "",
        "imageUrl": "https://m.media-amazon.com/images/I/41z3BC+dYDL._SL160_.jpg",
        "detailPageURL": "https://www.amazon.com/dp/B07FQTDGS9",
        "rating": "4.6",
        "totalReviews": "188",
        "subtitle": "SolRX",
        "isPrimeEligible": "1"
    },
    {
        "ASIN": "B074WVS78G",
        "title": "Coppertone SPORT Sunscreen Spray SPF 100, Water Resistant, Continuous Spray Sunscreen, Broad Spectrum SPF 100 Sunscreen, 5.5 Oz Spray",
        "price": "$10.38 ($1.89 / Ounce)",
        "listPrice": "",
        "imageUrl": "https://m.media-amazon.com/images/I/41KFGVMBKyL._SL160_.jpg",
        "detailPageURL": "https://www.amazon.com/dp/B074WVS78G",
        "rating": "4.4",
        "totalReviews": "4353",
        "subtitle": "Coppertone",
        "isPrimeEligible": "1"
    },
    {
        "ASIN": "B0C69Z5LSP",
        "title": "Biore UV Aqua Rich SPF 50 Moisturizing Sunscreen for Face, Oxybenzone & Octinoxate Free, Dermatologist Tested, Vegan, Cruelty Free, For Sensitive Skin, 1.7 Oz",
        "price": "$14.99 ($8.82 / Fl Oz)",
        "listPrice": "$15.99 ($9.41 / Fl Oz)",
        "imageUrl": "https://m.media-amazon.com/images/I/51ZhQq0ze1L._SL160_.jpg",
        "detailPageURL": "https://www.amazon.com/dp/B0C69Z5LSP",
        "rating": "4.2",
        "totalReviews": "52",
        "subtitle": "Bior\u00e9",
        "isPrimeEligible": "1"
    },
    {
        "ASIN": "B00CICLTAI",
        "title": "CeraVe Mineral Sunscreen Stick for Kids & Adults | 100% Mineral Sunscreen, Zinc Oxide & Titanium Dioxide with Hyaluronic Acid and Ceramides | Broad Spectrum SPF 50 | Fragrance Free | 0.47 Ounce",
        "price": "$8.99 ($19.13 / Ounce)",
        "listPrice": "$9.99 ($21.26 / Ounce)",
        "imageUrl": "https://m.media-amazon.com/images/I/41brPxL1qiL._SL160_.jpg",
        "detailPageURL": "https://www.amazon.com/dp/B00CICLTAI",
        "rating": "4.5",
        "totalReviews": "5874",
        "subtitle": "CeraVe",
        "isPrimeEligible": "1"
    },
    {
        "ASIN": "B08JZJK1QL",
        "title": "Supergoop! PLAY SPF 50 Antioxidant Body Mist w/Vitamin C, 6 fl oz - 2 Pack - Broad Spectrum Sunscreen Spray - Clean Ingredients for Sensitive Skin - Great for Active Days",
        "price": "$42.00 ($3.50 / Fl Oz)",
        "listPrice": "",
        "imageUrl": "https://m.media-amazon.com/images/I/31e7akE0kAL._SL160_.jpg",
        "detailPageURL": "https://www.amazon.com/dp/B08JZJK1QL",
        "rating": "4.3",
        "totalReviews": "918",
        "subtitle": "Supergoop!",
        "isPrimeEligible": "1"
    },
    {
        "ASIN": "B07VJ539YP",
        "title": "AHC Natural Perfection Double Shield Sun Stick 22g SPF50+ PA++++",
        "price": "$8.00 ($8.00 / Count)",
        "listPrice": "$16.39 ($16.39 / Count)",
        "imageUrl": "https://m.media-amazon.com/images/I/41bEReI6SNL._SL160_.jpg",
        "detailPageURL": "https://www.amazon.com/dp/B07VJ539YP",
        "rating": "4.5",
        "totalReviews": "2517",
        "subtitle": "AHC",
        "isPrimeEligible": "1"
    },
    {
        "ASIN": "B078BXSYTN",
        "title": "Coppertone Kids Sunscreen Spray, SPF 50, 5.5 Oz, Pack of 3",
        "price": "$19.47 ($1.18 / Ounce)",
        "listPrice": "$23.99 ($1.45 / Ounce)",
        "imageUrl": "https://m.media-amazon.com/images/I/41+jzq5cwzL._SL160_.jpg",
        "detailPageURL": "https://www.amazon.com/dp/B078BXSYTN",
        "rating": "4.8",
        "totalReviews": "4827",
        "subtitle": "Coppertone",
        "isPrimeEligible": "1"
    },
    {
        "ASIN": "B004CDTDTK",
        "title": "Banana Boat Ultra Defense MAX Skin Protect Clear, Broad Spectrum, Ultra Mist Sunscreen Spray, SPF 100, 6oz, blue cyan",
        "price": "$10.97 ($1.83 / Ounce)",
        "listPrice": "$13.99 ($2.33 / Ounce)",
        "imageUrl": "https://m.media-amazon.com/images/I/41DYt5wZS1L._SL160_.jpg",
        "detailPageURL": "https://www.amazon.com/dp/B004CDTDTK",
        "rating": "4.7",
        "totalReviews": "4629",
        "subtitle": "Banana Boat",
        "isPrimeEligible": "1"
    },
    {
        "ASIN": "B07HF7VMXZ",
        "title": "La Roche-Posay Anthelios Mineral Sunscreen Gentle Lotion Broad Spectrum SPF 50, Face and Body Sunscreen with Zinc Oxide and Titanium Dioxide, Oxybenzone & Octinoxate Free, Oil-Free",
        "price": "$25.99 ($8.66 / Fl Oz)",
        "listPrice": "",
        "imageUrl": "https://m.media-amazon.com/images/I/41-bo7rwBPL._SL160_.jpg",
        "detailPageURL": "https://www.amazon.com/dp/B07HF7VMXZ",
        "rating": "4.2",
        "totalReviews": "2474",
        "subtitle": "",
        "isPrimeEligible": "1"
    },
    {
        "ASIN": "B07FQTDGS9",
        "title": "SolRX SPORT SPF 50 Sunscreen, Oxybenzone Free, Broad Spectrum UVA/UVB, Fragrance Free, Reef Friendly",
        "price": "$15.99 ($4.70 / Fl Oz)",
        "listPrice": "",
        "imageUrl": "https://m.media-amazon.com/images/I/41z3BC+dYDL._SL160_.jpg",
        "detailPageURL": "https://www.amazon.com/dp/B07FQTDGS9",
        "rating": "4.6",
        "totalReviews": "188",
        "subtitle": "SolRX",
        "isPrimeEligible": "1"
    },
    {
        "ASIN": "B074WVS78G",
        "title": "Coppertone SPORT Sunscreen Spray SPF 100, Water Resistant, Continuous Spray Sunscreen, Broad Spectrum SPF 100 Sunscreen, 5.5 Oz Spray",
        "price": "$10.38 ($1.89 / Ounce)",
        "listPrice": "",
        "imageUrl": "https://m.media-amazon.com/images/I/41KFGVMBKyL._SL160_.jpg",
        "detailPageURL": "https://www.amazon.com/dp/B074WVS78G",
        "rating": "4.4",
        "totalReviews": "4353",
        "subtitle": "Coppertone",
        "isPrimeEligible": "1"
    },
    {
        "ASIN": "B0C69Z5LSP",
        "title": "Biore UV Aqua Rich SPF 50 Moisturizing Sunscreen for Face, Oxybenzone & Octinoxate Free, Dermatologist Tested, Vegan, Cruelty Free, For Sensitive Skin, 1.7 Oz",
        "price": "$14.99 ($8.82 / Fl Oz)",
        "listPrice": "$15.99 ($9.41 / Fl Oz)",
        "imageUrl": "https://m.media-amazon.com/images/I/51ZhQq0ze1L._SL160_.jpg",
        "detailPageURL": "https://www.amazon.com/dp/B0C69Z5LSP",
        "rating": "4.2",
        "totalReviews": "52",
        "subtitle": "Bior\u00e9",
        "isPrimeEligible": "1"
    },
    {
        "ASIN": "B00CICLTAI",
        "title": "CeraVe Mineral Sunscreen Stick for Kids & Adults | 100% Mineral Sunscreen, Zinc Oxide & Titanium Dioxide with Hyaluronic Acid and Ceramides | Broad Spectrum SPF 50 | Fragrance Free | 0.47 Ounce",
        "price": "$8.99 ($19.13 / Ounce)",
        "listPrice": "$9.99 ($21.26 / Ounce)",
        "imageUrl": "https://m.media-amazon.com/images/I/41brPxL1qiL._SL160_.jpg",
        "detailPageURL": "https://www.amazon.com/dp/B00CICLTAI",
        "rating": "4.5",
        "totalReviews": "5874",
        "subtitle": "CeraVe",
        "isPrimeEligible": "1"
    },
    {
        "ASIN": "B08JZJK1QL",
        "title": "Supergoop! PLAY SPF 50 Antioxidant Body Mist w/Vitamin C, 6 fl oz - 2 Pack - Broad Spectrum Sunscreen Spray - Clean Ingredients for Sensitive Skin - Great for Active Days",
        "price": "$42.00 ($3.50 / Fl Oz)",
        "listPrice": "",
        "imageUrl": "https://m.media-amazon.com/images/I/31e7akE0kAL._SL160_.jpg",
        "detailPageURL": "https://www.amazon.com/dp/B08JZJK1QL",
        "rating": "4.3",
        "totalReviews": "918",
        "subtitle": "Supergoop!",
        "isPrimeEligible": "1"
    },
    {
        "ASIN": "B07VJ539YP",
        "title": "AHC Natural Perfection Double Shield Sun Stick 22g SPF50+ PA++++",
        "price": "$8.00 ($8.00 / Count)",
        "listPrice": "$16.39 ($16.39 / Count)",
        "imageUrl": "https://m.media-amazon.com/images/I/41bEReI6SNL._SL160_.jpg",
        "detailPageURL": "https://www.amazon.com/dp/B07VJ539YP",
        "rating": "4.5",
        "totalReviews": "2517",
        "subtitle": "AHC",
        "isPrimeEligible": "1"
    },
    {
        "ASIN": "B078BXSYTN",
        "title": "Coppertone Kids Sunscreen Spray, SPF 50, 5.5 Oz, Pack of 3",
        "price": "$19.47 ($1.18 / Ounce)",
        "listPrice": "$23.99 ($1.45 / Ounce)",
        "imageUrl": "https://m.media-amazon.com/images/I/41+jzq5cwzL._SL160_.jpg",
        "detailPageURL": "https://www.amazon.com/dp/B078BXSYTN",
        "rating": "4.8",
        "totalReviews": "4827",
        "subtitle": "Coppertone",
        "isPrimeEligible": "1"
    },
    {
        "ASIN": "B00J2Q5MSS",
        "title": "A'PIEU Pure Block Daily Sunscreen Cream SPF50/PA++++ 50ml | Korean Sunscreen for Daily Use",
        "price": "$14.95 ($8.85 / Fl Oz)",
        "listPrice": "",
        "imageUrl": "https://m.media-amazon.com/images/I/31h2B7mjv+L._SL160_.jpg",
        "detailPageURL": "https://www.amazon.com/dp/B00J2Q5MSS",
        "rating": "4.4",
        "totalReviews": "3810",
        "subtitle": "A'PIEU",
        "isPrimeEligible": "1"
    },
    {
        "ASIN": "B07HF7VMXZ",
        "title": "La Roche-Posay Anthelios Mineral Sunscreen Gentle Lotion Broad Spectrum SPF 50, Face and Body Sunscreen with Zinc Oxide and Titanium Dioxide, Oxybenzone & Octinoxate Free, Oil-Free",
        "price": "$25.99 ($8.66 / Fl Oz)",
        "listPrice": "",
        "imageUrl": "https://m.media-amazon.com/images/I/41-bo7rwBPL._SL160_.jpg",
        "detailPageURL": "https://www.amazon.com/dp/B07HF7VMXZ",
        "rating": "4.2",
        "totalReviews": "2474",
        "subtitle": "",
        "isPrimeEligible": "1"
    },
    {
        "ASIN": "B07FQTDGS9",
        "title": "SolRX SPORT SPF 50 Sunscreen, Oxybenzone Free, Broad Spectrum UVA/UVB, Fragrance Free, Reef Friendly",
        "price": "$15.99 ($4.70 / Fl Oz)",
        "listPrice": "",
        "imageUrl": "https://m.media-amazon.com/images/I/41z3BC+dYDL._SL160_.jpg",
        "detailPageURL": "https://www.amazon.com/dp/B07FQTDGS9",
        "rating": "4.6",
        "totalReviews": "188",
        "subtitle": "SolRX",
        "isPrimeEligible": "1"
    },
    {
        "ASIN": "B074WVS78G",
        "title": "Coppertone SPORT Sunscreen Spray SPF 100, Water Resistant, Continuous Spray Sunscreen, Broad Spectrum SPF 100 Sunscreen, 5.5 Oz Spray",
        "price": "$10.38 ($1.89 / Ounce)",
        "listPrice": "",
        "imageUrl": "https://m.media-amazon.com/images/I/41KFGVMBKyL._SL160_.jpg",
        "detailPageURL": "https://www.amazon.com/dp/B074WVS78G",
        "rating": "4.4",
        "totalReviews": "4353",
        "subtitle": "Coppertone",
        "isPrimeEligible": "1"
    },
    {
        "ASIN": "B0C69Z5LSP",
        "title": "Biore UV Aqua Rich SPF 50 Moisturizing Sunscreen for Face, Oxybenzone & Octinoxate Free, Dermatologist Tested, Vegan, Cruelty Free, For Sensitive Skin, 1.7 Oz",
        "price": "$14.99 ($8.82 / Fl Oz)",
        "listPrice": "$15.99 ($9.41 / Fl Oz)",
        "imageUrl": "https://m.media-amazon.com/images/I/51ZhQq0ze1L._SL160_.jpg",
        "detailPageURL": "https://www.amazon.com/dp/B0C69Z5LSP",
        "rating": "4.2",
        "totalReviews": "52",
        "subtitle": "Bior\u00e9",
        "isPrimeEligible": "1"
    },
    {
        "ASIN": "B00CICLTAI",
        "title": "CeraVe Mineral Sunscreen Stick for Kids & Adults | 100% Mineral Sunscreen, Zinc Oxide & Titanium Dioxide with Hyaluronic Acid and Ceramides | Broad Spectrum SPF 50 | Fragrance Free | 0.47 Ounce",
        "price": "$8.99 ($19.13 / Ounce)",
        "listPrice": "$9.99 ($21.26 / Ounce)",
        "imageUrl": "https://m.media-amazon.com/images/I/41brPxL1qiL._SL160_.jpg",
        "detailPageURL": "https://www.amazon.com/dp/B00CICLTAI",
        "rating": "4.5",
        "totalReviews": "5874",
        "subtitle": "CeraVe",
        "isPrimeEligible": "1"
    },
    {
        "ASIN": "B08JZJK1QL",
        "title": "Supergoop! PLAY SPF 50 Antioxidant Body Mist w/Vitamin C, 6 fl oz - 2 Pack - Broad Spectrum Sunscreen Spray - Clean Ingredients for Sensitive Skin - Great for Active Days",
        "price": "$42.00 ($3.50 / Fl Oz)",
        "listPrice": "",
        "imageUrl": "https://m.media-amazon.com/images/I/31e7akE0kAL._SL160_.jpg",
        "detailPageURL": "https://www.amazon.com/dp/B08JZJK1QL",
        "rating": "4.3",
        "totalReviews": "918",
        "subtitle": "Supergoop!",
        "isPrimeEligible": "1"
    },
    {
        "ASIN": "B07VJ539YP",
        "title": "AHC Natural Perfection Double Shield Sun Stick 22g SPF50+ PA++++",
        "price": "$8.00 ($8.00 / Count)",
        "listPrice": "$16.39 ($16.39 / Count)",
        "imageUrl": "https://m.media-amazon.com/images/I/41bEReI6SNL._SL160_.jpg",
        "detailPageURL": "https://www.amazon.com/dp/B07VJ539YP",
        "rating": "4.5",
        "totalReviews": "2517",
        "subtitle": "AHC",
        "isPrimeEligible": "1"
    },
    {
        "ASIN": "B078BXSYTN",
        "title": "Coppertone Kids Sunscreen Spray, SPF 50, 5.5 Oz, Pack of 3",
        "price": "$19.47 ($1.18 / Ounce)",
        "listPrice": "$23.99 ($1.45 / Ounce)",
        "imageUrl": "https://m.media-amazon.com/images/I/41+jzq5cwzL._SL160_.jpg",
        "detailPageURL": "https://www.amazon.com/dp/B078BXSYTN",
        "rating": "4.8",
        "totalReviews": "4827",
        "subtitle": "Coppertone",
        "isPrimeEligible": "1"
    },
    {
        "ASIN": "B00J2Q5MSS",
        "title": "A'PIEU Pure Block Daily Sunscreen Cream SPF50/PA++++ 50ml | Korean Sunscreen for Daily Use",
        "price": "$14.95 ($8.85 / Fl Oz)",
        "listPrice": "",
        "imageUrl": "https://m.media-amazon.com/images/I/31h2B7mjv+L._SL160_.jpg",
        "detailPageURL": "https://www.amazon.com/dp/B00J2Q5MSS",
        "rating": "4.4",
        "totalReviews": "3810",
        "subtitle": "A'PIEU",
        "isPrimeEligible": "1"
    },
    {
        "ASIN": "B09GWFF17X",
        "title": "Hawaiian Tropic Everyday Active Lotion Sunscreen SPF 30, 8oz | Hawaiian Tropic Sunscreen SPF 30, Sunblock, Oxybenzone Free Sunscreen, Broad Spectrum Sunscreen Pack SPF 30, 8oz each Twin Pack",
        "price": "$19.74 ($1.23 / Fl Oz)",
        "listPrice": "",
        "imageUrl": "https://m.media-amazon.com/images/I/51zfhk7nNSL._SL160_.jpg",
        "detailPageURL": "https://www.amazon.com/dp/B09GWFF17X",
        "rating": "4.8",
        "totalReviews": "248",
        "subtitle": "Hawaiian Tropic",
        "isPrimeEligible": "1"
    },
    {
        "ASIN": "B07FQTDGS9",
        "title": "SolRX SPORT SPF 50 Sunscreen, Oxybenzone Free, Broad Spectrum UVA/UVB, Fragrance Free, Reef Friendly",
        "price": "$15.99 ($4.70 / Fl Oz)",
        "listPrice": "",
        "imageUrl": "https://m.media-amazon.com/images/I/41z3BC+dYDL._SL160_.jpg",
        "detailPageURL": "https://www.amazon.com/dp/B07FQTDGS9",
        "rating": "4.6",
        "totalReviews": "188",
        "subtitle": "SolRX",
        "isPrimeEligible": "1"
    },
    {
        "ASIN": "B074WVS78G",
        "title": "Coppertone SPORT Sunscreen Spray SPF 100, Water Resistant, Continuous Spray Sunscreen, Broad Spectrum SPF 100 Sunscreen, 5.5 Oz Spray",
        "price": "$10.38 ($1.89 / Ounce)",
        "listPrice": "",
        "imageUrl": "https://m.media-amazon.com/images/I/41KFGVMBKyL._SL160_.jpg",
        "detailPageURL": "https://www.amazon.com/dp/B074WVS78G",
        "rating": "4.4",
        "totalReviews": "4353",
        "subtitle": "Coppertone",
        "isPrimeEligible": "1"
    },
    {
        "ASIN": "B0C69Z5LSP",
        "title": "Biore UV Aqua Rich SPF 50 Moisturizing Sunscreen for Face, Oxybenzone & Octinoxate Free, Dermatologist Tested, Vegan, Cruelty Free, For Sensitive Skin, 1.7 Oz",
        "price": "$14.99 ($8.82 / Fl Oz)",
        "listPrice": "$15.99 ($9.41 / Fl Oz)",
        "imageUrl": "https://m.media-amazon.com/images/I/51ZhQq0ze1L._SL160_.jpg",
        "detailPageURL": "https://www.amazon.com/dp/B0C69Z5LSP",
        "rating": "4.2",
        "totalReviews": "52",
        "subtitle": "Bior\u00e9",
        "isPrimeEligible": "1"
    },
    {
        "ASIN": "B00CICLTAI",
        "title": "CeraVe Mineral Sunscreen Stick for Kids & Adults | 100% Mineral Sunscreen, Zinc Oxide & Titanium Dioxide with Hyaluronic Acid and Ceramides | Broad Spectrum SPF 50 | Fragrance Free | 0.47 Ounce",
        "price": "$8.99 ($19.13 / Ounce)",
        "listPrice": "$9.99 ($21.26 / Ounce)",
        "imageUrl": "https://m.media-amazon.com/images/I/41brPxL1qiL._SL160_.jpg",
        "detailPageURL": "https://www.amazon.com/dp/B00CICLTAI",
        "rating": "4.5",
        "totalReviews": "5874",
        "subtitle": "CeraVe",
        "isPrimeEligible": "1"
    },
    {
        "ASIN": "B08JZJK1QL",
        "title": "Supergoop! PLAY SPF 50 Antioxidant Body Mist w/Vitamin C, 6 fl oz - 2 Pack - Broad Spectrum Sunscreen Spray - Clean Ingredients for Sensitive Skin - Great for Active Days",
        "price": "$42.00 ($3.50 / Fl Oz)",
        "listPrice": "",
        "imageUrl": "https://m.media-amazon.com/images/I/31e7akE0kAL._SL160_.jpg",
        "detailPageURL": "https://www.amazon.com/dp/B08JZJK1QL",
        "rating": "4.3",
        "totalReviews": "918",
        "subtitle": "Supergoop!",
        "isPrimeEligible": "1"
    },
    {
        "ASIN": "B07VJ539YP",
        "title": "AHC Natural Perfection Double Shield Sun Stick 22g SPF50+ PA++++",
        "price": "$8.00 ($8.00 / Count)",
        "listPrice": "$16.39 ($16.39 / Count)",
        "imageUrl": "https://m.media-amazon.com/images/I/41bEReI6SNL._SL160_.jpg",
        "detailPageURL": "https://www.amazon.com/dp/B07VJ539YP",
        "rating": "4.5",
        "totalReviews": "2517",
        "subtitle": "AHC",
        "isPrimeEligible": "1"
    },
    {
        "ASIN": "B078BXSYTN",
        "title": "Coppertone Kids Sunscreen Spray, SPF 50, 5.5 Oz, Pack of 3",
        "price": "$19.47 ($1.18 / Ounce)",
        "listPrice": "$23.99 ($1.45 / Ounce)",
        "imageUrl": "https://m.media-amazon.com/images/I/41+jzq5cwzL._SL160_.jpg",
        "detailPageURL": "https://www.amazon.com/dp/B078BXSYTN",
        "rating": "4.8",
        "totalReviews": "4827",
        "subtitle": "Coppertone",
        "isPrimeEligible": "1"
    },
    {
        "ASIN": "B00J2Q5MSS",
        "title": "A'PIEU Pure Block Daily Sunscreen Cream SPF50/PA++++ 50ml | Korean Sunscreen for Daily Use",
        "price": "$14.95 ($8.85 / Fl Oz)",
        "listPrice": "",
        "imageUrl": "https://m.media-amazon.com/images/I/31h2B7mjv+L._SL160_.jpg",
        "detailPageURL": "https://www.amazon.com/dp/B00J2Q5MSS",
        "rating": "4.4",
        "totalReviews": "3810",
        "subtitle": "A'PIEU",
        "isPrimeEligible": "1"
    },
    {
        "ASIN": "B09GWFF17X",
        "title": "Hawaiian Tropic Everyday Active Lotion Sunscreen SPF 30, 8oz | Hawaiian Tropic Sunscreen SPF 30, Sunblock, Oxybenzone Free Sunscreen, Broad Spectrum Sunscreen Pack SPF 30, 8oz each Twin Pack",
        "price": "$19.74 ($1.23 / Fl Oz)",
        "listPrice": "",
        "imageUrl": "https://m.media-amazon.com/images/I/51zfhk7nNSL._SL160_.jpg",
        "detailPageURL": "https://www.amazon.com/dp/B09GWFF17X",
        "rating": "4.8",
        "totalReviews": "248",
        "subtitle": "Hawaiian Tropic",
        "isPrimeEligible": "1"
    },
    {
        "ASIN": "B09MJG6X4W",
        "title": "Eucerin Sun Oil Control SPF 50 Face Sunscreen Lotion with Oil Absorbing Minerals, 2.5 Fl Oz Bottle",
        "price": "$12.82 ($5.13 / Fl Oz)",
        "listPrice": "$13.99 ($5.60 / Fl Oz)",
        "imageUrl": "https://m.media-amazon.com/images/I/31QCPvN4rML._SL160_.jpg",
        "detailPageURL": "https://www.amazon.com/dp/B09MJG6X4W",
        "rating": "4.5",
        "totalReviews": "4157",
        "subtitle": "Eucerin",
        "isPrimeEligible": "1"
    },
    {
        "ASIN": "B07B685MFG",
        "title": "Sun Bum Original SPF 50 Sunscreen Face Lotion | Vegan and Hawaii 104 Reef Act Compliant (Octinoxate & Oxybenzone Free) Broad Spectrum Fragrance-Free Moisturizing UVA/UVB Sunscreen with Vitamin E|3oz",
        "price": "$15.49 ($5.16 / Fl Oz)",
        "listPrice": "",
        "imageUrl": "https://m.media-amazon.com/images/I/31jCshlLIxL._SL160_.jpg",
        "detailPageURL": "https://www.amazon.com/dp/B07B685MFG",
        "rating": "4.6",
        "totalReviews": "12932",
        "subtitle": "Sun Bum",
        "isPrimeEligible": "1"
    },
    {
        "ASIN": "B07FQTDGS9",
        "title": "SolRX SPORT SPF 50 Sunscreen, Oxybenzone Free, Broad Spectrum UVA/UVB, Fragrance Free, Reef Friendly",
        "price": "$15.99 ($4.70 / Fl Oz)",
        "listPrice": "",
        "imageUrl": "https://m.media-amazon.com/images/I/41z3BC+dYDL._SL160_.jpg",
        "detailPageURL": "https://www.amazon.com/dp/B07FQTDGS9",
        "rating": "4.6",
        "totalReviews": "188",
        "subtitle": "SolRX",
        "isPrimeEligible": "1"
    },
    {
        "ASIN": "B07VJ539YP",
        "title": "AHC Natural Perfection Double Shield Sun Stick 22g SPF50+ PA++++",
        "price": "$8.00 ($8.00 / Count)",
        "listPrice": "$16.39 ($16.39 / Count)",
        "imageUrl": "https://m.media-amazon.com/images/I/41bEReI6SNL._SL160_.jpg",
        "detailPageURL": "https://www.amazon.com/dp/B07VJ539YP",
        "rating": "4.5",
        "totalReviews": "2517",
        "subtitle": "AHC",
        "isPrimeEligible": "1"
    },
    {
        "ASIN": "B08Q7CP5NL",
        "title": "Bondi Sands Fragrance Free Sunscreen Body Lotion SPF 50 | Hydrating Broad Spectrum Protection, Sheer, Water Resistant, Reef Friendly* | 5.07 Oz/150 mL",
        "price": "$12.99 ($2.56 / Fl Oz )",
        "listPrice": "",
        "imageUrl": "https://m.media-amazon.com/images/I/312cjjUjGSS._SL160_.jpg",
        "detailPageURL": "https://www.amazon.com/dp/B08Q7CP5NL",
        "rating": "4.6",
        "totalReviews": "1417",
        "subtitle": "",
        "isPrimeEligible": "1"
    },
    {
        "ASIN": "B007MV4BQY",
        "title": "Sun Bum Original SPF 30 Sunscreen Face Stick | Vegan and Hawaii 104 Reef Act Compliant (Octinoxate & Oxybenzone Free) Broad Spectrum Moisturizing UVA/UVB Sunscreen with Vitamin E | .45 oz",
        "price": "$9.66 ($21.47 / Ounce)",
        "listPrice": "$12.49 ($27.76 / Ounce)",
        "imageUrl": "https://m.media-amazon.com/images/I/41Yildp98OL._SL160_.jpg",
        "detailPageURL": "https://www.amazon.com/dp/B007MV4BQY",
        "rating": "4.6",
        "totalReviews": "13486",
        "subtitle": "Sun Bum",
        "isPrimeEligible": "1"
    },
    {
        "ASIN": "B0C69Z5LSP",
        "title": "Biore UV Aqua Rich SPF 50 Moisturizing Sunscreen for Face, Oxybenzone & Octinoxate Free, Dermatologist Tested, Vegan, Cruelty Free, For Sensitive Skin, 1.7 Oz",
        "price": "$14.99 ($8.82 / Fl Oz)",
        "listPrice": "$15.99 ($9.41 / Fl Oz)",
        "imageUrl": "https://m.media-amazon.com/images/I/51ZhQq0ze1L._SL160_.jpg",
        "detailPageURL": "https://www.amazon.com/dp/B0C69Z5LSP",
        "rating": "4.2",
        "totalReviews": "52",
        "subtitle": "Bior\u00e9",
        "isPrimeEligible": "1"
    },
    {
        "ASIN": "B00HNSSV0S",
        "title": "Neutrogena Beach Defense Water-Resistant SPF 50+ Sunscreen Stick, Broad Spectrum UVA/UVB Protection, PABA- & Oxybenzone-Free Face & Body Sunscreen Stick, Hands-Free Application, 1.5 oz",
        "price": "$8.98 ($5.99 / Ounce)",
        "listPrice": "$10.17 ($6.78 / Ounce)",
        "imageUrl": "https://m.media-amazon.com/images/I/41hIXF033GL._SL160_.jpg",
        "detailPageURL": "https://www.amazon.com/dp/B00HNSSV0S",
        "rating": "4.7",
        "totalReviews": "8062",
        "subtitle": "Neutrogena",
        "isPrimeEligible": "1"
    },
    {
        "ASIN": "B09PF5KKS7",
        "title": "Coppertone Tanning Sunscreen Spray, SPF 15 Broad Spectrum Tanning Sunscreen, Water Resistant Sunscreen, 5.5 Oz, Pack of 3",
        "price": "$20.63 ($1.25 / Ounce)",
        "listPrice": "$23.99 ($1.45 / Ounce)",
        "imageUrl": "https://m.media-amazon.com/images/I/418vP35XhbL._SL160_.jpg",
        "detailPageURL": "https://www.amazon.com/dp/B09PF5KKS7",
        "rating": "4.7",
        "totalReviews": "5979",
        "subtitle": "Coppertone",
        "isPrimeEligible": "1"
    },
    {
        "ASIN": "B09MJG6X4W",
        "title": "Eucerin Sun Oil Control SPF 50 Face Sunscreen Lotion with Oil Absorbing Minerals, 2.5 Fl Oz Bottle",
        "price": "$12.82 ($5.13 / Fl Oz)",
        "listPrice": "$13.99 ($5.60 / Fl Oz)",
        "imageUrl": "https://m.media-amazon.com/images/I/31QCPvN4rML._SL160_.jpg",
        "detailPageURL": "https://www.amazon.com/dp/B09MJG6X4W",
        "rating": "4.5",
        "totalReviews": "4157",
        "subtitle": "Eucerin",
        "isPrimeEligible": "1"
    },
    {
        "ASIN": "B00CICLTAI",
        "title": "CeraVe Mineral Sunscreen Stick for Kids & Adults | 100% Mineral Sunscreen, Zinc Oxide & Titanium Dioxide with Hyaluronic Acid and Ceramides | Broad Spectrum SPF 50 | Fragrance Free | 0.47 Ounce",
        "price": "$8.99 ($19.13 / Ounce)",
        "listPrice": "$9.99 ($21.26 / Ounce)",
        "imageUrl": "https://m.media-amazon.com/images/I/41brPxL1qiL._SL160_.jpg",
        "detailPageURL": "https://www.amazon.com/dp/B00CICLTAI",
        "rating": "4.5",
        "totalReviews": "5874",
        "subtitle": "CeraVe",
        "isPrimeEligible": "1"
    },
    {
        "ASIN": "B07FQTDGS9",
        "title": "SolRX SPORT SPF 50 Sunscreen, Oxybenzone Free, Broad Spectrum UVA/UVB, Fragrance Free, Reef Friendly",
        "price": "$15.99 ($4.70 / Fl Oz)",
        "listPrice": "",
        "imageUrl": "https://m.media-amazon.com/images/I/41z3BC+dYDL._SL160_.jpg",
        "detailPageURL": "https://www.amazon.com/dp/B07FQTDGS9",
        "rating": "4.6",
        "totalReviews": "188",
        "subtitle": "SolRX",
        "isPrimeEligible": "1"
    },
    {
        "ASIN": "B07VJ539YP",
        "title": "AHC Natural Perfection Double Shield Sun Stick 22g SPF50+ PA++++",
        "price": "$8.00 ($8.00 / Count)",
        "listPrice": "$16.39 ($16.39 / Count)",
        "imageUrl": "https://m.media-amazon.com/images/I/41bEReI6SNL._SL160_.jpg",
        "detailPageURL": "https://www.amazon.com/dp/B07VJ539YP",
        "rating": "4.5",
        "totalReviews": "2517",
        "subtitle": "AHC",
        "isPrimeEligible": "1"
    },
    {
        "ASIN": "B08Q7CP5NL",
        "title": "Bondi Sands Fragrance Free Sunscreen Body Lotion SPF 50 | Hydrating Broad Spectrum Protection, Sheer, Water Resistant, Reef Friendly* | 5.07 Oz/150 mL",
        "price": "$12.99 ($2.56 / Fl Oz )",
        "listPrice": "",
        "imageUrl": "https://m.media-amazon.com/images/I/312cjjUjGSS._SL160_.jpg",
        "detailPageURL": "https://www.amazon.com/dp/B08Q7CP5NL",
        "rating": "4.6",
        "totalReviews": "1417",
        "subtitle": "",
        "isPrimeEligible": "1"
    },
    {
        "ASIN": "B007MV4BQY",
        "title": "Sun Bum Original SPF 30 Sunscreen Face Stick | Vegan and Hawaii 104 Reef Act Compliant (Octinoxate & Oxybenzone Free) Broad Spectrum Moisturizing UVA/UVB Sunscreen with Vitamin E | .45 oz",
        "price": "$9.66 ($21.47 / Ounce)",
        "listPrice": "$12.49 ($27.76 / Ounce)",
        "imageUrl": "https://m.media-amazon.com/images/I/41Yildp98OL._SL160_.jpg",
        "detailPageURL": "https://www.amazon.com/dp/B007MV4BQY",
        "rating": "4.6",
        "totalReviews": "13486",
        "subtitle": "Sun Bum",
        "isPrimeEligible": "1"
    },
    {
        "ASIN": "B0C69Z5LSP",
        "title": "Biore UV Aqua Rich SPF 50 Moisturizing Sunscreen for Face, Oxybenzone & Octinoxate Free, Dermatologist Tested, Vegan, Cruelty Free, For Sensitive Skin, 1.7 Oz",
        "price": "$14.99 ($8.82 / Fl Oz)",
        "listPrice": "$15.99 ($9.41 / Fl Oz)",
        "imageUrl": "https://m.media-amazon.com/images/I/51ZhQq0ze1L._SL160_.jpg",
        "detailPageURL": "https://www.amazon.com/dp/B0C69Z5LSP",
        "rating": "4.2",
        "totalReviews": "52",
        "subtitle": "Bior\u00e9",
        "isPrimeEligible": "1"
    },
    {
        "ASIN": "B00HNSSV0S",
        "title": "Neutrogena Beach Defense Water-Resistant SPF 50+ Sunscreen Stick, Broad Spectrum UVA/UVB Protection, PABA- & Oxybenzone-Free Face & Body Sunscreen Stick, Hands-Free Application, 1.5 oz",
        "price": "$8.98 ($5.99 / Ounce)",
        "listPrice": "$10.17 ($6.78 / Ounce)",
        "imageUrl": "https://m.media-amazon.com/images/I/41hIXF033GL._SL160_.jpg",
        "detailPageURL": "https://www.amazon.com/dp/B00HNSSV0S",
        "rating": "4.7",
        "totalReviews": "8062",
        "subtitle": "Neutrogena",
        "isPrimeEligible": "1"
    },
    {
        "ASIN": "B09PF5KKS7",
        "title": "Coppertone Tanning Sunscreen Spray, SPF 15 Broad Spectrum Tanning Sunscreen, Water Resistant Sunscreen, 5.5 Oz, Pack of 3",
        "price": "$20.63 ($1.25 / Ounce)",
        "listPrice": "$23.99 ($1.45 / Ounce)",
        "imageUrl": "https://m.media-amazon.com/images/I/418vP35XhbL._SL160_.jpg",
        "detailPageURL": "https://www.amazon.com/dp/B09PF5KKS7",
        "rating": "4.7",
        "totalReviews": "5979",
        "subtitle": "Coppertone",
        "isPrimeEligible": "1"
    },
    {
        "ASIN": "B09MJG6X4W",
        "title": "Eucerin Sun Oil Control SPF 50 Face Sunscreen Lotion with Oil Absorbing Minerals, 2.5 Fl Oz Bottle",
        "price": "$12.82 ($5.13 / Fl Oz)",
        "listPrice": "$13.99 ($5.60 / Fl Oz)",
        "imageUrl": "https://m.media-amazon.com/images/I/31QCPvN4rML._SL160_.jpg",
        "detailPageURL": "https://www.amazon.com/dp/B09MJG6X4W",
        "rating": "4.5",
        "totalReviews": "4157",
        "subtitle": "Eucerin",
        "isPrimeEligible": "1"
    },
    {
        "ASIN": "B00CICLTAI",
        "title": "CeraVe Mineral Sunscreen Stick for Kids & Adults | 100% Mineral Sunscreen, Zinc Oxide & Titanium Dioxide with Hyaluronic Acid and Ceramides | Broad Spectrum SPF 50 | Fragrance Free | 0.47 Ounce",
        "price": "$8.99 ($19.13 / Ounce)",
        "listPrice": "$9.99 ($21.26 / Ounce)",
        "imageUrl": "https://m.media-amazon.com/images/I/41brPxL1qiL._SL160_.jpg",
        "detailPageURL": "https://www.amazon.com/dp/B00CICLTAI",
        "rating": "4.5",
        "totalReviews": "5874",
        "subtitle": "CeraVe",
        "isPrimeEligible": "1"
    },
    {
        "ASIN": "B08JZJK1QL",
        "title": "Supergoop! PLAY SPF 50 Antioxidant Body Mist w/Vitamin C, 6 fl oz - 2 Pack - Broad Spectrum Sunscreen Spray - Clean Ingredients for Sensitive Skin - Great for Active Days",
        "price": "$42.00 ($3.50 / Fl Oz)",
        "listPrice": "",
        "imageUrl": "https://m.media-amazon.com/images/I/31e7akE0kAL._SL160_.jpg",
        "detailPageURL": "https://www.amazon.com/dp/B08JZJK1QL",
        "rating": "4.3",
        "totalReviews": "918",
        "subtitle": "Supergoop!",
        "isPrimeEligible": "1"
    },
    {
        "ASIN": "B07VJ539YP",
        "title": "AHC Natural Perfection Double Shield Sun Stick 22g SPF50+ PA++++",
        "price": "$8.00 ($8.00 / Count)",
        "listPrice": "$16.39 ($16.39 / Count)",
        "imageUrl": "https://m.media-amazon.com/images/I/41bEReI6SNL._SL160_.jpg",
        "detailPageURL": "https://www.amazon.com/dp/B07VJ539YP",
        "rating": "4.5",
        "totalReviews": "2517",
        "subtitle": "AHC",
        "isPrimeEligible": "1"
    },
    {
        "ASIN": "B08Q7CP5NL",
        "title": "Bondi Sands Fragrance Free Sunscreen Body Lotion SPF 50 | Hydrating Broad Spectrum Protection, Sheer, Water Resistant, Reef Friendly* | 5.07 Oz/150 mL",
        "price": "$12.99 ($2.56 / Fl Oz )",
        "listPrice": "",
        "imageUrl": "https://m.media-amazon.com/images/I/312cjjUjGSS._SL160_.jpg",
        "detailPageURL": "https://www.amazon.com/dp/B08Q7CP5NL",
        "rating": "4.6",
        "totalReviews": "1417",
        "subtitle": "",
        "isPrimeEligible": "1"
    },
    {
        "ASIN": "B007MV4BQY",
        "title": "Sun Bum Original SPF 30 Sunscreen Face Stick | Vegan and Hawaii 104 Reef Act Compliant (Octinoxate & Oxybenzone Free) Broad Spectrum Moisturizing UVA/UVB Sunscreen with Vitamin E | .45 oz",
        "price": "$9.66 ($21.47 / Ounce)",
        "listPrice": "$12.49 ($27.76 / Ounce)",
        "imageUrl": "https://m.media-amazon.com/images/I/41Yildp98OL._SL160_.jpg",
        "detailPageURL": "https://www.amazon.com/dp/B007MV4BQY",
        "rating": "4.6",
        "totalReviews": "13486",
        "subtitle": "Sun Bum",
        "isPrimeEligible": "1"
    },
    {
        "ASIN": "B0C69Z5LSP",
        "title": "Biore UV Aqua Rich SPF 50 Moisturizing Sunscreen for Face, Oxybenzone & Octinoxate Free, Dermatologist Tested, Vegan, Cruelty Free, For Sensitive Skin, 1.7 Oz",
        "price": "$14.99 ($8.82 / Fl Oz)",
        "listPrice": "$15.99 ($9.41 / Fl Oz)",
        "imageUrl": "https://m.media-amazon.com/images/I/51ZhQq0ze1L._SL160_.jpg",
        "detailPageURL": "https://www.amazon.com/dp/B0C69Z5LSP",
        "rating": "4.2",
        "totalReviews": "52",
        "subtitle": "Bior\u00e9",
        "isPrimeEligible": "1"
    },
    {
        "ASIN": "B00HNSSV0S",
        "title": "Neutrogena Beach Defense Water-Resistant SPF 50+ Sunscreen Stick, Broad Spectrum UVA/UVB Protection, PABA- & Oxybenzone-Free Face & Body Sunscreen Stick, Hands-Free Application, 1.5 oz",
        "price": "$8.98 ($5.99 / Ounce)",
        "listPrice": "$10.17 ($6.78 / Ounce)",
        "imageUrl": "https://m.media-amazon.com/images/I/41hIXF033GL._SL160_.jpg",
        "detailPageURL": "https://www.amazon.com/dp/B00HNSSV0S",
        "rating": "4.7",
        "totalReviews": "8062",
        "subtitle": "Neutrogena",
        "isPrimeEligible": "1"
    },
    {
        "ASIN": "B09PF5KKS7",
        "title": "Coppertone Tanning Sunscreen Spray, SPF 15 Broad Spectrum Tanning Sunscreen, Water Resistant Sunscreen, 5.5 Oz, Pack of 3",
        "price": "$20.63 ($1.25 / Ounce)",
        "listPrice": "$23.99 ($1.45 / Ounce)",
        "imageUrl": "https://m.media-amazon.com/images/I/418vP35XhbL._SL160_.jpg",
        "detailPageURL": "https://www.amazon.com/dp/B09PF5KKS7",
        "rating": "4.7",
        "totalReviews": "5979",
        "subtitle": "Coppertone",
        "isPrimeEligible": "1"
    },
    {
        "ASIN": "B09MJG6X4W",
        "title": "Eucerin Sun Oil Control SPF 50 Face Sunscreen Lotion with Oil Absorbing Minerals, 2.5 Fl Oz Bottle",
        "price": "$12.82 ($5.13 / Fl Oz)",
        "listPrice": "$13.99 ($5.60 / Fl Oz)",
        "imageUrl": "https://m.media-amazon.com/images/I/31QCPvN4rML._SL160_.jpg",
        "detailPageURL": "https://www.amazon.com/dp/B09MJG6X4W",
        "rating": "4.5",
        "totalReviews": "4157",
        "subtitle": "Eucerin",
        "isPrimeEligible": "1"
    },
    {
        "ASIN": "B00CICLTAI",
        "title": "CeraVe Mineral Sunscreen Stick for Kids & Adults | 100% Mineral Sunscreen, Zinc Oxide & Titanium Dioxide with Hyaluronic Acid and Ceramides | Broad Spectrum SPF 50 | Fragrance Free | 0.47 Ounce",
        "price": "$8.99 ($19.13 / Ounce)",
        "listPrice": "$9.99 ($21.26 / Ounce)",
        "imageUrl": "https://m.media-amazon.com/images/I/41brPxL1qiL._SL160_.jpg",
        "detailPageURL": "https://www.amazon.com/dp/B00CICLTAI",
        "rating": "4.5",
        "totalReviews": "5874",
        "subtitle": "CeraVe",
        "isPrimeEligible": "1"
    },
    {
        "ASIN": "B08JZJK1QL",
        "title": "Supergoop! PLAY SPF 50 Antioxidant Body Mist w/Vitamin C, 6 fl oz - 2 Pack - Broad Spectrum Sunscreen Spray - Clean Ingredients for Sensitive Skin - Great for Active Days",
        "price": "$42.00 ($3.50 / Fl Oz)",
        "listPrice": "",
        "imageUrl": "https://m.media-amazon.com/images/I/31e7akE0kAL._SL160_.jpg",
        "detailPageURL": "https://www.amazon.com/dp/B08JZJK1QL",
        "rating": "4.3",
        "totalReviews": "918",
        "subtitle": "Supergoop!",
        "isPrimeEligible": "1"
    },
    {
        "ASIN": "B078BXSYTN",
        "title": "Coppertone Kids Sunscreen Spray, SPF 50, 5.5 Oz, Pack of 3",
        "price": "$19.49 ($1.18 / Ounce)",
        "listPrice": "$23.99 ($1.45 / Ounce)",
        "imageUrl": "https://m.media-amazon.com/images/I/41+jzq5cwzL._SL160_.jpg",
        "detailPageURL": "https://www.amazon.com/dp/B078BXSYTN",
        "rating": "4.8",
        "totalReviews": "4827",
        "subtitle": "Coppertone",
        "isPrimeEligible": "1"
    },
    {
        "ASIN": "B08Q7CP5NL",
        "title": "Bondi Sands Fragrance Free Sunscreen Body Lotion SPF 50 | Hydrating Broad Spectrum Protection, Sheer, Water Resistant, Reef Friendly* | 5.07 Oz/150 mL",
        "price": "$12.99 ($2.56 / Fl Oz )",
        "listPrice": "",
        "imageUrl": "https://m.media-amazon.com/images/I/312cjjUjGSS._SL160_.jpg",
        "detailPageURL": "https://www.amazon.com/dp/B08Q7CP5NL",
        "rating": "4.6",
        "totalReviews": "1417",
        "subtitle": "",
        "isPrimeEligible": "1"
    },
    {
        "ASIN": "B007MV4BQY",
        "title": "Sun Bum Original SPF 30 Sunscreen Face Stick | Vegan and Hawaii 104 Reef Act Compliant (Octinoxate & Oxybenzone Free) Broad Spectrum Moisturizing UVA/UVB Sunscreen with Vitamin E | .45 oz",
        "price": "$9.66 ($21.47 / Ounce)",
        "listPrice": "$12.49 ($27.76 / Ounce)",
        "imageUrl": "https://m.media-amazon.com/images/I/41Yildp98OL._SL160_.jpg",
        "detailPageURL": "https://www.amazon.com/dp/B007MV4BQY",
        "rating": "4.6",
        "totalReviews": "13486",
        "subtitle": "Sun Bum",
        "isPrimeEligible": "1"
    },
    {
        "ASIN": "B0C69Z5LSP",
        "title": "Biore UV Aqua Rich SPF 50 Moisturizing Sunscreen for Face, Oxybenzone & Octinoxate Free, Dermatologist Tested, Vegan, Cruelty Free, For Sensitive Skin, 1.7 Oz",
        "price": "$14.99 ($8.82 / Fl Oz)",
        "listPrice": "$15.99 ($9.41 / Fl Oz)",
        "imageUrl": "https://m.media-amazon.com/images/I/51ZhQq0ze1L._SL160_.jpg",
        "detailPageURL": "https://www.amazon.com/dp/B0C69Z5LSP",
        "rating": "4.2",
        "totalReviews": "52",
        "subtitle": "Bior\u00e9",
        "isPrimeEligible": "1"
    },
    {
        "ASIN": "B00HNSSV0S",
        "title": "Neutrogena Beach Defense Water-Resistant SPF 50+ Sunscreen Stick, Broad Spectrum UVA/UVB Protection, PABA- & Oxybenzone-Free Face & Body Sunscreen Stick, Hands-Free Application, 1.5 oz",
        "price": "$8.98 ($5.99 / Ounce)",
        "listPrice": "$10.17 ($6.78 / Ounce)",
        "imageUrl": "https://m.media-amazon.com/images/I/41hIXF033GL._SL160_.jpg",
        "detailPageURL": "https://www.amazon.com/dp/B00HNSSV0S",
        "rating": "4.7",
        "totalReviews": "8062",
        "subtitle": "Neutrogena",
        "isPrimeEligible": "1"
    },
    {
        "ASIN": "B09PF5KKS7",
        "title": "Coppertone Tanning Sunscreen Spray, SPF 15 Broad Spectrum Tanning Sunscreen, Water Resistant Sunscreen, 5.5 Oz, Pack of 3",
        "price": "$20.63 ($1.25 / Ounce)",
        "listPrice": "$23.99 ($1.45 / Ounce)",
        "imageUrl": "https://m.media-amazon.com/images/I/418vP35XhbL._SL160_.jpg",
        "detailPageURL": "https://www.amazon.com/dp/B09PF5KKS7",
        "rating": "4.7",
        "totalReviews": "5979",
        "subtitle": "Coppertone",
        "isPrimeEligible": "1"
    },
    {
        "ASIN": "B09MJG6X4W",
        "title": "Eucerin Sun Oil Control SPF 50 Face Sunscreen Lotion with Oil Absorbing Minerals, 2.5 Fl Oz Bottle",
        "price": "$12.82 ($5.13 / Fl Oz)",
        "listPrice": "$13.99 ($5.60 / Fl Oz)",
        "imageUrl": "https://m.media-amazon.com/images/I/31QCPvN4rML._SL160_.jpg",
        "detailPageURL": "https://www.amazon.com/dp/B09MJG6X4W",
        "rating": "4.5",
        "totalReviews": "4157",
        "subtitle": "Eucerin",
        "isPrimeEligible": "1"
    },
    {
        "ASIN": "B00CICLTAI",
        "title": "CeraVe Mineral Sunscreen Stick for Kids & Adults | 100% Mineral Sunscreen, Zinc Oxide & Titanium Dioxide with Hyaluronic Acid and Ceramides | Broad Spectrum SPF 50 | Fragrance Free | 0.47 Ounce",
        "price": "$8.99 ($19.13 / Ounce)",
        "listPrice": "$9.99 ($21.26 / Ounce)",
        "imageUrl": "https://m.media-amazon.com/images/I/41brPxL1qiL._SL160_.jpg",
        "detailPageURL": "https://www.amazon.com/dp/B00CICLTAI",
        "rating": "4.5",
        "totalReviews": "5874",
        "subtitle": "CeraVe",
        "isPrimeEligible": "1"
    },
    {
        "ASIN": "B08JZJK1QL",
        "title": "Supergoop! PLAY SPF 50 Antioxidant Body Mist w/Vitamin C, 6 fl oz - 2 Pack - Broad Spectrum Sunscreen Spray - Clean Ingredients for Sensitive Skin - Great for Active Days",
        "price": "$42.00 ($3.50 / Fl Oz)",
        "listPrice": "",
        "imageUrl": "https://m.media-amazon.com/images/I/31e7akE0kAL._SL160_.jpg",
        "detailPageURL": "https://www.amazon.com/dp/B08JZJK1QL",
        "rating": "4.3",
        "totalReviews": "918",
        "subtitle": "Supergoop!",
        "isPrimeEligible": "1"
    },
    {
        "ASIN": "B078BXSYTN",
        "title": "Coppertone Kids Sunscreen Spray, SPF 50, 5.5 Oz, Pack of 3",
        "price": "$19.49 ($1.18 / Ounce)",
        "listPrice": "$23.99 ($1.45 / Ounce)",
        "imageUrl": "https://m.media-amazon.com/images/I/41+jzq5cwzL._SL160_.jpg",
        "detailPageURL": "https://www.amazon.com/dp/B078BXSYTN",
        "rating": "4.8",
        "totalReviews": "4827",
        "subtitle": "Coppertone",
        "isPrimeEligible": "1"
    },
    {
        "ASIN": "B00J2Q5MSS",
        "title": "A'PIEU Pure Block Daily Sunscreen Cream SPF50/PA++++ 50ml | Korean Sunscreen for Daily Use",
        "price": "$14.95 ($8.85 / Fl Oz)",
        "listPrice": "",
        "imageUrl": "https://m.media-amazon.com/images/I/31h2B7mjv+L._SL160_.jpg",
        "detailPageURL": "https://www.amazon.com/dp/B00J2Q5MSS",
        "rating": "4.4",
        "totalReviews": "3810",
        "subtitle": "A'PIEU",
        "isPrimeEligible": "1"
    },
    {
        "ASIN": "B007MV4BQY",
        "title": "Sun Bum Original SPF 30 Sunscreen Face Stick | Vegan and Hawaii 104 Reef Act Compliant (Octinoxate & Oxybenzone Free) Broad Spectrum Moisturizing UVA/UVB Sunscreen with Vitamin E | .45 oz",
        "price": "$9.66 ($21.47 / Ounce)",
        "listPrice": "$12.49 ($27.76 / Ounce)",
        "imageUrl": "https://m.media-amazon.com/images/I/41Yildp98OL._SL160_.jpg",
        "detailPageURL": "https://www.amazon.com/dp/B007MV4BQY",
        "rating": "4.6",
        "totalReviews": "13486",
        "subtitle": "Sun Bum",
        "isPrimeEligible": "1"
    },
    {
        "ASIN": "B0C69Z5LSP",
        "title": "Biore UV Aqua Rich SPF 50 Moisturizing Sunscreen for Face, Oxybenzone & Octinoxate Free, Dermatologist Tested, Vegan, Cruelty Free, For Sensitive Skin, 1.7 Oz",
        "price": "$14.99 ($8.82 / Fl Oz)",
        "listPrice": "$15.99 ($9.41 / Fl Oz)",
        "imageUrl": "https://m.media-amazon.com/images/I/51ZhQq0ze1L._SL160_.jpg",
        "detailPageURL": "https://www.amazon.com/dp/B0C69Z5LSP",
        "rating": "4.2",
        "totalReviews": "52",
        "subtitle": "Bior\u00e9",
        "isPrimeEligible": "1"
    },
    {
        "ASIN": "B00HNSSV0S",
        "title": "Neutrogena Beach Defense Water-Resistant SPF 50+ Sunscreen Stick, Broad Spectrum UVA/UVB Protection, PABA- & Oxybenzone-Free Face & Body Sunscreen Stick, Hands-Free Application, 1.5 oz",
        "price": "$8.98 ($5.99 / Ounce)",
        "listPrice": "$10.17 ($6.78 / Ounce)",
        "imageUrl": "https://m.media-amazon.com/images/I/41hIXF033GL._SL160_.jpg",
        "detailPageURL": "https://www.amazon.com/dp/B00HNSSV0S",
        "rating": "4.7",
        "totalReviews": "8062",
        "subtitle": "Neutrogena",
        "isPrimeEligible": "1"
    },
    {
        "ASIN": "B09PF5KKS7",
        "title": "Coppertone Tanning Sunscreen Spray, SPF 15 Broad Spectrum Tanning Sunscreen, Water Resistant Sunscreen, 5.5 Oz, Pack of 3",
        "price": "$20.63 ($1.25 / Ounce)",
        "listPrice": "$23.99 ($1.45 / Ounce)",
        "imageUrl": "https://m.media-amazon.com/images/I/418vP35XhbL._SL160_.jpg",
        "detailPageURL": "https://www.amazon.com/dp/B09PF5KKS7",
        "rating": "4.7",
        "totalReviews": "5979",
        "subtitle": "Coppertone",
        "isPrimeEligible": "1"
    },
    {
        "ASIN": "B09MJG6X4W",
        "title": "Eucerin Sun Oil Control SPF 50 Face Sunscreen Lotion with Oil Absorbing Minerals, 2.5 Fl Oz Bottle",
        "price": "$12.82 ($5.13 / Fl Oz)",
        "listPrice": "$13.99 ($5.60 / Fl Oz)",
        "imageUrl": "https://m.media-amazon.com/images/I/31QCPvN4rML._SL160_.jpg",
        "detailPageURL": "https://www.amazon.com/dp/B09MJG6X4W",
        "rating": "4.5",
        "totalReviews": "4157",
        "subtitle": "Eucerin",
        "isPrimeEligible": "1"
    },
    {
        "ASIN": "B00CICLTAI",
        "title": "CeraVe Mineral Sunscreen Stick for Kids & Adults | 100% Mineral Sunscreen, Zinc Oxide & Titanium Dioxide with Hyaluronic Acid and Ceramides | Broad Spectrum SPF 50 | Fragrance Free | 0.47 Ounce",
        "price": "$8.99 ($19.13 / Ounce)",
        "listPrice": "$9.99 ($21.26 / Ounce)",
        "imageUrl": "https://m.media-amazon.com/images/I/41brPxL1qiL._SL160_.jpg",
        "detailPageURL": "https://www.amazon.com/dp/B00CICLTAI",
        "rating": "4.5",
        "totalReviews": "5874",
        "subtitle": "CeraVe",
        "isPrimeEligible": "1"
    },
    {
        "ASIN": "B08JZJK1QL",
        "title": "Supergoop! PLAY SPF 50 Antioxidant Body Mist w/Vitamin C, 6 fl oz - 2 Pack - Broad Spectrum Sunscreen Spray - Clean Ingredients for Sensitive Skin - Great for Active Days",
        "price": "$42.00 ($3.50 / Fl Oz)",
        "listPrice": "",
        "imageUrl": "https://m.media-amazon.com/images/I/31e7akE0kAL._SL160_.jpg",
        "detailPageURL": "https://www.amazon.com/dp/B08JZJK1QL",
        "rating": "4.3",
        "totalReviews": "918",
        "subtitle": "Supergoop!",
        "isPrimeEligible": "1"
    },
    {
        "ASIN": "B078BXSYTN",
        "title": "Coppertone Kids Sunscreen Spray, SPF 50, 5.5 Oz, Pack of 3",
        "price": "$19.49 ($1.18 / Ounce)",
        "listPrice": "$23.99 ($1.45 / Ounce)",
        "imageUrl": "https://m.media-amazon.com/images/I/41+jzq5cwzL._SL160_.jpg",
        "detailPageURL": "https://www.amazon.com/dp/B078BXSYTN",
        "rating": "4.8",
        "totalReviews": "4827",
        "subtitle": "Coppertone",
        "isPrimeEligible": "1"
    },
    {
        "ASIN": "B00J2Q5MSS",
        "title": "A'PIEU Pure Block Daily Sunscreen Cream SPF50/PA++++ 50ml | Korean Sunscreen for Daily Use",
        "price": "$14.95 ($8.85 / Fl Oz)",
        "listPrice": "",
        "imageUrl": "https://m.media-amazon.com/images/I/31h2B7mjv+L._SL160_.jpg",
        "detailPageURL": "https://www.amazon.com/dp/B00J2Q5MSS",
        "rating": "4.4",
        "totalReviews": "3810",
        "subtitle": "A'PIEU",
        "isPrimeEligible": "1"
    },
    {
        "ASIN": "B09GWFF17X",
        "title": "Hawaiian Tropic Everyday Active Lotion Sunscreen SPF 30, 8oz | Hawaiian Tropic Sunscreen SPF 30, Sunblock, Oxybenzone Free Sunscreen, Broad Spectrum Sunscreen Pack SPF 30, 8oz each Twin Pack",
        "price": "$19.74 ($1.23 / Fl Oz)",
        "listPrice": "",
        "imageUrl": "https://m.media-amazon.com/images/I/51zfhk7nNSL._SL160_.jpg",
        "detailPageURL": "https://www.amazon.com/dp/B09GWFF17X",
        "rating": "4.8",
        "totalReviews": "248",
        "subtitle": "Hawaiian Tropic",
        "isPrimeEligible": "1"
    },
    {
        "ASIN": "B0C69Z5LSP",
        "title": "Biore UV Aqua Rich SPF 50 Moisturizing Sunscreen for Face, Oxybenzone & Octinoxate Free, Dermatologist Tested, Vegan, Cruelty Free, For Sensitive Skin, 1.7 Oz",
        "price": "$14.99 ($8.82 / Fl Oz)",
        "listPrice": "$15.99 ($9.41 / Fl Oz)",
        "imageUrl": "https://m.media-amazon.com/images/I/51ZhQq0ze1L._SL160_.jpg",
        "detailPageURL": "https://www.amazon.com/dp/B0C69Z5LSP",
        "rating": "4.2",
        "totalReviews": "52",
        "subtitle": "Bior\u00e9",
        "isPrimeEligible": "1"
    },
    {
        "ASIN": "B00HNSSV0S",
        "title": "Neutrogena Beach Defense Water-Resistant SPF 50+ Sunscreen Stick, Broad Spectrum UVA/UVB Protection, PABA- & Oxybenzone-Free Face & Body Sunscreen Stick, Hands-Free Application, 1.5 oz",
        "price": "$8.98 ($5.99 / Ounce)",
        "listPrice": "$10.17 ($6.78 / Ounce)",
        "imageUrl": "https://m.media-amazon.com/images/I/41hIXF033GL._SL160_.jpg",
        "detailPageURL": "https://www.amazon.com/dp/B00HNSSV0S",
        "rating": "4.7",
        "totalReviews": "8062",
        "subtitle": "Neutrogena",
        "isPrimeEligible": "1"
    },
    {
        "ASIN": "B09PF5KKS7",
        "title": "Coppertone Tanning Sunscreen Spray, SPF 15 Broad Spectrum Tanning Sunscreen, Water Resistant Sunscreen, 5.5 Oz, Pack of 3",
        "price": "$20.63 ($1.25 / Ounce)",
        "listPrice": "$23.99 ($1.45 / Ounce)",
        "imageUrl": "https://m.media-amazon.com/images/I/418vP35XhbL._SL160_.jpg",
        "detailPageURL": "https://www.amazon.com/dp/B09PF5KKS7",
        "rating": "4.7",
        "totalReviews": "5979",
        "subtitle": "Coppertone",
        "isPrimeEligible": "1"
    },
    {
        "ASIN": "B09MJG6X4W",
        "title": "Eucerin Sun Oil Control SPF 50 Face Sunscreen Lotion with Oil Absorbing Minerals, 2.5 Fl Oz Bottle",
        "price": "$12.82 ($5.13 / Fl Oz)",
        "listPrice": "$13.99 ($5.60 / Fl Oz)",
        "imageUrl": "https://m.media-amazon.com/images/I/31QCPvN4rML._SL160_.jpg",
        "detailPageURL": "https://www.amazon.com/dp/B09MJG6X4W",
        "rating": "4.5",
        "totalReviews": "4157",
        "subtitle": "Eucerin",
        "isPrimeEligible": "1"
    },
    {
        "ASIN": "B00CICLTAI",
        "title": "CeraVe Mineral Sunscreen Stick for Kids & Adults | 100% Mineral Sunscreen, Zinc Oxide & Titanium Dioxide with Hyaluronic Acid and Ceramides | Broad Spectrum SPF 50 | Fragrance Free | 0.47 Ounce",
        "price": "$8.99 ($19.13 / Ounce)",
        "listPrice": "$9.99 ($21.26 / Ounce)",
        "imageUrl": "https://m.media-amazon.com/images/I/41brPxL1qiL._SL160_.jpg",
        "detailPageURL": "https://www.amazon.com/dp/B00CICLTAI",
        "rating": "4.5",
        "totalReviews": "5874",
        "subtitle": "CeraVe",
        "isPrimeEligible": "1"
    },
    {
        "ASIN": "B08JZJK1QL",
        "title": "Supergoop! PLAY SPF 50 Antioxidant Body Mist w/Vitamin C, 6 fl oz - 2 Pack - Broad Spectrum Sunscreen Spray - Clean Ingredients for Sensitive Skin - Great for Active Days",
        "price": "$42.00 ($3.50 / Fl Oz)",
        "listPrice": "",
        "imageUrl": "https://m.media-amazon.com/images/I/31e7akE0kAL._SL160_.jpg",
        "detailPageURL": "https://www.amazon.com/dp/B08JZJK1QL",
        "rating": "4.3",
        "totalReviews": "918",
        "subtitle": "Supergoop!",
        "isPrimeEligible": "1"
    },
    {
        "ASIN": "B078BXSYTN",
        "title": "Coppertone Kids Sunscreen Spray, SPF 50, 5.5 Oz, Pack of 3",
        "price": "$19.49 ($1.18 / Ounce)",
        "listPrice": "$23.99 ($1.45 / Ounce)",
        "imageUrl": "https://m.media-amazon.com/images/I/41+jzq5cwzL._SL160_.jpg",
        "detailPageURL": "https://www.amazon.com/dp/B078BXSYTN",
        "rating": "4.8",
        "totalReviews": "4827",
        "subtitle": "Coppertone",
        "isPrimeEligible": "1"
    },
    {
        "ASIN": "B00J2Q5MSS",
        "title": "A'PIEU Pure Block Daily Sunscreen Cream SPF50/PA++++ 50ml | Korean Sunscreen for Daily Use",
        "price": "$14.95 ($8.85 / Fl Oz)",
        "listPrice": "",
        "imageUrl": "https://m.media-amazon.com/images/I/31h2B7mjv+L._SL160_.jpg",
        "detailPageURL": "https://www.amazon.com/dp/B00J2Q5MSS",
        "rating": "4.4",
        "totalReviews": "3810",
        "subtitle": "A'PIEU",
        "isPrimeEligible": "1"
    },
    {
        "ASIN": "B09GWFF17X",
        "title": "Hawaiian Tropic Everyday Active Lotion Sunscreen SPF 30, 8oz | Hawaiian Tropic Sunscreen SPF 30, Sunblock, Oxybenzone Free Sunscreen, Broad Spectrum Sunscreen Pack SPF 30, 8oz each Twin Pack",
        "price": "$19.74 ($1.23 / Fl Oz)",
        "listPrice": "",
        "imageUrl": "https://m.media-amazon.com/images/I/51zfhk7nNSL._SL160_.jpg",
        "detailPageURL": "https://www.amazon.com/dp/B09GWFF17X",
        "rating": "4.8",
        "totalReviews": "248",
        "subtitle": "Hawaiian Tropic",
        "isPrimeEligible": "1"
    },
    {
        "ASIN": "B004XGPMFA",
        "title": "Sun Bum Original SPF 30 Sunscreen Lotion | Vegan and Hawaii 104 Reef Act Compliant (Octinoxate & Oxybenzone Free) Broad Spectrum Moisturizing UVA/UVB Sunscreen with Vitamin E | 8 oz",
        "price": "$16.49 ($2.06 / Fl Oz)",
        "listPrice": "$18.49 ($2.31 / Fl Oz)",
        "imageUrl": "https://m.media-amazon.com/images/I/31l5NEExKkL._SL160_.jpg",
        "detailPageURL": "https://www.amazon.com/dp/B004XGPMFA",
        "rating": "4.8",
        "totalReviews": "19176",
        "subtitle": "Sun Bum",
        "isPrimeEligible": "1"
    },
    {
        "ASIN": "B00HNSSV0S",
        "title": "Neutrogena Beach Defense Water-Resistant SPF 50+ Sunscreen Stick, Broad Spectrum UVA/UVB Protection, PABA- & Oxybenzone-Free Face & Body Sunscreen Stick, Hands-Free Application, 1.5 oz",
        "price": "$8.98 ($5.99 / Ounce)",
        "listPrice": "$10.17 ($6.78 / Ounce)",
        "imageUrl": "https://m.media-amazon.com/images/I/41hIXF033GL._SL160_.jpg",
        "detailPageURL": "https://www.amazon.com/dp/B00HNSSV0S",
        "rating": "4.7",
        "totalReviews": "8062",
        "subtitle": "Neutrogena",
        "isPrimeEligible": "1"
    },
    {
        "ASIN": "B09PF5KKS7",
        "title": "Coppertone Tanning Sunscreen Spray, SPF 15 Broad Spectrum Tanning Sunscreen, Water Resistant Sunscreen, 5.5 Oz, Pack of 3",
        "price": "$20.63 ($1.25 / Ounce)",
        "listPrice": "$23.99 ($1.45 / Ounce)",
        "imageUrl": "https://m.media-amazon.com/images/I/418vP35XhbL._SL160_.jpg",
        "detailPageURL": "https://www.amazon.com/dp/B09PF5KKS7",
        "rating": "4.7",
        "totalReviews": "5979",
        "subtitle": "Coppertone",
        "isPrimeEligible": "1"
    },
    {
        "ASIN": "B09MJG6X4W",
        "title": "Eucerin Sun Oil Control SPF 50 Face Sunscreen Lotion with Oil Absorbing Minerals, 2.5 Fl Oz Bottle",
        "price": "$12.82 ($5.13 / Fl Oz)",
        "listPrice": "$13.99 ($5.60 / Fl Oz)",
        "imageUrl": "https://m.media-amazon.com/images/I/31QCPvN4rML._SL160_.jpg",
        "detailPageURL": "https://www.amazon.com/dp/B09MJG6X4W",
        "rating": "4.5",
        "totalReviews": "4157",
        "subtitle": "Eucerin",
        "isPrimeEligible": "1"
    },
    {
        "ASIN": "B00CICLTAI",
        "title": "CeraVe Mineral Sunscreen Stick for Kids & Adults | 100% Mineral Sunscreen, Zinc Oxide & Titanium Dioxide with Hyaluronic Acid and Ceramides | Broad Spectrum SPF 50 | Fragrance Free | 0.47 Ounce",
        "price": "$8.99 ($19.13 / Ounce)",
        "listPrice": "$9.99 ($21.26 / Ounce)",
        "imageUrl": "https://m.media-amazon.com/images/I/41brPxL1qiL._SL160_.jpg",
        "detailPageURL": "https://www.amazon.com/dp/B00CICLTAI",
        "rating": "4.5",
        "totalReviews": "5874",
        "subtitle": "CeraVe",
        "isPrimeEligible": "1"
    },
    {
        "ASIN": "B08JZJK1QL",
        "title": "Supergoop! PLAY SPF 50 Antioxidant Body Mist w/Vitamin C, 6 fl oz - 2 Pack - Broad Spectrum Sunscreen Spray - Clean Ingredients for Sensitive Skin - Great for Active Days",
        "price": "$42.00 ($3.50 / Fl Oz)",
        "listPrice": "",
        "imageUrl": "https://m.media-amazon.com/images/I/31e7akE0kAL._SL160_.jpg",
        "detailPageURL": "https://www.amazon.com/dp/B08JZJK1QL",
        "rating": "4.3",
        "totalReviews": "918",
        "subtitle": "Supergoop!",
        "isPrimeEligible": "1"
    },
    {
        "ASIN": "B078BXSYTN",
        "title": "Coppertone Kids Sunscreen Spray, SPF 50, 5.5 Oz, Pack of 3",
        "price": "$19.49 ($1.18 / Ounce)",
        "listPrice": "$23.99 ($1.45 / Ounce)",
        "imageUrl": "https://m.media-amazon.com/images/I/41+jzq5cwzL._SL160_.jpg",
        "detailPageURL": "https://www.amazon.com/dp/B078BXSYTN",
        "rating": "4.8",
        "totalReviews": "4827",
        "subtitle": "Coppertone",
        "isPrimeEligible": "1"
    },
    {
        "ASIN": "B00J2Q5MSS",
        "title": "A'PIEU Pure Block Daily Sunscreen Cream SPF50/PA++++ 50ml | Korean Sunscreen for Daily Use",
        "price": "$14.95 ($8.85 / Fl Oz)",
        "listPrice": "",
        "imageUrl": "https://m.media-amazon.com/images/I/31h2B7mjv+L._SL160_.jpg",
        "detailPageURL": "https://www.amazon.com/dp/B00J2Q5MSS",
        "rating": "4.4",
        "totalReviews": "3810",
        "subtitle": "A'PIEU",
        "isPrimeEligible": "1"
    },
    {
        "ASIN": "B09GWFF17X",
        "title": "Hawaiian Tropic Everyday Active Lotion Sunscreen SPF 30, 8oz | Hawaiian Tropic Sunscreen SPF 30, Sunblock, Oxybenzone Free Sunscreen, Broad Spectrum Sunscreen Pack SPF 30, 8oz each Twin Pack",
        "price": "$19.74 ($1.23 / Fl Oz)",
        "listPrice": "",
        "imageUrl": "https://m.media-amazon.com/images/I/51zfhk7nNSL._SL160_.jpg",
        "detailPageURL": "https://www.amazon.com/dp/B09GWFF17X",
        "rating": "4.8",
        "totalReviews": "248",
        "subtitle": "Hawaiian Tropic",
        "isPrimeEligible": "1"
    },
    {
        "ASIN": "B004XGPMFA",
        "title": "Sun Bum Original SPF 30 Sunscreen Lotion | Vegan and Hawaii 104 Reef Act Compliant (Octinoxate & Oxybenzone Free) Broad Spectrum Moisturizing UVA/UVB Sunscreen with Vitamin E | 8 oz",
        "price": "$16.49 ($2.06 / Fl Oz)",
        "listPrice": "$18.49 ($2.31 / Fl Oz)",
        "imageUrl": "https://m.media-amazon.com/images/I/31l5NEExKkL._SL160_.jpg",
        "detailPageURL": "https://www.amazon.com/dp/B004XGPMFA",
        "rating": "4.8",
        "totalReviews": "19176",
        "subtitle": "Sun Bum",
        "isPrimeEligible": "1"
    },
    {
        "ASIN": "B00C8FVZZY",
        "title": "EltaMD UV Physical Tinted Face Sunscreen, SPF 41 Tinted Mineral Sunscreen with Zinc Oxide, Water Resistant up to 40 Minutes, Protects Extra Sensitive and Post Procedure Skin, Oil Free, 3.0 oz Tube",
        "price": "$41.00 ($13.67 / Ounce)",
        "listPrice": "",
        "imageUrl": "https://m.media-amazon.com/images/I/31q7HXU-dlL._SL160_.jpg",
        "detailPageURL": "https://www.amazon.com/dp/B00C8FVZZY",
        "rating": "4.6",
        "totalReviews": "13297",
        "subtitle": "",
        "isPrimeEligible": "1"
    },
    {
        "ASIN": "B09PF5KKS7",
        "title": "Coppertone Tanning Sunscreen Spray, SPF 15 Broad Spectrum Tanning Sunscreen, Water Resistant Sunscreen, 5.5 Oz, Pack of 3",
        "price": "$20.63 ($1.25 / Ounce)",
        "listPrice": "$23.99 ($1.45 / Ounce)",
        "imageUrl": "https://m.media-amazon.com/images/I/418vP35XhbL._SL160_.jpg",
        "detailPageURL": "https://www.amazon.com/dp/B09PF5KKS7",
        "rating": "4.7",
        "totalReviews": "5979",
        "subtitle": "Coppertone",
        "isPrimeEligible": "1"
    },
    {
        "ASIN": "B09MJG6X4W",
        "title": "Eucerin Sun Oil Control SPF 50 Face Sunscreen Lotion with Oil Absorbing Minerals, 2.5 Fl Oz Bottle",
        "price": "$12.82 ($5.13 / Fl Oz)",
        "listPrice": "$13.99 ($5.60 / Fl Oz)",
        "imageUrl": "https://m.media-amazon.com/images/I/31QCPvN4rML._SL160_.jpg",
        "detailPageURL": "https://www.amazon.com/dp/B09MJG6X4W",
        "rating": "4.5",
        "totalReviews": "4157",
        "subtitle": "Eucerin",
        "isPrimeEligible": "1"
    },
    {
        "ASIN": "B00CICLTAI",
        "title": "CeraVe Mineral Sunscreen Stick for Kids & Adults | 100% Mineral Sunscreen, Zinc Oxide & Titanium Dioxide with Hyaluronic Acid and Ceramides | Broad Spectrum SPF 50 | Fragrance Free | 0.47 Ounce",
        "price": "$8.99 ($19.13 / Ounce)",
        "listPrice": "$9.99 ($21.26 / Ounce)",
        "imageUrl": "https://m.media-amazon.com/images/I/41brPxL1qiL._SL160_.jpg",
        "detailPageURL": "https://www.amazon.com/dp/B00CICLTAI",
        "rating": "4.5",
        "totalReviews": "5874",
        "subtitle": "CeraVe",
        "isPrimeEligible": "1"
    },
    {
        "ASIN": "B08JZJK1QL",
        "title": "Supergoop! PLAY SPF 50 Antioxidant Body Mist w/Vitamin C, 6 fl oz - 2 Pack - Broad Spectrum Sunscreen Spray - Clean Ingredients for Sensitive Skin - Great for Active Days",
        "price": "$42.00 ($3.50 / Fl Oz)",
        "listPrice": "",
        "imageUrl": "https://m.media-amazon.com/images/I/31e7akE0kAL._SL160_.jpg",
        "detailPageURL": "https://www.amazon.com/dp/B08JZJK1QL",
        "rating": "4.3",
        "totalReviews": "918",
        "subtitle": "Supergoop!",
        "isPrimeEligible": "1"
    },
    {
        "ASIN": "B078BXSYTN",
        "title": "Coppertone Kids Sunscreen Spray, SPF 50, 5.5 Oz, Pack of 3",
        "price": "$19.49 ($1.18 / Ounce)",
        "listPrice": "$23.99 ($1.45 / Ounce)",
        "imageUrl": "https://m.media-amazon.com/images/I/41+jzq5cwzL._SL160_.jpg",
        "detailPageURL": "https://www.amazon.com/dp/B078BXSYTN",
        "rating": "4.8",
        "totalReviews": "4827",
        "subtitle": "Coppertone",
        "isPrimeEligible": "1"
    },
    {
        "ASIN": "B00J2Q5MSS",
        "title": "A'PIEU Pure Block Daily Sunscreen Cream SPF50/PA++++ 50ml | Korean Sunscreen for Daily Use",
        "price": "$14.95 ($8.85 / Fl Oz)",
        "listPrice": "",
        "imageUrl": "https://m.media-amazon.com/images/I/31h2B7mjv+L._SL160_.jpg",
        "detailPageURL": "https://www.amazon.com/dp/B00J2Q5MSS",
        "rating": "4.4",
        "totalReviews": "3810",
        "subtitle": "A'PIEU",
        "isPrimeEligible": "1"
    },
    {
        "ASIN": "B09GWFF17X",
        "title": "Hawaiian Tropic Everyday Active Lotion Sunscreen SPF 30, 8oz | Hawaiian Tropic Sunscreen SPF 30, Sunblock, Oxybenzone Free Sunscreen, Broad Spectrum Sunscreen Pack SPF 30, 8oz each Twin Pack",
        "price": "$19.74 ($1.23 / Fl Oz)",
        "listPrice": "",
        "imageUrl": "https://m.media-amazon.com/images/I/51zfhk7nNSL._SL160_.jpg",
        "detailPageURL": "https://www.amazon.com/dp/B09GWFF17X",
        "rating": "4.8",
        "totalReviews": "248",
        "subtitle": "Hawaiian Tropic",
        "isPrimeEligible": "1"
    },
    {
        "ASIN": "B004XGPMFA",
        "title": "Sun Bum Original SPF 30 Sunscreen Lotion | Vegan and Hawaii 104 Reef Act Compliant (Octinoxate & Oxybenzone Free) Broad Spectrum Moisturizing UVA/UVB Sunscreen with Vitamin E | 8 oz",
        "price": "$16.49 ($2.06 / Fl Oz)",
        "listPrice": "$18.49 ($2.31 / Fl Oz)",
        "imageUrl": "https://m.media-amazon.com/images/I/31l5NEExKkL._SL160_.jpg",
        "detailPageURL": "https://www.amazon.com/dp/B004XGPMFA",
        "rating": "4.8",
        "totalReviews": "19176",
        "subtitle": "Sun Bum",
        "isPrimeEligible": "1"
    },
    {
        "ASIN": "B00C8FVZZY",
        "title": "EltaMD UV Physical Tinted Face Sunscreen, SPF 41 Tinted Mineral Sunscreen with Zinc Oxide, Water Resistant up to 40 Minutes, Protects Extra Sensitive and Post Procedure Skin, Oil Free, 3.0 oz Tube",
        "price": "$41.00 ($13.67 / Ounce)",
        "listPrice": "",
        "imageUrl": "https://m.media-amazon.com/images/I/31q7HXU-dlL._SL160_.jpg",
        "detailPageURL": "https://www.amazon.com/dp/B00C8FVZZY",
        "rating": "4.6",
        "totalReviews": "13297",
        "subtitle": "",
        "isPrimeEligible": "1"
    },
    {
        "ASIN": "B074WVS78G",
        "title": "Coppertone SPORT Sunscreen Spray SPF 100, Water Resistant, Continuous Spray Sunscreen, Broad Spectrum SPF 100 Sunscreen, 5.5 Oz Spray",
        "price": "$10.38 ($1.89 / Ounce)",
        "listPrice": "",
        "imageUrl": "https://m.media-amazon.com/images/I/41KFGVMBKyL._SL160_.jpg",
        "detailPageURL": "https://www.amazon.com/dp/B074WVS78G",
        "rating": "4.4",
        "totalReviews": "4353",
        "subtitle": "Coppertone",
        "isPrimeEligible": "1"
    },
    {
        "ASIN": "B09MJG6X4W",
        "title": "Eucerin Sun Oil Control SPF 50 Face Sunscreen Lotion with Oil Absorbing Minerals, 2.5 Fl Oz Bottle",
        "price": "$12.82 ($5.13 / Fl Oz)",
        "listPrice": "$13.99 ($5.60 / Fl Oz)",
        "imageUrl": "https://m.media-amazon.com/images/I/31QCPvN4rML._SL160_.jpg",
        "detailPageURL": "https://www.amazon.com/dp/B09MJG6X4W",
        "rating": "4.5",
        "totalReviews": "4157",
        "subtitle": "Eucerin",
        "isPrimeEligible": "1"
    },
    {
        "ASIN": "B00CICLTAI",
        "title": "CeraVe Mineral Sunscreen Stick for Kids & Adults | 100% Mineral Sunscreen, Zinc Oxide & Titanium Dioxide with Hyaluronic Acid and Ceramides | Broad Spectrum SPF 50 | Fragrance Free | 0.47 Ounce",
        "price": "$8.99 ($19.13 / Ounce)",
        "listPrice": "$9.99 ($21.26 / Ounce)",
        "imageUrl": "https://m.media-amazon.com/images/I/41brPxL1qiL._SL160_.jpg",
        "detailPageURL": "https://www.amazon.com/dp/B00CICLTAI",
        "rating": "4.5",
        "totalReviews": "5874",
        "subtitle": "CeraVe",
        "isPrimeEligible": "1"
    },
    {
        "ASIN": "B08JZJK1QL",
        "title": "Supergoop! PLAY SPF 50 Antioxidant Body Mist w/Vitamin C, 6 fl oz - 2 Pack - Broad Spectrum Sunscreen Spray - Clean Ingredients for Sensitive Skin - Great for Active Days",
        "price": "$42.00 ($3.50 / Fl Oz)",
        "listPrice": "",
        "imageUrl": "https://m.media-amazon.com/images/I/31e7akE0kAL._SL160_.jpg",
        "detailPageURL": "https://www.amazon.com/dp/B08JZJK1QL",
        "rating": "4.3",
        "totalReviews": "918",
        "subtitle": "Supergoop!",
        "isPrimeEligible": "1"
    },
    {
        "ASIN": "B078BXSYTN",
        "title": "Coppertone Kids Sunscreen Spray, SPF 50, 5.5 Oz, Pack of 3",
        "price": "$19.49 ($1.18 / Ounce)",
        "listPrice": "$23.99 ($1.45 / Ounce)",
        "imageUrl": "https://m.media-amazon.com/images/I/41+jzq5cwzL._SL160_.jpg",
        "detailPageURL": "https://www.amazon.com/dp/B078BXSYTN",
        "rating": "4.8",
        "totalReviews": "4827",
        "subtitle": "Coppertone",
        "isPrimeEligible": "1"
    },
    {
        "ASIN": "B00J2Q5MSS",
        "title": "A'PIEU Pure Block Daily Sunscreen Cream SPF50/PA++++ 50ml | Korean Sunscreen for Daily Use",
        "price": "$14.95 ($8.85 / Fl Oz)",
        "listPrice": "",
        "imageUrl": "https://m.media-amazon.com/images/I/31h2B7mjv+L._SL160_.jpg",
        "detailPageURL": "https://www.amazon.com/dp/B00J2Q5MSS",
        "rating": "4.4",
        "totalReviews": "3810",
        "subtitle": "A'PIEU",
        "isPrimeEligible": "1"
    },
    {
        "ASIN": "B09GWFF17X",
        "title": "Hawaiian Tropic Everyday Active Lotion Sunscreen SPF 30, 8oz | Hawaiian Tropic Sunscreen SPF 30, Sunblock, Oxybenzone Free Sunscreen, Broad Spectrum Sunscreen Pack SPF 30, 8oz each Twin Pack",
        "price": "$19.74 ($1.23 / Fl Oz)",
        "listPrice": "",
        "imageUrl": "https://m.media-amazon.com/images/I/51zfhk7nNSL._SL160_.jpg",
        "detailPageURL": "https://www.amazon.com/dp/B09GWFF17X",
        "rating": "4.8",
        "totalReviews": "248",
        "subtitle": "Hawaiian Tropic",
        "isPrimeEligible": "1"
    },
    {
        "ASIN": "B004XGPMFA",
        "title": "Sun Bum Original SPF 30 Sunscreen Lotion | Vegan and Hawaii 104 Reef Act Compliant (Octinoxate & Oxybenzone Free) Broad Spectrum Moisturizing UVA/UVB Sunscreen with Vitamin E | 8 oz",
        "price": "$16.49 ($2.06 / Fl Oz)",
        "listPrice": "$18.49 ($2.31 / Fl Oz)",
        "imageUrl": "https://m.media-amazon.com/images/I/31l5NEExKkL._SL160_.jpg",
        "detailPageURL": "https://www.amazon.com/dp/B004XGPMFA",
        "rating": "4.8",
        "totalReviews": "19176",
        "subtitle": "Sun Bum",
        "isPrimeEligible": "1"
    },
    {
        "ASIN": "B00C8FVZZY",
        "title": "EltaMD UV Physical Tinted Face Sunscreen, SPF 41 Tinted Mineral Sunscreen with Zinc Oxide, Water Resistant up to 40 Minutes, Protects Extra Sensitive and Post Procedure Skin, Oil Free, 3.0 oz Tube",
        "price": "$41.00 ($13.67 / Ounce)",
        "listPrice": "",
        "imageUrl": "https://m.media-amazon.com/images/I/31q7HXU-dlL._SL160_.jpg",
        "detailPageURL": "https://www.amazon.com/dp/B00C8FVZZY",
        "rating": "4.6",
        "totalReviews": "13297",
        "subtitle": "",
        "isPrimeEligible": "1"
    },
    {
        "ASIN": "B074WVS78G",
        "title": "Coppertone SPORT Sunscreen Spray SPF 100, Water Resistant, Continuous Spray Sunscreen, Broad Spectrum SPF 100 Sunscreen, 5.5 Oz Spray",
        "price": "$10.38 ($1.89 / Ounce)",
        "listPrice": "",
        "imageUrl": "https://m.media-amazon.com/images/I/41KFGVMBKyL._SL160_.jpg",
        "detailPageURL": "https://www.amazon.com/dp/B074WVS78G",
        "rating": "4.4",
        "totalReviews": "4353",
        "subtitle": "Coppertone",
        "isPrimeEligible": "1"
    },
    {
        "ASIN": "B07SJM8R71",
        "title": "Dr.G green mild up Sun (50ml) SPF50+ PA++++ DR G DRG",
        "price": "$17.80 ($5.27 / Fl Oz)",
        "listPrice": "$25.00 ($7.40 / Fl Oz)",
        "imageUrl": "https://m.media-amazon.com/images/I/31m6DhH7KvL._SL160_.jpg",
        "detailPageURL": "https://www.amazon.com/dp/B07SJM8R71",
        "rating": "4.4",
        "totalReviews": "297",
        "subtitle": "Dr.G",
        "isPrimeEligible": "1"
    },
    {
        "ASIN": "B00CICLTAI",
        "title": "CeraVe Mineral Sunscreen Stick for Kids & Adults | 100% Mineral Sunscreen, Zinc Oxide & Titanium Dioxide with Hyaluronic Acid and Ceramides | Broad Spectrum SPF 50 | Fragrance Free | 0.47 Ounce",
        "price": "$8.99 ($19.13 / Ounce)",
        "listPrice": "$9.99 ($21.26 / Ounce)",
        "imageUrl": "https://m.media-amazon.com/images/I/41brPxL1qiL._SL160_.jpg",
        "detailPageURL": "https://www.amazon.com/dp/B00CICLTAI",
        "rating": "4.5",
        "totalReviews": "5874",
        "subtitle": "CeraVe",
        "isPrimeEligible": "1"
    },
    {
        "ASIN": "B08JZJK1QL",
        "title": "Supergoop! PLAY SPF 50 Antioxidant Body Mist w/Vitamin C, 6 fl oz - 2 Pack - Broad Spectrum Sunscreen Spray - Clean Ingredients for Sensitive Skin - Great for Active Days",
        "price": "$42.00 ($3.50 / Fl Oz)",
        "listPrice": "",
        "imageUrl": "https://m.media-amazon.com/images/I/31e7akE0kAL._SL160_.jpg",
        "detailPageURL": "https://www.amazon.com/dp/B08JZJK1QL",
        "rating": "4.3",
        "totalReviews": "918",
        "subtitle": "Supergoop!",
        "isPrimeEligible": "1"
    },
    {
        "ASIN": "B078BXSYTN",
        "title": "Coppertone Kids Sunscreen Spray, SPF 50, 5.5 Oz, Pack of 3",
        "price": "$19.49 ($1.18 / Ounce)",
        "listPrice": "$23.99 ($1.45 / Ounce)",
        "imageUrl": "https://m.media-amazon.com/images/I/41+jzq5cwzL._SL160_.jpg",
        "detailPageURL": "https://www.amazon.com/dp/B078BXSYTN",
        "rating": "4.8",
        "totalReviews": "4827",
        "subtitle": "Coppertone",
        "isPrimeEligible": "1"
    },
    {
        "ASIN": "B00J2Q5MSS",
        "title": "A'PIEU Pure Block Daily Sunscreen Cream SPF50/PA++++ 50ml | Korean Sunscreen for Daily Use",
        "price": "$14.95 ($8.85 / Fl Oz)",
        "listPrice": "",
        "imageUrl": "https://m.media-amazon.com/images/I/31h2B7mjv+L._SL160_.jpg",
        "detailPageURL": "https://www.amazon.com/dp/B00J2Q5MSS",
        "rating": "4.4",
        "totalReviews": "3810",
        "subtitle": "A'PIEU",
        "isPrimeEligible": "1"
    },
    {
        "ASIN": "B09GWFF17X",
        "title": "Hawaiian Tropic Everyday Active Lotion Sunscreen SPF 30, 8oz | Hawaiian Tropic Sunscreen SPF 30, Sunblock, Oxybenzone Free Sunscreen, Broad Spectrum Sunscreen Pack SPF 30, 8oz each Twin Pack",
        "price": "$19.74 ($1.23 / Fl Oz)",
        "listPrice": "",
        "imageUrl": "https://m.media-amazon.com/images/I/51zfhk7nNSL._SL160_.jpg",
        "detailPageURL": "https://www.amazon.com/dp/B09GWFF17X",
        "rating": "4.8",
        "totalReviews": "248",
        "subtitle": "Hawaiian Tropic",
        "isPrimeEligible": "1"
    },
    {
        "ASIN": "B004XGPMFA",
        "title": "Sun Bum Original SPF 30 Sunscreen Lotion | Vegan and Hawaii 104 Reef Act Compliant (Octinoxate & Oxybenzone Free) Broad Spectrum Moisturizing UVA/UVB Sunscreen with Vitamin E | 8 oz",
        "price": "$16.49 ($2.06 / Fl Oz)",
        "listPrice": "$18.49 ($2.31 / Fl Oz)",
        "imageUrl": "https://m.media-amazon.com/images/I/31l5NEExKkL._SL160_.jpg",
        "detailPageURL": "https://www.amazon.com/dp/B004XGPMFA",
        "rating": "4.8",
        "totalReviews": "19176",
        "subtitle": "Sun Bum",
        "isPrimeEligible": "1"
    },
    {
        "ASIN": "B00C8FVZZY",
        "title": "EltaMD UV Physical Tinted Face Sunscreen, SPF 41 Tinted Mineral Sunscreen with Zinc Oxide, Water Resistant up to 40 Minutes, Protects Extra Sensitive and Post Procedure Skin, Oil Free, 3.0 oz Tube",
        "price": "$41.00 ($13.67 / Ounce)",
        "listPrice": "",
        "imageUrl": "https://m.media-amazon.com/images/I/31q7HXU-dlL._SL160_.jpg",
        "detailPageURL": "https://www.amazon.com/dp/B00C8FVZZY",
        "rating": "4.6",
        "totalReviews": "13297",
        "subtitle": "",
        "isPrimeEligible": "1"
    },
    {
        "ASIN": "B074WVS78G",
        "title": "Coppertone SPORT Sunscreen Spray SPF 100, Water Resistant, Continuous Spray Sunscreen, Broad Spectrum SPF 100 Sunscreen, 5.5 Oz Spray",
        "price": "$10.38 ($1.89 / Ounce)",
        "listPrice": "",
        "imageUrl": "https://m.media-amazon.com/images/I/41KFGVMBKyL._SL160_.jpg",
        "detailPageURL": "https://www.amazon.com/dp/B074WVS78G",
        "rating": "4.4",
        "totalReviews": "4353",
        "subtitle": "Coppertone",
        "isPrimeEligible": "1"
    },
    {
        "ASIN": "B07SJM8R71",
        "title": "Dr.G green mild up Sun (50ml) SPF50+ PA++++ DR G DRG",
        "price": "$17.80 ($5.27 / Fl Oz)",
        "listPrice": "$25.00 ($7.40 / Fl Oz)",
        "imageUrl": "https://m.media-amazon.com/images/I/31m6DhH7KvL._SL160_.jpg",
        "detailPageURL": "https://www.amazon.com/dp/B07SJM8R71",
        "rating": "4.4",
        "totalReviews": "297",
        "subtitle": "Dr.G",
        "isPrimeEligible": "1"
    },
    {
        "ASIN": "B001P92FMG",
        "title": "Neutrogena Sport Face Sunscreen SPF 70+, Oil-Free Facial Sunscreen Lotion with Broad Spectrum UVA/UVB Sun Protection, Sweat-Resistant & Water-Resistant, 2.5 fl. oz",
        "price": "$9.11 ($3.64 / Fl Oz)",
        "listPrice": "$9.59 ($3.84 / Fl Oz)",
        "imageUrl": "https://m.media-amazon.com/images/I/31l5ee8-xtL._SL160_.jpg",
        "detailPageURL": "https://www.amazon.com/dp/B001P92FMG",
        "rating": "4.7",
        "totalReviews": "16304",
        "subtitle": "Neutrogena",
        "isPrimeEligible": "1"
    },
    {
        "ASIN": "B08JZJK1QL",
        "title": "Supergoop! PLAY SPF 50 Antioxidant Body Mist w/Vitamin C, 6 fl oz - 2 Pack - Broad Spectrum Sunscreen Spray - Clean Ingredients for Sensitive Skin - Great for Active Days",
        "price": "$42.00 ($3.50 / Fl Oz)",
        "listPrice": "",
        "imageUrl": "https://m.media-amazon.com/images/I/31e7akE0kAL._SL160_.jpg",
        "detailPageURL": "https://www.amazon.com/dp/B08JZJK1QL",
        "rating": "4.3",
        "totalReviews": "918",
        "subtitle": "Supergoop!",
        "isPrimeEligible": "1"
    },
    {
        "ASIN": "B078BXSYTN",
        "title": "Coppertone Kids Sunscreen Spray, SPF 50, 5.5 Oz, Pack of 3",
        "price": "$19.49 ($1.18 / Ounce)",
        "listPrice": "$23.99 ($1.45 / Ounce)",
        "imageUrl": "https://m.media-amazon.com/images/I/41+jzq5cwzL._SL160_.jpg",
        "detailPageURL": "https://www.amazon.com/dp/B078BXSYTN",
        "rating": "4.8",
        "totalReviews": "4827",
        "subtitle": "Coppertone",
        "isPrimeEligible": "1"
    },
    {
        "ASIN": "B00J2Q5MSS",
        "title": "A'PIEU Pure Block Daily Sunscreen Cream SPF50/PA++++ 50ml | Korean Sunscreen for Daily Use",
        "price": "$14.95 ($8.85 / Fl Oz)",
        "listPrice": "",
        "imageUrl": "https://m.media-amazon.com/images/I/31h2B7mjv+L._SL160_.jpg",
        "detailPageURL": "https://www.amazon.com/dp/B00J2Q5MSS",
        "rating": "4.4",
        "totalReviews": "3810",
        "subtitle": "A'PIEU",
        "isPrimeEligible": "1"
    },
    {
        "ASIN": "B09GWFF17X",
        "title": "Hawaiian Tropic Everyday Active Lotion Sunscreen SPF 30, 8oz | Hawaiian Tropic Sunscreen SPF 30, Sunblock, Oxybenzone Free Sunscreen, Broad Spectrum Sunscreen Pack SPF 30, 8oz each Twin Pack",
        "price": "$19.74 ($1.23 / Fl Oz)",
        "listPrice": "",
        "imageUrl": "https://m.media-amazon.com/images/I/51zfhk7nNSL._SL160_.jpg",
        "detailPageURL": "https://www.amazon.com/dp/B09GWFF17X",
        "rating": "4.8",
        "totalReviews": "248",
        "subtitle": "Hawaiian Tropic",
        "isPrimeEligible": "1"
    },
    {
        "ASIN": "B004XGPMFA",
        "title": "Sun Bum Original SPF 30 Sunscreen Lotion | Vegan and Hawaii 104 Reef Act Compliant (Octinoxate & Oxybenzone Free) Broad Spectrum Moisturizing UVA/UVB Sunscreen with Vitamin E | 8 oz",
        "price": "$16.49 ($2.06 / Fl Oz)",
        "listPrice": "$18.49 ($2.31 / Fl Oz)",
        "imageUrl": "https://m.media-amazon.com/images/I/31l5NEExKkL._SL160_.jpg",
        "detailPageURL": "https://www.amazon.com/dp/B004XGPMFA",
        "rating": "4.8",
        "totalReviews": "19176",
        "subtitle": "Sun Bum",
        "isPrimeEligible": "1"
    },
    {
        "ASIN": "B00C8FVZZY",
        "title": "EltaMD UV Physical Tinted Face Sunscreen, SPF 41 Tinted Mineral Sunscreen with Zinc Oxide, Water Resistant up to 40 Minutes, Protects Extra Sensitive and Post Procedure Skin, Oil Free, 3.0 oz Tube",
        "price": "$41.00 ($13.67 / Ounce)",
        "listPrice": "",
        "imageUrl": "https://m.media-amazon.com/images/I/31q7HXU-dlL._SL160_.jpg",
        "detailPageURL": "https://www.amazon.com/dp/B00C8FVZZY",
        "rating": "4.6",
        "totalReviews": "13297",
        "subtitle": "",
        "isPrimeEligible": "1"
    },
    {
        "ASIN": "B074WVS78G",
        "title": "Coppertone SPORT Sunscreen Spray SPF 100, Water Resistant, Continuous Spray Sunscreen, Broad Spectrum SPF 100 Sunscreen, 5.5 Oz Spray",
        "price": "$10.38 ($1.89 / Ounce)",
        "listPrice": "",
        "imageUrl": "https://m.media-amazon.com/images/I/41KFGVMBKyL._SL160_.jpg",
        "detailPageURL": "https://www.amazon.com/dp/B074WVS78G",
        "rating": "4.4",
        "totalReviews": "4353",
        "subtitle": "Coppertone",
        "isPrimeEligible": "1"
    },
    {
        "ASIN": "B07SJM8R71",
        "title": "Dr.G green mild up Sun (50ml) SPF50+ PA++++ DR G DRG",
        "price": "$17.80 ($5.27 / Fl Oz)",
        "listPrice": "$25.00 ($7.40 / Fl Oz)",
        "imageUrl": "https://m.media-amazon.com/images/I/31m6DhH7KvL._SL160_.jpg",
        "detailPageURL": "https://www.amazon.com/dp/B07SJM8R71",
        "rating": "4.4",
        "totalReviews": "297",
        "subtitle": "Dr.G",
        "isPrimeEligible": "1"
    },
    {
        "ASIN": "B001P92FMG",
        "title": "Neutrogena Sport Face Sunscreen SPF 70+, Oil-Free Facial Sunscreen Lotion with Broad Spectrum UVA/UVB Sun Protection, Sweat-Resistant & Water-Resistant, 2.5 fl. oz",
        "price": "$9.11 ($3.64 / Fl Oz)",
        "listPrice": "$9.59 ($3.84 / Fl Oz)",
        "imageUrl": "https://m.media-amazon.com/images/I/31l5ee8-xtL._SL160_.jpg",
        "detailPageURL": "https://www.amazon.com/dp/B001P92FMG",
        "rating": "4.7",
        "totalReviews": "16304",
        "subtitle": "Neutrogena",
        "isPrimeEligible": "1"
    },
    {
        "ASIN": "B07NVV7557",
        "title": "BLUE LIZARD Active Mineral Sunscreen with Zinc Oxide/SPF 30+, Unscented, 8.75 Fl Oz",
        "price": "$20.04 ($2.43 / Fl Oz)",
        "listPrice": "$27.45 ($3.33 / Fl Oz)",
        "imageUrl": "https://m.media-amazon.com/images/I/41WqMYOxMNL._SL160_.jpg",
        "detailPageURL": "https://www.amazon.com/dp/B07NVV7557",
        "rating": "4.7",
        "totalReviews": "1728",
        "subtitle": "BLUE LIZARD",
        "isPrimeEligible": "1"
    },
    {
        "ASIN": "B078BXSYTN",
        "title": "Coppertone Kids Sunscreen Spray, SPF 50, 5.5 Oz, Pack of 3",
        "price": "$19.49 ($1.18 / Ounce)",
        "listPrice": "$23.99 ($1.45 / Ounce)",
        "imageUrl": "https://m.media-amazon.com/images/I/41+jzq5cwzL._SL160_.jpg",
        "detailPageURL": "https://www.amazon.com/dp/B078BXSYTN",
        "rating": "4.8",
        "totalReviews": "4827",
        "subtitle": "Coppertone",
        "isPrimeEligible": "1"
    },
    {
        "ASIN": "B00J2Q5MSS",
        "title": "A'PIEU Pure Block Daily Sunscreen Cream SPF50/PA++++ 50ml | Korean Sunscreen for Daily Use",
        "price": "$14.95 ($8.85 / Fl Oz)",
        "listPrice": "",
        "imageUrl": "https://m.media-amazon.com/images/I/31h2B7mjv+L._SL160_.jpg",
        "detailPageURL": "https://www.amazon.com/dp/B00J2Q5MSS",
        "rating": "4.4",
        "totalReviews": "3810",
        "subtitle": "A'PIEU",
        "isPrimeEligible": "1"
    },
    {
        "ASIN": "B09GWFF17X",
        "title": "Hawaiian Tropic Everyday Active Lotion Sunscreen SPF 30, 8oz | Hawaiian Tropic Sunscreen SPF 30, Sunblock, Oxybenzone Free Sunscreen, Broad Spectrum Sunscreen Pack SPF 30, 8oz each Twin Pack",
        "price": "$19.74 ($1.23 / Fl Oz)",
        "listPrice": "",
        "imageUrl": "https://m.media-amazon.com/images/I/51zfhk7nNSL._SL160_.jpg",
        "detailPageURL": "https://www.amazon.com/dp/B09GWFF17X",
        "rating": "4.8",
        "totalReviews": "248",
        "subtitle": "Hawaiian Tropic",
        "isPrimeEligible": "1"
    },
    {
        "ASIN": "B004XGPMFA",
        "title": "Sun Bum Original SPF 30 Sunscreen Lotion | Vegan and Hawaii 104 Reef Act Compliant (Octinoxate & Oxybenzone Free) Broad Spectrum Moisturizing UVA/UVB Sunscreen with Vitamin E | 8 oz",
        "price": "$16.49 ($2.06 / Fl Oz)",
        "listPrice": "$18.49 ($2.31 / Fl Oz)",
        "imageUrl": "https://m.media-amazon.com/images/I/31l5NEExKkL._SL160_.jpg",
        "detailPageURL": "https://www.amazon.com/dp/B004XGPMFA",
        "rating": "4.8",
        "totalReviews": "19176",
        "subtitle": "Sun Bum",
        "isPrimeEligible": "1"
    },
    {
        "ASIN": "B00C8FVZZY",
        "title": "EltaMD UV Physical Tinted Face Sunscreen, SPF 41 Tinted Mineral Sunscreen with Zinc Oxide, Water Resistant up to 40 Minutes, Protects Extra Sensitive and Post Procedure Skin, Oil Free, 3.0 oz Tube",
        "price": "$41.00 ($13.67 / Ounce)",
        "listPrice": "",
        "imageUrl": "https://m.media-amazon.com/images/I/31q7HXU-dlL._SL160_.jpg",
        "detailPageURL": "https://www.amazon.com/dp/B00C8FVZZY",
        "rating": "4.6",
        "totalReviews": "13297",
        "subtitle": "",
        "isPrimeEligible": "1"
    },
    {
        "ASIN": "B074WVS78G",
        "title": "Coppertone SPORT Sunscreen Spray SPF 100, Water Resistant, Continuous Spray Sunscreen, Broad Spectrum SPF 100 Sunscreen, 5.5 Oz Spray",
        "price": "$10.38 ($1.89 / Ounce)",
        "listPrice": "",
        "imageUrl": "https://m.media-amazon.com/images/I/41KFGVMBKyL._SL160_.jpg",
        "detailPageURL": "https://www.amazon.com/dp/B074WVS78G",
        "rating": "4.4",
        "totalReviews": "4353",
        "subtitle": "Coppertone",
        "isPrimeEligible": "1"
    },
    {
        "ASIN": "B07SJM8R71",
        "title": "Dr.G green mild up Sun (50ml) SPF50+ PA++++ DR G DRG",
        "price": "$17.80 ($5.27 / Fl Oz)",
        "listPrice": "$25.00 ($7.40 / Fl Oz)",
        "imageUrl": "https://m.media-amazon.com/images/I/31m6DhH7KvL._SL160_.jpg",
        "detailPageURL": "https://www.amazon.com/dp/B07SJM8R71",
        "rating": "4.4",
        "totalReviews": "297",
        "subtitle": "Dr.G",
        "isPrimeEligible": "1"
    },
    {
        "ASIN": "B001P92FMG",
        "title": "Neutrogena Sport Face Sunscreen SPF 70+, Oil-Free Facial Sunscreen Lotion with Broad Spectrum UVA/UVB Sun Protection, Sweat-Resistant & Water-Resistant, 2.5 fl. oz",
        "price": "$9.11 ($3.64 / Fl Oz)",
        "listPrice": "$9.59 ($3.84 / Fl Oz)",
        "imageUrl": "https://m.media-amazon.com/images/I/31l5ee8-xtL._SL160_.jpg",
        "detailPageURL": "https://www.amazon.com/dp/B001P92FMG",
        "rating": "4.7",
        "totalReviews": "16304",
        "subtitle": "Neutrogena",
        "isPrimeEligible": "1"
    },
    {
        "ASIN": "B07NVV7557",
        "title": "BLUE LIZARD Active Mineral Sunscreen with Zinc Oxide/SPF 30+, Unscented, 8.75 Fl Oz",
        "price": "$20.04 ($2.43 / Fl Oz)",
        "listPrice": "$27.45 ($3.33 / Fl Oz)",
        "imageUrl": "https://m.media-amazon.com/images/I/41WqMYOxMNL._SL160_.jpg",
        "detailPageURL": "https://www.amazon.com/dp/B07NVV7557",
        "rating": "4.7",
        "totalReviews": "1728",
        "subtitle": "BLUE LIZARD",
        "isPrimeEligible": "1"
    },
    {
        "ASIN": "B0C9LKBDGH",
        "title": "Aveeno Calm + Restore Daily Moisturizer Mineral Sunscreen with Broad Spectrum SPF 30, Lightweight All Day Moisture + UVA/UVB Sun Protection for Sensitive Skin, Fragrance Free, 1.7 fl. Oz",
        "price": "$19.67 ($11.57 / Fl Oz)",
        "listPrice": "",
        "imageUrl": "https://m.media-amazon.com/images/I/417RjeTjcAL._SL160_.jpg",
        "detailPageURL": "https://www.amazon.com/dp/B0C9LKBDGH",
        "rating": "4.0",
        "totalReviews": "22",
        "subtitle": "Aveeno",
        "isPrimeEligible": "1"
    },
    {
        "ASIN": "B00J2Q5MSS",
        "title": "A'PIEU Pure Block Daily Sunscreen Cream SPF50/PA++++ 50ml | Korean Sunscreen for Daily Use",
        "price": "$14.95 ($8.85 / Fl Oz)",
        "listPrice": "",
        "imageUrl": "https://m.media-amazon.com/images/I/31h2B7mjv+L._SL160_.jpg",
        "detailPageURL": "https://www.amazon.com/dp/B00J2Q5MSS",
        "rating": "4.4",
        "totalReviews": "3810",
        "subtitle": "A'PIEU",
        "isPrimeEligible": "1"
    },
    {
        "ASIN": "B09GWFF17X",
        "title": "Hawaiian Tropic Everyday Active Lotion Sunscreen SPF 30, 8oz | Hawaiian Tropic Sunscreen SPF 30, Sunblock, Oxybenzone Free Sunscreen, Broad Spectrum Sunscreen Pack SPF 30, 8oz each Twin Pack",
        "price": "$19.74 ($1.23 / Fl Oz)",
        "listPrice": "",
        "imageUrl": "https://m.media-amazon.com/images/I/51zfhk7nNSL._SL160_.jpg",
        "detailPageURL": "https://www.amazon.com/dp/B09GWFF17X",
        "rating": "4.8",
        "totalReviews": "248",
        "subtitle": "Hawaiian Tropic",
        "isPrimeEligible": "1"
    },
    {
        "ASIN": "B004XGPMFA",
        "title": "Sun Bum Original SPF 30 Sunscreen Lotion | Vegan and Hawaii 104 Reef Act Compliant (Octinoxate & Oxybenzone Free) Broad Spectrum Moisturizing UVA/UVB Sunscreen with Vitamin E | 8 oz",
        "price": "$16.49 ($2.06 / Fl Oz)",
        "listPrice": "$18.49 ($2.31 / Fl Oz)",
        "imageUrl": "https://m.media-amazon.com/images/I/31l5NEExKkL._SL160_.jpg",
        "detailPageURL": "https://www.amazon.com/dp/B004XGPMFA",
        "rating": "4.8",
        "totalReviews": "19176",
        "subtitle": "Sun Bum",
        "isPrimeEligible": "1"
    },
    {
        "ASIN": "B00C8FVZZY",
        "title": "EltaMD UV Physical Tinted Face Sunscreen, SPF 41 Tinted Mineral Sunscreen with Zinc Oxide, Water Resistant up to 40 Minutes, Protects Extra Sensitive and Post Procedure Skin, Oil Free, 3.0 oz Tube",
        "price": "$41.00 ($13.67 / Ounce)",
        "listPrice": "",
        "imageUrl": "https://m.media-amazon.com/images/I/31q7HXU-dlL._SL160_.jpg",
        "detailPageURL": "https://www.amazon.com/dp/B00C8FVZZY",
        "rating": "4.6",
        "totalReviews": "13297",
        "subtitle": "",
        "isPrimeEligible": "1"
    },
    {
        "ASIN": "B074WVS78G",
        "title": "Coppertone SPORT Sunscreen Spray SPF 100, Water Resistant, Continuous Spray Sunscreen, Broad Spectrum SPF 100 Sunscreen, 5.5 Oz Spray",
        "price": "$10.38 ($1.89 / Ounce)",
        "listPrice": "",
        "imageUrl": "https://m.media-amazon.com/images/I/41KFGVMBKyL._SL160_.jpg",
        "detailPageURL": "https://www.amazon.com/dp/B074WVS78G",
        "rating": "4.4",
        "totalReviews": "4353",
        "subtitle": "Coppertone",
        "isPrimeEligible": "1"
    },
    {
        "ASIN": "B07SJM8R71",
        "title": "Dr.G green mild up Sun (50ml) SPF50+ PA++++ DR G DRG",
        "price": "$17.80 ($5.27 / Fl Oz)",
        "listPrice": "$25.00 ($7.40 / Fl Oz)",
        "imageUrl": "https://m.media-amazon.com/images/I/31m6DhH7KvL._SL160_.jpg",
        "detailPageURL": "https://www.amazon.com/dp/B07SJM8R71",
        "rating": "4.4",
        "totalReviews": "297",
        "subtitle": "Dr.G",
        "isPrimeEligible": "1"
    },
    {
        "ASIN": "B001P92FMG",
        "title": "Neutrogena Sport Face Sunscreen SPF 70+, Oil-Free Facial Sunscreen Lotion with Broad Spectrum UVA/UVB Sun Protection, Sweat-Resistant & Water-Resistant, 2.5 fl. oz",
        "price": "$9.11 ($3.64 / Fl Oz)",
        "listPrice": "$9.59 ($3.84 / Fl Oz)",
        "imageUrl": "https://m.media-amazon.com/images/I/31l5ee8-xtL._SL160_.jpg",
        "detailPageURL": "https://www.amazon.com/dp/B001P92FMG",
        "rating": "4.7",
        "totalReviews": "16304",
        "subtitle": "Neutrogena",
        "isPrimeEligible": "1"
    },
    {
        "ASIN": "B07NVV7557",
        "title": "BLUE LIZARD Active Mineral Sunscreen with Zinc Oxide/SPF 30+, Unscented, 8.75 Fl Oz",
        "price": "$20.04 ($2.43 / Fl Oz)",
        "listPrice": "$27.45 ($3.33 / Fl Oz)",
        "imageUrl": "https://m.media-amazon.com/images/I/41WqMYOxMNL._SL160_.jpg",
        "detailPageURL": "https://www.amazon.com/dp/B07NVV7557",
        "rating": "4.7",
        "totalReviews": "1728",
        "subtitle": "BLUE LIZARD",
        "isPrimeEligible": "1"
    },
    {
        "ASIN": "B0C9LKBDGH",
        "title": "Aveeno Calm + Restore Daily Moisturizer Mineral Sunscreen with Broad Spectrum SPF 30, Lightweight All Day Moisture + UVA/UVB Sun Protection for Sensitive Skin, Fragrance Free, 1.7 fl. Oz",
        "price": "$19.67 ($11.57 / Fl Oz)",
        "listPrice": "",
        "imageUrl": "https://m.media-amazon.com/images/I/417RjeTjcAL._SL160_.jpg",
        "detailPageURL": "https://www.amazon.com/dp/B0C9LKBDGH",
        "rating": "4.0",
        "totalReviews": "22",
        "subtitle": "Aveeno",
        "isPrimeEligible": "1"
    },
    {
        "ASIN": "B0CBK5NTP2",
        "title": "Relief Sun Sunscreen Korean Sunscreen, Sunscreen SPF50+ PA+++, Korean Rice Organic Sunscreen Skin Care Solution, Nourishing Skin Protection and UV Defense (1Pcs) (1)",
        "price": "$14.99 ($8.87 / Fl Oz)",
        "listPrice": "",
        "imageUrl": "https://m.media-amazon.com/images/I/313Fy3crzQL._SL160_.jpg",
        "detailPageURL": "https://www.amazon.com/dp/B0CBK5NTP2",
        "rating": "3.0",
        "totalReviews": "22",
        "subtitle": "ProCover",
        "isPrimeEligible": "1"
    },
    {
        "ASIN": "B09GWFF17X",
        "title": "Hawaiian Tropic Everyday Active Lotion Sunscreen SPF 30, 8oz | Hawaiian Tropic Sunscreen SPF 30, Sunblock, Oxybenzone Free Sunscreen, Broad Spectrum Sunscreen Pack SPF 30, 8oz each Twin Pack",
        "price": "$19.74 ($1.23 / Fl Oz)",
        "listPrice": "",
        "imageUrl": "https://m.media-amazon.com/images/I/51zfhk7nNSL._SL160_.jpg",
        "detailPageURL": "https://www.amazon.com/dp/B09GWFF17X",
        "rating": "4.8",
        "totalReviews": "248",
        "subtitle": "Hawaiian Tropic",
        "isPrimeEligible": "1"
    },
    {
        "ASIN": "B004XGPMFA",
        "title": "Sun Bum Original SPF 30 Sunscreen Lotion | Vegan and Hawaii 104 Reef Act Compliant (Octinoxate & Oxybenzone Free) Broad Spectrum Moisturizing UVA/UVB Sunscreen with Vitamin E | 8 oz",
        "price": "$16.49 ($2.06 / Fl Oz)",
        "listPrice": "$18.49 ($2.31 / Fl Oz)",
        "imageUrl": "https://m.media-amazon.com/images/I/31l5NEExKkL._SL160_.jpg",
        "detailPageURL": "https://www.amazon.com/dp/B004XGPMFA",
        "rating": "4.8",
        "totalReviews": "19176",
        "subtitle": "Sun Bum",
        "isPrimeEligible": "1"
    },
    {
        "ASIN": "B00C8FVZZY",
        "title": "EltaMD UV Physical Tinted Face Sunscreen, SPF 41 Tinted Mineral Sunscreen with Zinc Oxide, Water Resistant up to 40 Minutes, Protects Extra Sensitive and Post Procedure Skin, Oil Free, 3.0 oz Tube",
        "price": "$41.00 ($13.67 / Ounce)",
        "listPrice": "",
        "imageUrl": "https://m.media-amazon.com/images/I/31q7HXU-dlL._SL160_.jpg",
        "detailPageURL": "https://www.amazon.com/dp/B00C8FVZZY",
        "rating": "4.6",
        "totalReviews": "13297",
        "subtitle": "",
        "isPrimeEligible": "1"
    },
    {
        "ASIN": "B074WVS78G",
        "title": "Coppertone SPORT Sunscreen Spray SPF 100, Water Resistant, Continuous Spray Sunscreen, Broad Spectrum SPF 100 Sunscreen, 5.5 Oz Spray",
        "price": "$10.38 ($1.89 / Ounce)",
        "listPrice": "",
        "imageUrl": "https://m.media-amazon.com/images/I/41KFGVMBKyL._SL160_.jpg",
        "detailPageURL": "https://www.amazon.com/dp/B074WVS78G",
        "rating": "4.4",
        "totalReviews": "4353",
        "subtitle": "Coppertone",
        "isPrimeEligible": "1"
    },
    {
        "ASIN": "B07SJM8R71",
        "title": "Dr.G green mild up Sun (50ml) SPF50+ PA++++ DR G DRG",
        "price": "$17.80 ($5.27 / Fl Oz)",
        "listPrice": "$25.00 ($7.40 / Fl Oz)",
        "imageUrl": "https://m.media-amazon.com/images/I/31m6DhH7KvL._SL160_.jpg",
        "detailPageURL": "https://www.amazon.com/dp/B07SJM8R71",
        "rating": "4.4",
        "totalReviews": "297",
        "subtitle": "Dr.G",
        "isPrimeEligible": "1"
    },
    {
        "ASIN": "B001P92FMG",
        "title": "Neutrogena Sport Face Sunscreen SPF 70+, Oil-Free Facial Sunscreen Lotion with Broad Spectrum UVA/UVB Sun Protection, Sweat-Resistant & Water-Resistant, 2.5 fl. oz",
        "price": "$9.11 ($3.64 / Fl Oz)",
        "listPrice": "$9.59 ($3.84 / Fl Oz)",
        "imageUrl": "https://m.media-amazon.com/images/I/31l5ee8-xtL._SL160_.jpg",
        "detailPageURL": "https://www.amazon.com/dp/B001P92FMG",
        "rating": "4.7",
        "totalReviews": "16304",
        "subtitle": "Neutrogena",
        "isPrimeEligible": "1"
    },
    {
        "ASIN": "B07NVV7557",
        "title": "BLUE LIZARD Active Mineral Sunscreen with Zinc Oxide/SPF 30+, Unscented, 8.75 Fl Oz",
        "price": "$20.04 ($2.43 / Fl Oz)",
        "listPrice": "$27.45 ($3.33 / Fl Oz)",
        "imageUrl": "https://m.media-amazon.com/images/I/41WqMYOxMNL._SL160_.jpg",
        "detailPageURL": "https://www.amazon.com/dp/B07NVV7557",
        "rating": "4.7",
        "totalReviews": "1728",
        "subtitle": "BLUE LIZARD",
        "isPrimeEligible": "1"
    },
    {
        "ASIN": "B0C9LKBDGH",
        "title": "Aveeno Calm + Restore Daily Moisturizer Mineral Sunscreen with Broad Spectrum SPF 30, Lightweight All Day Moisture + UVA/UVB Sun Protection for Sensitive Skin, Fragrance Free, 1.7 fl. Oz",
        "price": "$19.67 ($11.57 / Fl Oz)",
        "listPrice": "",
        "imageUrl": "https://m.media-amazon.com/images/I/417RjeTjcAL._SL160_.jpg",
        "detailPageURL": "https://www.amazon.com/dp/B0C9LKBDGH",
        "rating": "4.0",
        "totalReviews": "22",
        "subtitle": "Aveeno",
        "isPrimeEligible": "1"
    },
    {
        "ASIN": "B0CBK5NTP2",
        "title": "Relief Sun Sunscreen Korean Sunscreen, Sunscreen SPF50+ PA+++, Korean Rice Organic Sunscreen Skin Care Solution, Nourishing Skin Protection and UV Defense (1Pcs) (1)",
        "price": "$14.99 ($8.87 / Fl Oz)",
        "listPrice": "",
        "imageUrl": "https://m.media-amazon.com/images/I/313Fy3crzQL._SL160_.jpg",
        "detailPageURL": "https://www.amazon.com/dp/B0CBK5NTP2",
        "rating": "3.0",
        "totalReviews": "22",
        "subtitle": "ProCover",
        "isPrimeEligible": "1"
    },
    {
        "ASIN": "B00J5KDCO2",
        "title": "EltaMD UV Daily Tinted Sunscreen with Zinc Oxide, SPF 40 Face Sunscreen Moisturizer, Helps Hydrate Skin and Decrease Wrinkles, Lightweight Face Sunscreen, Absorbs Into Skin Quickly, 1.7 oz Pump",
        "price": "$38.00 ($22.35 / Ounce)",
        "listPrice": "",
        "imageUrl": "https://m.media-amazon.com/images/I/41nKvHqSZBL._SL160_.jpg",
        "detailPageURL": "https://www.amazon.com/dp/B00J5KDCO2",
        "rating": "4.6",
        "totalReviews": "19383",
        "subtitle": "",
        "isPrimeEligible": "1"
    },
    {
        "ASIN": "B004XGPMFA",
        "title": "Sun Bum Original SPF 30 Sunscreen Lotion | Vegan and Hawaii 104 Reef Act Compliant (Octinoxate & Oxybenzone Free) Broad Spectrum Moisturizing UVA/UVB Sunscreen with Vitamin E | 8 oz",
        "price": "$16.49 ($2.06 / Fl Oz)",
        "listPrice": "$18.49 ($2.31 / Fl Oz)",
        "imageUrl": "https://m.media-amazon.com/images/I/31l5NEExKkL._SL160_.jpg",
        "detailPageURL": "https://www.amazon.com/dp/B004XGPMFA",
        "rating": "4.8",
        "totalReviews": "19176",
        "subtitle": "Sun Bum",
        "isPrimeEligible": "1"
    },
    {
        "ASIN": "B00C8FVZZY",
        "title": "EltaMD UV Physical Tinted Face Sunscreen, SPF 41 Tinted Mineral Sunscreen with Zinc Oxide, Water Resistant up to 40 Minutes, Protects Extra Sensitive and Post Procedure Skin, Oil Free, 3.0 oz Tube",
        "price": "$41.00 ($13.67 / Ounce)",
        "listPrice": "",
        "imageUrl": "https://m.media-amazon.com/images/I/31q7HXU-dlL._SL160_.jpg",
        "detailPageURL": "https://www.amazon.com/dp/B00C8FVZZY",
        "rating": "4.6",
        "totalReviews": "13297",
        "subtitle": "",
        "isPrimeEligible": "1"
    },
    {
        "ASIN": "B074WVS78G",
        "title": "Coppertone SPORT Sunscreen Spray SPF 100, Water Resistant, Continuous Spray Sunscreen, Broad Spectrum SPF 100 Sunscreen, 5.5 Oz Spray",
        "price": "$10.38 ($1.89 / Ounce)",
        "listPrice": "",
        "imageUrl": "https://m.media-amazon.com/images/I/41KFGVMBKyL._SL160_.jpg",
        "detailPageURL": "https://www.amazon.com/dp/B074WVS78G",
        "rating": "4.4",
        "totalReviews": "4353",
        "subtitle": "Coppertone",
        "isPrimeEligible": "1"
    },
    {
        "ASIN": "B07SJM8R71",
        "title": "Dr.G green mild up Sun (50ml) SPF50+ PA++++ DR G DRG",
        "price": "$17.80 ($5.27 / Fl Oz)",
        "listPrice": "$25.00 ($7.40 / Fl Oz)",
        "imageUrl": "https://m.media-amazon.com/images/I/31m6DhH7KvL._SL160_.jpg",
        "detailPageURL": "https://www.amazon.com/dp/B07SJM8R71",
        "rating": "4.4",
        "totalReviews": "297",
        "subtitle": "Dr.G",
        "isPrimeEligible": "1"
    },
    {
        "ASIN": "B001P92FMG",
        "title": "Neutrogena Sport Face Sunscreen SPF 70+, Oil-Free Facial Sunscreen Lotion with Broad Spectrum UVA/UVB Sun Protection, Sweat-Resistant & Water-Resistant, 2.5 fl. oz",
        "price": "$9.11 ($3.64 / Fl Oz)",
        "listPrice": "$9.59 ($3.84 / Fl Oz)",
        "imageUrl": "https://m.media-amazon.com/images/I/31l5ee8-xtL._SL160_.jpg",
        "detailPageURL": "https://www.amazon.com/dp/B001P92FMG",
        "rating": "4.7",
        "totalReviews": "16304",
        "subtitle": "Neutrogena",
        "isPrimeEligible": "1"
    },
    {
        "ASIN": "B07NVV7557",
        "title": "BLUE LIZARD Active Mineral Sunscreen with Zinc Oxide/SPF 30+, Unscented, 8.75 Fl Oz",
        "price": "$20.04 ($2.43 / Fl Oz)",
        "listPrice": "$27.45 ($3.33 / Fl Oz)",
        "imageUrl": "https://m.media-amazon.com/images/I/41WqMYOxMNL._SL160_.jpg",
        "detailPageURL": "https://www.amazon.com/dp/B07NVV7557",
        "rating": "4.7",
        "totalReviews": "1728",
        "subtitle": "BLUE LIZARD",
        "isPrimeEligible": "1"
    },
    {
        "ASIN": "B0C9LKBDGH",
        "title": "Aveeno Calm + Restore Daily Moisturizer Mineral Sunscreen with Broad Spectrum SPF 30, Lightweight All Day Moisture + UVA/UVB Sun Protection for Sensitive Skin, Fragrance Free, 1.7 fl. Oz",
        "price": "$19.67 ($11.57 / Fl Oz)",
        "listPrice": "",
        "imageUrl": "https://m.media-amazon.com/images/I/417RjeTjcAL._SL160_.jpg",
        "detailPageURL": "https://www.amazon.com/dp/B0C9LKBDGH",
        "rating": "4.0",
        "totalReviews": "22",
        "subtitle": "Aveeno",
        "isPrimeEligible": "1"
    },
    {
        "ASIN": "B0CBK5NTP2",
        "title": "Relief Sun Sunscreen Korean Sunscreen, Sunscreen SPF50+ PA+++, Korean Rice Organic Sunscreen Skin Care Solution, Nourishing Skin Protection and UV Defense (1Pcs) (1)",
        "price": "$14.99 ($8.87 / Fl Oz)",
        "listPrice": "",
        "imageUrl": "https://m.media-amazon.com/images/I/313Fy3crzQL._SL160_.jpg",
        "detailPageURL": "https://www.amazon.com/dp/B0CBK5NTP2",
        "rating": "3.0",
        "totalReviews": "22",
        "subtitle": "ProCover",
        "isPrimeEligible": "1"
    },
    {
        "ASIN": "B00J5KDCO2",
        "title": "EltaMD UV Daily Tinted Sunscreen with Zinc Oxide, SPF 40 Face Sunscreen Moisturizer, Helps Hydrate Skin and Decrease Wrinkles, Lightweight Face Sunscreen, Absorbs Into Skin Quickly, 1.7 oz Pump",
        "price": "$38.00 ($22.35 / Ounce)",
        "listPrice": "",
        "imageUrl": "https://m.media-amazon.com/images/I/41nKvHqSZBL._SL160_.jpg",
        "detailPageURL": "https://www.amazon.com/dp/B00J5KDCO2",
        "rating": "4.6",
        "totalReviews": "19383",
        "subtitle": "",
        "isPrimeEligible": "1"
    },
    {
        "ASIN": "B08Q33Q8BK",
        "title": "Banana Boat Light As Air, Broad Spectrum Sunscreen Spray 6oz. SPF 50 , 2 Count (Pack of 1)",
        "price": "$13.99 ($1.17 / Ounce)",
        "listPrice": "$28.98 ($2.42 / Ounce)",
        "imageUrl": "https://m.media-amazon.com/images/I/51eVN9wQB4L._SL160_.jpg",
        "detailPageURL": "https://www.amazon.com/dp/B08Q33Q8BK",
        "rating": "4.7",
        "totalReviews": "870",
        "subtitle": "Banana Boat",
        "isPrimeEligible": "1"
    },
    {
        "ASIN": "B00C8FVZZY",
        "title": "EltaMD UV Physical Tinted Face Sunscreen, SPF 41 Tinted Mineral Sunscreen with Zinc Oxide, Water Resistant up to 40 Minutes, Protects Extra Sensitive and Post Procedure Skin, Oil Free, 3.0 oz Tube",
        "price": "$41.00 ($13.67 / Ounce)",
        "listPrice": "",
        "imageUrl": "https://m.media-amazon.com/images/I/31q7HXU-dlL._SL160_.jpg",
        "detailPageURL": "https://www.amazon.com/dp/B00C8FVZZY",
        "rating": "4.6",
        "totalReviews": "13297",
        "subtitle": "",
        "isPrimeEligible": "1"
    },
    {
        "ASIN": "B074WVS78G",
        "title": "Coppertone SPORT Sunscreen Spray SPF 100, Water Resistant, Continuous Spray Sunscreen, Broad Spectrum SPF 100 Sunscreen, 5.5 Oz Spray",
        "price": "$10.38 ($1.89 / Ounce)",
        "listPrice": "",
        "imageUrl": "https://m.media-amazon.com/images/I/41KFGVMBKyL._SL160_.jpg",
        "detailPageURL": "https://www.amazon.com/dp/B074WVS78G",
        "rating": "4.4",
        "totalReviews": "4353",
        "subtitle": "Coppertone",
        "isPrimeEligible": "1"
    },
    {
        "ASIN": "B07SJM8R71",
        "title": "Dr.G green mild up Sun (50ml) SPF50+ PA++++ DR G DRG",
        "price": "$17.80 ($5.27 / Fl Oz)",
        "listPrice": "$25.00 ($7.40 / Fl Oz)",
        "imageUrl": "https://m.media-amazon.com/images/I/31m6DhH7KvL._SL160_.jpg",
        "detailPageURL": "https://www.amazon.com/dp/B07SJM8R71",
        "rating": "4.4",
        "totalReviews": "297",
        "subtitle": "Dr.G",
        "isPrimeEligible": "1"
    },
    {
        "ASIN": "B001P92FMG",
        "title": "Neutrogena Sport Face Sunscreen SPF 70+, Oil-Free Facial Sunscreen Lotion with Broad Spectrum UVA/UVB Sun Protection, Sweat-Resistant & Water-Resistant, 2.5 fl. oz",
        "price": "$9.11 ($3.64 / Fl Oz)",
        "listPrice": "$9.59 ($3.84 / Fl Oz)",
        "imageUrl": "https://m.media-amazon.com/images/I/31l5ee8-xtL._SL160_.jpg",
        "detailPageURL": "https://www.amazon.com/dp/B001P92FMG",
        "rating": "4.7",
        "totalReviews": "16304",
        "subtitle": "Neutrogena",
        "isPrimeEligible": "1"
    },
    {
        "ASIN": "B07NVV7557",
        "title": "BLUE LIZARD Active Mineral Sunscreen with Zinc Oxide/SPF 30+, Unscented, 8.75 Fl Oz",
        "price": "$20.04 ($2.43 / Fl Oz)",
        "listPrice": "$27.45 ($3.33 / Fl Oz)",
        "imageUrl": "https://m.media-amazon.com/images/I/41WqMYOxMNL._SL160_.jpg",
        "detailPageURL": "https://www.amazon.com/dp/B07NVV7557",
        "rating": "4.7",
        "totalReviews": "1728",
        "subtitle": "BLUE LIZARD",
        "isPrimeEligible": "1"
    },
    {
        "ASIN": "B0C9LKBDGH",
        "title": "Aveeno Calm + Restore Daily Moisturizer Mineral Sunscreen with Broad Spectrum SPF 30, Lightweight All Day Moisture + UVA/UVB Sun Protection for Sensitive Skin, Fragrance Free, 1.7 fl. Oz",
        "price": "$19.67 ($11.57 / Fl Oz)",
        "listPrice": "",
        "imageUrl": "https://m.media-amazon.com/images/I/417RjeTjcAL._SL160_.jpg",
        "detailPageURL": "https://www.amazon.com/dp/B0C9LKBDGH",
        "rating": "4.0",
        "totalReviews": "22",
        "subtitle": "Aveeno",
        "isPrimeEligible": "1"
    },
    {
        "ASIN": "B0CBK5NTP2",
        "title": "Relief Sun Sunscreen Korean Sunscreen, Sunscreen SPF50+ PA+++, Korean Rice Organic Sunscreen Skin Care Solution, Nourishing Skin Protection and UV Defense (1Pcs) (1)",
        "price": "$14.99 ($8.87 / Fl Oz)",
        "listPrice": "",
        "imageUrl": "https://m.media-amazon.com/images/I/313Fy3crzQL._SL160_.jpg",
        "detailPageURL": "https://www.amazon.com/dp/B0CBK5NTP2",
        "rating": "3.0",
        "totalReviews": "22",
        "subtitle": "ProCover",
        "isPrimeEligible": "1"
    },
    {
        "ASIN": "B00J5KDCO2",
        "title": "EltaMD UV Daily Tinted Sunscreen with Zinc Oxide, SPF 40 Face Sunscreen Moisturizer, Helps Hydrate Skin and Decrease Wrinkles, Lightweight Face Sunscreen, Absorbs Into Skin Quickly, 1.7 oz Pump",
        "price": "$38.00 ($22.35 / Ounce)",
        "listPrice": "",
        "imageUrl": "https://m.media-amazon.com/images/I/41nKvHqSZBL._SL160_.jpg",
        "detailPageURL": "https://www.amazon.com/dp/B00J5KDCO2",
        "rating": "4.6",
        "totalReviews": "19383",
        "subtitle": "",
        "isPrimeEligible": "1"
    },
    {
        "ASIN": "B08Q33Q8BK",
        "title": "Banana Boat Light As Air, Broad Spectrum Sunscreen Spray 6oz. SPF 50 , 2 Count (Pack of 1)",
        "price": "$13.99 ($1.17 / Ounce)",
        "listPrice": "$28.98 ($2.42 / Ounce)",
        "imageUrl": "https://m.media-amazon.com/images/I/51eVN9wQB4L._SL160_.jpg",
        "detailPageURL": "https://www.amazon.com/dp/B08Q33Q8BK",
        "rating": "4.7",
        "totalReviews": "870",
        "subtitle": "Banana Boat",
        "isPrimeEligible": "1"
    },
    {
        "ASIN": "B007EUSL5U",
        "title": "La Roche-Posay Anthelios Ultra-Light Sunscreen Lotion Spray Broad Spectrum SPF 60, Alcohol-Free, Oil-Free, Water Resistant, 5 Fl. Oz.",
        "price": "$26.99 ($5.40 / Ounce)",
        "listPrice": "",
        "imageUrl": "https://m.media-amazon.com/images/I/31X9tkmj5mL._SL160_.jpg",
        "detailPageURL": "https://www.amazon.com/dp/B007EUSL5U",
        "rating": "4.4",
        "totalReviews": "2444",
        "subtitle": "",
        "isPrimeEligible": "1"
    }
]